3484 4256
449 153 777 227 Liebele
279 143 1429 267 5. L-1 box 10/3
730 752 1538 828 Berliner Börsen=Zeitung Nr. 59.
1623 853 2564 942 mehr Leben gegeben. Die Scenerie entbehrte jeder
532 859 662 933 einen
658 861 1616 927 ergeben, so hätte das Schicksal trotz allem bösen
530 916 659 970 cher¬
1629 916 2556 963 Stimmung: Das Schillertheater (Parquet: 1 Mk.!)
666 915 1608 967 Willen sie nicht Herrn Sidney Masters finden lassen.
1617 949 2554 1007 hat im vorigen Jahre dem Kleistschen Lustspiel
553 962 659 1012 sein
671 961 1612 1001 Denn sie trafen sich in einem vegetarischen Speisehaus
1620 987 2562 1042 ein Interieur geschaffen, das nach einem Genrestück
563 1001 661 1052 it zu
663 1000 1611 1051 in Oxfordstreet und ließen die Behauptung der
1625 1031 2567 1079 der Niederländischen Schule copirt zu sein schien.
568 1035 662 1088 im
669 1038 1610 1083 Verfechter der Pflanzenkost, daß die letztere den
1615 1074 2524 1137 Auch hat man dort den Kleist nicht so grausom ge
526 1072 660 1139 aben.
668 1077 1612 1128 Menschen ruhig und überlegt mache und den
1625 1111 2576 1155 kürzt und ein flotteres Tempo genommen. — Die
549 1119 649 1166 ab¬
659 1123 1610 1169 Flammen der Leidenschaft keine Nahrung zuführe,
1612 1144 2570 1220 Zusammenkoppelung: „Zerbrochener Krug“ und
529 1151 658 1223 ilung
670 1163 1614 1214 gründlich zu Schanden werden. Er stellte sich bei der
1617 1175 2570 1260 „Liebelei“ zeugt übrigens nicht von einem sehr wähle¬
674 1196 1609 1238 Bohnensuppe selbst vor und war beim Grünkohl bis
1625 1232 1960 1302 rischen Geschmack!
668 1230 1614 1298 in die Ohren in sie verliebt. Er sagte, daß er Jung¬
2328 1260 2503 1327 P. Ln.
671 1278 1619 1323 geselle sei und bei einer ebenso alten wie reichen, also
537 1272 656 1355 ine¬
660 1308 1616 1364 doppelt verehrungswürdigen Tante lebe, und sie im
1710 1299 2567 1389 Im Lessing=Theater wird „Comtesse Guckerl“
674 1339 1611 1407 festen Vertrauen darauf, daß Pflanzenkost den Menschen
1630 1367 2569 1421 am nächsten Sonntag als Nachmittags=Vorstellung
537 1369 656 1421 ittels
668 1404 1602 1446 nicht nur körperlich, sondern auch sittlich gesund er¬
529 1412 659 1474 ends
1614 1407 2570 1461 zu ermäßigten Preisen zur Aufführung gelangen. Der
678 1431 1617 1480 halte, glaubte Alles, selbst die alte reiche Tante, die
1615 1446 2559 1502 Vorverkauf für diese Vorstellung findet ohne Berech¬
666 1468 1614 1518 bekanntlich nie existirt, sondern nur ein Fabelwesen ist.
1621 1481 2562 1557 nung von Vormerkgebühren täglich an der Vormittags¬
530 1456 657 1556 Nier
662 1515 1613 1562 Das war im August, und schon im September machte
1624 1530 1838 1596 kasse statt.
678 1553 1612 1594 er seinen formellen Antrag, den er durch einen hübschen
1709 1569 2562 1629 Im Friedrich=Wilhelmstädtischen Theater
520 1564 666 1641 ir die
665 1592 1621 1635 Brillantring unterstützte. Letzterer vermochte zwar nicht
1616 1623 2569 1672 hat „Der Hungerleider“ bis jetzt sters volle Häuser
538 1628 666 1683 iner
676 1628 1608 1675 die Zufriedenheit von Frl. Hutley, genannt Lutina, zu
1614 1662 2567 1712 erzielt. Für Herrn Hamm, den Darsteller der Titel¬
528 1668 662 1720 därti¬
672 1668 1604 1719 erringen, da sie von einem veritablen Verlobungsring
1623 1689 2574 1747 rolle, haben die Autoren ein neues Couplet geschaffen,
665 1711 1616 1749 voraussetzte, daß die Steine in Form zweier Herzen
523 1707 659 1760 Bild¬
1624 1735 2577 1807 das Herr Han n in der morgenden Vorstellung zum
672 1748 1614 1805 angeordnet seien. Eine bange Ahnung sagte ihr,
533 1749 670 1800 ligen.
1622 1778 2091 1852 ersten Maie singen wird.
680 1781 1614 1834 daß man mit einem Ring, wie dem von Masters ge¬
682 1830 1614 1870 schenkten, sich zwar verloben, aber nimmermehr ver¬
533 1827 661 1877 uppe:
1717 1832 2567 1886 Im Central=Theater hat gestern bei voll¬
669 1862 1615 1908 heirathen könne. Da er aber in Zukunft durch andere
547 1866 672 1924 chauß
1635 1871 2576 1927 ständig ausverkauftem Hause die 150. Aufführung der
669 1901 1615 1947 angemessene Geschenke den Beweis zu erbringen ver¬
1632 1920 2567 1971 Repertoireposse „Eine tolle Nacht“ stattgefunden. Das
578 1944 1611 2001 ette, suchte, daß er sie und ihre Vorzüge zu würdigen wisse,
1624 1965 2561 2014 Publicum bereitete dem Director, den Darstellern, den
634 1985 1617 2037 = beruhigten sich ihre Bedenken und — es ging, wie es
1618 1994 2578 2057 Antoren und dem Capellmeister Ovationen in Hülle
664 2020 1608 2076 in solchen Fällen recht häufig zu gehen pflegt. Veie
1625 2039 1836 2105 und Fülle.
678 2060 1610 2113 sie dann eines Tages krank darniederlag, besuchte er
1734 2075 2563 2143 Die Andrausche Vandeville=Posse „Madame
672 2099 1620 2144 sie theilnahmsvoll und da er ihre Ringe auf ihrem
1622 2131 2573 2187 Suzette“ begeht am Freitag im Adolph Ernst¬
669 2143 1603 2198 Nachtkasten unbehütet sah, nahm er sie an sich und —
1616 2177 2419 2247 Theater das Jubiläum der 75. Aufführung.
676 2176 1615 2235 versetzte sie für 50 Pfd. Sterl. Die arme Miß Hutley
671 2218 1620 2271 sollte nicht nur ihr Herz, sondern auch ihr Ge¬
535 2217 673 2285 hnen:
1720 2207 2580 2280 Hans Oldens neues fünfactiges Schauspiel
674 2261 1620 2318 schmeide für immer einbüßen. Nach einiger Zeit
556 2263 669 2315 von
1621 2275 2562 2322 „Helene“ ist von Herrn Intendanten Prasch für das
552 2294 668 2349 eine
666 2299 1617 2354 erhielt sie einen Brief von Masters, worin er für
1626 2315 2577 2375 Berliner Theater, sowie von Herrn Angelo Neumann
663 2339 1623 2396 immer Lebewohl sagte, da er nach Afrika ginge; denn
525 2331 670 2397 inder.
1633 2351 2575 2412 für das Deutsche Landes=Theater in Prag zur Auf¬
666 2373 1620 2429 er habe eingesehen, daß sie beide mit einander
526 2378 667 2431 nden.
669 2421 1608 2470 nicht glücklich werden könnten. Wie sie das las,
542 2420 662 2472 malt,
1713 2437 2566 2508 Das Philharmonische Orchester veranstaltet
532 2459 667 2508 ngel¬
671 2454 1617 2506 fiel sie in Ohnmacht und zwar, obwohl sie in der
549 2495 667 2562 Bild
673 2493 1614 2537 Provinz erste Rolle spielte, in eine echte oder doch so
1619 2477 2565 2540 heute einen Beethoven=Abend. Zur Aufführung ge¬
1613 2529 2569 2594 langen: Pastorale, Sinfonie D-dur, Serenade für
565 2534 670 2587 ein
673 2545 1612 2586 naturalistisch gespielte, daß sie sich einen Arm und ein
1618 2566 2562 2622 Violine, Bratsche und Cello, Ouverturen „Coriolan“
561 2579 669 2628 un¬
663 2590 1619 2638 Bein brach und neun Monate im Spital liegen mußte.
1616 2611 2447 2671 und „Fidelio“, Fuge aus dem C-dur-Quartett.
674 2613 1616 2665 Als sie wieder hergestellt war, forschte sie ein wenig
530 2605 671 2680 Lusch¬
674 2653 1622 2712 nach dem Verbleib des Treulosen und erfuhr, daß er
1706 2664 2563 2732 Heute Abend 7½ Uhr findet im Saal Bech¬
670 2695 1616 2744 in Chiswick lebe, verheirathet und Vater von vier
525 2702 671 2769 ings¬
1624 2706 2570 2767 stein das Concert von Helene Opitz und Didric.
678 2732 1614 2784 Kindern sei. Von einer alten reichen Tante war weit
551 2753 662 2802 tritt
1623 2758 2572 2802 Ostemann und in der Singakademie, 8 Uhr, der
671 2778 1610 2823 und breit keine Spur. Da griff sie zur letzten Zuflucht
563 2793 664 2839 dem
1623 2802 2578 2859 Liederabend von Edith Bagg unte Mitwirkung von
678 2814 1610 2858 getäuschter Herzen, sie brachte die Klage wegen Bruchs
530 2824 665 2885 bräu,
1620 2841 2260 2910 Walther Bachmann, Pianist, statt.
676 2852 1615 2902 des Eheversprechens ein. Sie erzählte dem aufmerk¬
673 2892 1623 2948 sam lauschenden Richter den Roman ihres Herzens in
531 2913 667 2959 ürdig
1712 2891 2567 2952 Im Verlage von Karl Köhler (Charlottenburg)
673 2933 1624 2977 epischer Breite, ohne dabei langweilig zu werden, und
524 2950 663 3007 d des
1631 2947 2563 2988 hat der als Componist flotter Tänze und Chansons
681 2968 1606 3018 brachte als Zeugen nun ihren Arzt und den Brief
525 2989 662 3044 s be¬
1624 2981 2572 3039 hier schon seit längerer Zeit vortheilhaft bekannte Capell¬
668 3012 1619 3073 mit, in dem Masters ihr blutenden Herzens Lebewohl
1620 3020 2572 3077 unister des Apollo=Theaters, Herr Paul Lincke, einen
684 3053 1611 3097 sagt, weil er sich ihrer nicht würdig fühle. Das
1616 3067 2569 3122 Venus=Walzer, eine Polka (die „Polka=Freun¬
685 3083 1610 3149 genügte dem Richter und er sprach ihr eine Ent¬
1616 3095 2567 3156 din“ betitelt) und einen Apollo=Marsch erscheinen
681 3116 1219 3194 schädigung von 8000 Mk. zu.
1630 3133 2576 3192 lassen. Alle drei Compositionen können in ihrer
535 3159 670 3232 oceß
1626 3175 2577 3230 frischen, ungesuchten Melodik als eine angenehme Be¬
543 3220 685 3276 slau
1629 3223 2575 3275 reicherung des modernen Tanz=Repertoirs gelten und
527 3254 673 3309 weiter
1625 3256 2573 3306 werden daher unserer clavierspielenden Welt eine will¬
832 3248 1460 3332 Kunst und Wissenschaft.
1630 3296 2569 3353 kommene Beute sein. Ein ganz besonders glücklichen
769 3302 1610 3361 Deutsches Theater. Dienstag, den 4. Fe¬
1625 3340 2564 3388 Wurf hat Herr Lincke mit der obigen Polka gethan,
536 3339 665 3387 hatte
1578 3351 1625 3399 4
675 3358 1612 3407 bruar. Neu einstudirt: „Der zerbrochene Krug.
524 3375 670 3427 ischen
1624 3380 2575 3440 in deren kecken Rhythmen in der That Straußisches
666 3400 1610 3455 Lustspiel in einem Aufzuge von Heinrich v. Kleist.
527 3416 675 3472 1858)
1624 3419 2072 3486 Blut zu pulsiren scheint.
749 3440 1620 3489 Hierauf zum ersten Male: „Liebelei“. Schau¬
522 3458 673 3506 neral¬
1699 3453 2561 3533 — In der Jannar=Sitzung des Vereins der Musik¬
682 3480 1621 3547 spiel in drei Acten von Arthur Schnitzler. Regie:
527 3497 666 3554 Neisse,
676 3517 1001 3583 Herr Hachmann.
1624 3512 2577 3561 lehrer und Lehrerinnen zu Berlin behandelte Herr
536 3541 675 3591 ingen.
1631 3556 2567 3603 William Wolf in einem ausführlichen Vortrag ein bei
712 3540 1614 3615 Nach schweren Niederlagen endlich wieder ein Sieg
516 3572 662 3638 e Ehe¬
1627 3596 2562 3641 früherer Gelegenheit schon kurz von ihm besprochenes
677 3577 1612 3658 im Deutschen Theater, und ein großer und ehrlich ge¬
534 3615 665 3664 ultate
1629 3637 2568 3682 Thema: Eine Umarbeitung des Textes der
673 3634 1615 3689 wonnener Sieg! Nach jedem Act rief einstimmiger
517 3650 670 3714 Frafen
1625 3676 2575 3728 „Zauberflöte“ deren Plan er entworfen und zum
684 3677 1614 3726 Beifall, den kein Mißton störte, den stattlichen
526 3698 669 3745 # von
1623 3711 2572 3762 Theil ausgeführt hat. Hr. W. führte zunächst die
681 3710 1608 3761 blonden Mann vor die Rampe, der das tragische
512 3717 667 3786 üheren
1624 3753 2570 3806 Gründe aus, die eine solche Umarbeitung dringend er¬
680 3743 1615 3806 Idyll geschrieben, in dem das Ewig=Menschliche
521 3774 661 3827 jungs¬
1632 3792 2566 3844 wünscht machen. Diese Gründe drängen sich fast
677 3795 1611 3848 eine so rührende Sprache spricht. Nächst der „Ju¬
538 3812 666 3862 that¬
1619 3829 2574 3890 jedem Hörer auf, sie werden aber durch die einge¬
680 3828 1616 3886 gend“ hat die moderne Literatur nichts gleich Lieberes
529 3850 675 3903 klagte
1632 3860 2576 3920 wurzelte Gewohnheit verschleiert und bei einem
669 3872 1624 3921 und Ergreifenderes geschrieben, und gleicher Stim¬
529 3892 665 3941 ohnes
676 3917 2570 3969 mungszauber in Gewitterschwüle durchwebt die Scenen, Theil des Publicums, nämlich bei den Frei¬
523 3930 668 3983 ig der
683 3934 1624 4000 da die alte und ewig neue Tragödie vom „Verhältniß“
1623 3955 2541 4002 maurern, auch dadurch abgeschwächt, daß sie in
525 3967 673 4028 1887,
1612 3983 2568 4027 der „Zauberflöte“ ein der Freimaurerei gewidmetes
679 3987 1618 4044 sich abspielt. Und da sich von diesem Schauspiel, das in
520 4002 663 4060 wand,
1628 4026 2569 4078 Heiligthum verehren und daher auch die Einzelheiten
689 4028 1621 4073 seinem Geure fast vollendet dasteht, noch Einiges mehr re¬
525 4044 671 4098 ber in
1623 4068 2566 4107 des Textes, selbst die fehlerhaftesten, lieb gewonnen
679 4060 1614 4112 den läßt, was man füglich um die mitternächtige Stunde
513 4088 668 4136 gegen¬
678 4110 1617 4145 nicht so rasch sagen kann, so möchte ich das morgen thun.
1622 4106 2556 4141 haben. Die großen und bei der Herrlichkeit des musi¬
