3392 4320
381 251 737 330 Liebele
877 251 1348 346 box 11/5
229 261 784 373 5. S
1026 902 1404 983 Telephon 12.801.
1023 992 1216 1065 Da
522 1009 1131 1116 „ODSEIVEN
304 1110 1394 1172 l. öeterr. behördl. konz. Unternehmen für Zeitungs-Aussohnltte
444 1148 1273 1259 Wien, I., Concordiaplatz 4.
634 1242 1059 1311 Vertretungen
304 1289 1386 1368 in Berlin, Budapest, Chicago, Christiania, Genf, Kopen¬
296 1335 1388 1425 hagen, London, Madrid, Mailand, Minneapolis, New-Vork,
343 1375 1358 1452 Paris, Rom, San Francisco, Stockholm, St. Petersburg.
632 1421 1048 1484 (Quelienangabe ohne Gewähs).
294 1456 662 1531 Ausschnitt aus:
415 1518 1434 1632 15.398.1910 Arbeiter Zeitung. Wiss
285 1563 428 1623 vom:
514 1700 1251 1807 Theater und Kunst.
408 1781 1466 1870 Burgtheater. Gestern spielten in Schufmlens.—
317 1857 1441 1922 „Liebelei“ zum erstenmal Fräulein Hofteufel die
304 1889 1441 1958 Mizzi und Herr Balajthy den alten Weiring. Fräulein
310 1945 1434 2009 Hofteufel errang einen ganzen Erfolg. Sie ist das fesche Wiener
307 1988 1442 2052 Mädel, das nicht viel denkt, nicht tief fühlt, lustig leben will
308 2034 1450 2090 und dabei voll Schick und Feuer ist. Natürlich hat sie auch viel
311 2075 1439 2157 Gutmütigkeit. Ohne Illusionen, geht sie das Leben resch an, ist
301 2133 1456 2193 weltläufig von Geburt aus, ein reizendes Wesen, dazu geschaffen,
304 2166 1445 2230 zu genießen und genossen zu werden. Fräulein Hosteusel blieb der
297 2220 1444 2293 Gestalt nichts schuldig. Der alte Weiring gelang Herrn Balajthy
302 2278 1430 2319 nicht so gut wie der Fuhrmann Henschel. Auch dieser ist
297 2308 1434 2366 ein guter und innerlich nicht unfeiner Mensch, aber
300 2367 1440 2440 alles an ihm wird doch durch große äußerliche
294 2408 1438 2487 Derbheit gedeckt. Der alte Weiring aber hat das Leben hinter
298 2458 1440 2510 sich, ein Leben, einfach zwar, aber wie jedes Leben mit
294 2509 1439 2557 Erfahrungen. Er ist ein alter und guter Mann geworden.
521 2593 1162 2635 —
368 2627 1521 2691 Seine Güte entspringt nicht nur aus dem Herzen, sie ist auck
364 2680 1521 2743 ein Ergebnis erworbener Weisheit. Ein feiner Musikus, hat
374 2722 1528 2773 ihm nicht nur seine Geige geklungen, sein inneres Ohr hört
360 2773 1527 2818 den leisen Weltklang, in dem alles Einheit wird, in dem das
365 2819 1528 2881 große Weltverstehen in einen einzigen Akkord zusammentönt.
372 2870 1528 2931 Er ist durchflutet von innerer Wärme, die wir bei Herrn
358 2920 1528 2973 Balajthys Darstellung nicht spürten. Sie läßt kalt, Und in
360 2965 1530 3010 dem Stücke ist Weiring keine Nebenperson. Eines solchen Vaters
357 3015 1518 3070 Kinde glauben wir die seelische Vertiefung und innere Leiden¬
366 3054 1412 3126 schaftlichkeit. — Im übrigen eine prächtige Vorstellung
1934 967 3037 1047 Gent, Kopenhagen, Londen, Madrid, Mailand, Minneapolis,
1916 1020 3041 1073 New-Vork, Paris, Rom, San Francisco, Stockholm, St. Peters¬
2325 1057 2640 1117 burg, Toronto.
2252 1090 2714 1168 (üncsienangabe ehne Gewäh).
1913 1151 2305 1224 Ausschnitt aus:
2105 1199 3069 1318 15 g. 19103083 Wiener Tagsia.
1923 1278 2069 1336 vom:
2033 1486 2961 1599 Burgtheater. Das war gestern ein schöner
1925 1540 2963 1628 wienerischer Abend, dem Dichter der „Liebelei“ zu Ehren
1930 1600 2948 1689 und seinem Werke, das in mehrfache Neubesetzung gegeben
1926 1634 2959 1739 wurde. In den letzten Jahren hat man besonders in Berlin
1924 1682 2965 1784 dieses Stück liebgewonnen, dem so angenehm melodisch
1922 1743 2961 1848 Wiener Luft entströmt und in welchem an Stelle des voll¬
1940 1846 2271 1903 —
2683 1839 2995 1916 —
1942 1885 2969 1980 tönenden „Ich liebe dich“ das unenblich weichere
1942 1948 2961 2029 Diminutivhekenntnis: „Ich hab' dich lieb'“ getreten ist.
1935 1990 2957 2052 Ehe wir von den Neubesetzungen sprechen, müssen wir
1945 2050 2959 2109 zuerst der Frau Medelsky und ihrer Christine den
1947 2085 2959 2135 Zoll des Respektes darbringen, die, ohne die Intentionen
1940 2135 2948 2199 des Dichters zu verletzen, ihre Rolle aus der Wiener Vor¬
1936 2172 2950 2246 stadtsphäre auf die unbegrenzte Bühne der Weltliteratur
1932 2230 2958 2293 stellt, in der süßen Demut, in der tiefen, die Schleier der
1935 2275 2952 2323 Sitte zerreißenden Empfindung, in der ungebändigten
1933 2312 2963 2381 Leidenschaft der Verzweiflung. Fräulein Hoftenfel
1938 2362 2947 2430 ließ der Mitzi Schlager, was dieses typische und ver¬
1942 2406 2949 2482 ständnisvolle unter den süßen Mädeln vom Autor schon
1938 2458 2954 2527 hat: Temperament, Tonart, Schick, Dialekt, ein gutes
1925 2497 2954 2585 Herz und ein resches Mundwerk. Ihr Parfüm war der
1927 2551 2954 2617 Erdgeruch vom Grunde. Ein Prämium für ein neues
1926 2592 2945 2669 Wort zur Würdigung des Herrn Balajthy — er war
1928 2639 2955 2714 schlicht, natüüich rührend und als ebenso innig wie
1918 2694 2949 2763 angstvoll beschwörender Vater von einer erschütternden,
1917 2734 2946 2808 zarten Sorge um sein Liebstes, ein hilfloser Zeuge des
1918 2786 2950 2853 Jammers. Er spricht den alten Musikus, richtiger= und
1924 2832 2957 2915 logischerweise nur im gedämpften Dialekt, in der Sprache
1912 2888 2949 2924 eines alten Professors etwa, der die Mundart verhoch¬
1922 2925 2940 2980 deutscht, und das wirkt in diesem Falle um so natürlicher.
1918 2971 2944 3042 Liebenswürdig spielten die Herren Korff und
1919 3023 2943 3085 Treßler das Par nobile der Lebensjünglinge. Herr
1918 3054 2944 3131 Korff den eleganten, herzigen und weichherzigen Wiener
1905 3115 2942 3156 Buben, den ein Zufallsschicksal auslöscht, und Herr
1913 3157 2940 3245 Treßler seinen forschen Genossen, dem er auf überraschend
1910 3191 2934 3270 gute Manier wienerisch beizukommen suchte. Herr
1915 3253 2944 3318 Devrient in der Rolle des Ungenannten der wie ein
1917 3287 2948 3355 schneidiger Windstoß in die lustige Bude fährt, gab dieses,
1908 3342 2517 3411 Stück Fatum eisig und vehement.
2006 3381 2487 3459 *Waroen Gam#. G.
