3436 4224
264 188 428 277 5.
426 183 842 253 Liebelei
975 182 1385 267 box 12/1
1194 1097 1574 1185 Telephon 12.801.
637 1247 1395 1330 „ODOENVER
481 1340 1572 1397 1. österr. beh. konz. Unternehmen für Zeitungs¬
681 1371 1359 1435 Ausschnitte und Bibliographie.
657 1421 1424 1498 Wien, I., Concordiaplatz 4.
884 1504 1203 1560 Vertretungen
476 1537 1584 1601 in Berlin, Brüssel, Budapest, Chicago, Cleveland, Christiania,
474 1591 1580 1626 Genf, Kopenhagen, London, Madrid, Mailand, Minneapolis,
472 1630 1580 1694 New-Vork, Paris, Rom, San Francisco, Stockholm, St. Peters¬
877 1664 1178 1716 burg, Toronto.
834 1701 1224 1759 (Quellenangabe ohne Gewähr.)
474 1743 1408 1835 Ausschnitt aadlgemeine Must#-Heisal
1014 1814 1227 1901 Berlin
489 1835 863 1932 vom, 4.00l 1911
476 1956 1587 2034 1der Berliner Komischen Oper ging Neumann-Schnitzlers.
373 2029 1579 2076 „Liebelei“ mit dem üblichen lauten Beifall in Szeuc.Eine Alltags¬
370 2053 1578 2108 geschichte, ein dramatisierter Novellenstoff in musikalischer
377 2109 1592 2150 Einkleidung. Man kann sich wohl kaum vorstellen, wic ein
367 2140 1579 2181 Musiker den Dreiakter Schnitzlers ohne Aenderungen durch¬
358 2179 1584 2258 jkomponieren kann. Nirgends bieten sich größere Ruhepunkte,
377 2219 1579 2276 die die Musik verinnerlichen könnte, nirgends poctische Mo¬
369 2257 1583 2318 mente. Alles fließt in sehnellem, unterhaltendem Planderton
375 2307 1592 2361 dahine Der Dialog ist realistisch angefaßt und das ganze Stück
374 2343 1579 2390 auf eine schnelle Szenenfolge gestellt. Durch die Musik ver¬
376 2372 1589 2430 liert das Werk jede dramatische Kraft. Die Musik hält die
384 2414 1291 2458 Handlung auf, sie verschleppt und verzögert.
456 2442 1601 2501 Der Frankfurter Kapellmeister Franz Neumann hatf
384 2495 1597 2539 sich über diese Bedenken leicht hinweggesetzt. Er schricht
389 2525 1598 2594 einfach eine begleitende Musik; eine schwache Illustration 2n
384 2573 1607 2635 dem Teat. Der ganze Dialog wurde in ein endloses Rezitati##
382 2607 1589 2667 umgewandelt. Ein Parlandostil, der auf die Dauer unerträg¬
382 2665 1605 2705 lich wirkt. Ein verwässerter Puccini. Die wenigen Motive.
376 2683 1600 2745 die Neumann als leitende „Gedanken“ verwertet, sollen den
378 2725 1591 2780 Wiener Lokalton treffen, zeigen aber doch nur ein allzu be¬
381 2772 1598 2823 kanntes Gesicht. Die Einleitung zum dritten Akt ist für das
383 2813 1593 2858 ganze Werk bezeichnend. Eine Musik, die sich einen großen
389 2846 1604 2895 Anstrich geben will, und doch nur kümmerliche Themen dürf¬
387 2883 1605 2930 tig hin und her verarbeitet. Direktor Gregor hatte sich mit
384 2921 1603 2972 der Einstudierung — die Oper war die letzte, die er in Berlin
375 2964 1593 3008 in Szene gesetzt hat — viel Mühe gegeben. Man sah hübsche
383 3003 1602 3055 Bühnenbilder und fühlte eine sorgsame Regie, die allerdings
386 3042 1597 3092 einige Nebendinge zu stark betonte und durch unkünstlerische
389 3091 1595 3140 Effekte die Gesamtwirkung schwächte. In der Besetzung ver¬
381 3123 1599 3172 dienen Maria Labia (Christine). J. Nadolowitsch
377 3164 1603 3222 (Fritz) und R. Wissiak (Theodor) volles Lob. Sicht man
379 3205 1600 3254 von den gesanglichen Leistungen ab, dann konnte man sich
375 3239 1602 3294 auch über die flotte Darstellung der Nebenrollen (Desidor
385 3279 1608 3338 Zador und Susanne Bustrich) freuen. Der Oper wird
374 3323 1604 3371 aber trotz der aufgewandten Mühe kein längeres Leben be¬
927 3365 1585 3409 Dr. Georg Schünemanm¬“
392 3365 722 3439 schiedey sein.
2682 852 3070 945 Telephon 12.801.
2118 994 2884 1088 „ODOENVEN
1961 1075 3050 1140 1. österr. beh. konz. Unternehmen für Zeitungs¬
2168 1123 2853 1191 Ausschnitte und Bibliographie.
2141 1166 2904 1265 Wien, I., Concordiaplatz 4.
2353 1234 2671 1311 Vertretungen
1964 1279 3049 1360 in Berlin, Brüssel, Budapest, Chicago, Cleveland, Christiania,
1966 1333 3058 1397 Genf, Kopenhagen, London, Madrid, Mailand, Minneapolis,
1970 1357 3046 1451 New-Vork, Paris, Rom, San Francisco, Stockholm, St. Peters¬
2355 1408 2655 1464 burg, Toronto.
2316 1455 2711 1509 (Anellenangabe ohne Gewähr.)
1954 1497 2349 1579 Ausschnitt ausg.
2365 1534 2985 1625 e Gegenwart. Wertin
1950 1585 2419 1668 vom: 48.AR.1911
1841 1711 2391 1781 Komische Oper zu Berlin.
1933 1752 2963 1814 Franz Neumann: Liebelei. Oper in drei Akten.
1855 1797 2586 1858 Dichtung von Arthur Schnitzler.
1943 1837 2962 1886 Wenn man will, kann man den „Fall“ „Liebelei“ als
1859 1875 2973 1919 Gegenstück zu dem „Fall" „Königskinder“ betrachten.
1866 1926 2969 1972 Hier wie dort glaubte ein Komponist den Stimmungs¬
1859 1960 2967 2008 gehalt eines Schauspielers vertieft musikalisch festbannen
1849 2001 2976 2045 zu können oder auch zu müssen, indem er die nur leise
1856 2035 2963 2084 mitschwingende seelische Musik gleichsam ins Körperliche
1856 2079 2963 2121 herausbrutalisierte; nur daß natürlich „Königskinder“ eine
1856 2114 2954 2180 direkt melodramatische Unterlage darbot, während Arthur
1845 2188 2952 2258 Schnitzlers vor einem Jahrzehnt ungeheuer populär ge¬
1853 2230 2962 2286 wesene Tragödie der aufknospenden und schon welkenden
1857 2269 2955 2330 Mädchenliebe fürwahr keine Opernmusik duldet. Nun hat
1858 2308 2960 2369 sich ja der Komponist, Franz Neumann, zumal im ersten,
1858 2369 2961 2406 genrehaften, wienerisch=tändelnden Akt, in diesem Akt,
1862 2396 2965 2457 der die heitere Exposition zu dem bitteren Enttäuschungs¬
1860 2423 2967 2485 drama der beiden folgenden Aufzüge bildet, nach Kräften
1851 2474 2966 2521 bemüht, nur im leichten Konversationstan die Szene zu
1851 2509 2958 2567 umtönen und ihren prickelnden Junsleutezauber zu
1864 2551 2965 2597 treffen; aber schon hier kommt bei ### Stelle, wo „der
1865 2579 2966 2635 Gatte“ von Fritz Rechenschaft fordert, aus hohle halbecht¬
1866 2624 2960 2685 Opernpathos italienischen Stiles zum Durchbruch, des
1866 2680 2978 2727 sich in den übrigen Aufzügen, namentlich aber in dem
1868 2696 2969 2755 aufdringlich trauermarschmäßigen Vorspiel zum Schlußakt
1865 2734 2969 2812 zum direkten Verismo=Pathos auswächst. Mir ist es
1860 2797 2981 2839 ganz unfaßlich, wie ein Künstler und Poet von der Be¬
1861 2820 2971 2903 deutung Artyur Schnitzlers sein Schauspiel teilweise
1862 2864 2963 2913 wörtlich einem Komponisten überlassen mochte, der sich
1869 2907 2972 2958 denn doch wohl nicht anmaßen möchte, mit einem Richard
1870 2937 2967 2995 Strauß in die Schranken zu treten. Was mir das Stil¬
1864 2977 2967 3032 widrigste an dieser Oper Neumanns zu sein scheint, das
1974 3015 2967 3073 abgesehen von dem ganz vortrefflich charakterisierten
1869 3034 1978 3085 ist —
1860 3070 2965 3111 und flüssig hingeworfenen ersten Akt — die Entwienerung,
1866 3102 2967 3159 die durch Neumanns Pathos=Musik Schnitzlers wienerisches
1874 3136 2977 3192 Schauspiel erjahren hat. Aus dem bleichen, schwärmerischen
1872 3172 2975 3239 Wiener Nähmadel Christine ist bei Neumann eine Prima¬
1876 3213 2970 3271 donna (Maria Labia) geworden, und wenn auch dadurch
1872 3256 2980 3306 die Tragik dieses Liebelei=Opfers äußerlich bühnenwirk¬
1873 3295 2979 3346 samer wird, so hat doch diese rührende Gestalt (die
1874 3338 2974 3388 übrigens von der Labia mit vollster innerer Leidenschaft
1868 3375 2973 3432 gespielt wurde) auf diese Weise ihren süßen wienerischen
2571 3413 2976 3460 Rein technisch kann
1868 3418 2514 3477 Mädchenduft schroff abgestreift. —
1875 3451 2976 3507 Neumann übrigens nicht wenig, und einen feinkomischen
1866 3493 2978 3545 Opernstoff dürfte er hübsch beherrschen. Nicht genug zu
1869 3532 2984 3590 rühmen ist die Inszenierung, Direktor Gregors Berliner
1873 3584 2984 3622 Abschieds=Meisterstuck und die musikalische Leitung durch
1881 3619 2988 3668 Herrn v. Reznizek, den noch immer nicht wieder auf¬
1875 3649 2922 3703 geführten Komponisten der köstlichen „Donna Diana“.
2541 3687 2993 3737 Anthur Neisser. —
