3344 4256
417 197 762 269 Tebelei
216 197 877 303 5. 1
916 196 1344 275 box 11/2
1797 340 2072 404 THE SU
1979 394 2020 435 —
1387 441 2145 546 SCHNTTZLER'S PLIEBELEI.
1397 588 2171 654 AN ABLE VIENNESE TRAGEDT
1457 636 2098 707 CALLED“THE RECKONING.“
1393 726 2169 802 Best and Most Serlous Work of the
1476 770 2172 838 Authör of“Sauper d’Adien“ —Polgnant
1459 817 2172 870 Pathos Centreing in the Malden Who
1464 855 2187 914 Loves Too Well—Albert Bruning Pleases
1427 911 2180 983 Arthur Schnitzler, the leader of modern
1407 951 2177 1017 playwrights in Vienna, whom Fohgotte
1400 1002 2189 1048 Wiehe made known to us ###o years ägo at
1923 1030 2188 1076 in his farcical
1405 1041 1855 1092 the Berkelev Lyceum Th.
1923 1064 2178 1121 atethe same
1416 1079 1863 1133 Souper d’Adieu, was
1408 1108 2187 1169 house last night in bis best mest serious
1404 1151 2184 1203 piece, Liebelei.“ Which in English is called
1422 1185 2180 1238 The Reckoning.“ Both plays are intensely
1407 1227 2185 1290 Viennese, centring in thie amours of easy,
1408 1263 2191 1328 careless youth—"Das Süsse Mad’l.“ But
1413 1300 2185 1357 where the former piece deliciously mocks
1406 1341 2182 1402 their sham heroics, this one lays bare with
1405 1387 2181 1446 fmely poignant art the tragedy that may
1410 1434 1748 1483 lie beneath them.
1443 1444 2195 1509 The thematic centre of the play last night
1412 1497 2191 1554 was an old musician of humble fortune.
1416 1534 2200 1595 Unable to provide a marriage portion for
1411 1576 2200 1636 his sister, he had guarded her with jealous
1415 1619 2194 1674 care, had seen her grow old in virtuous
1419 1647 2196 1721 spinsterhood by his side, and finally die
1423 1695 2213 1757 having never known the joy of youth and
1418 1735 2197 1794 love. The title of her fate might have
1420 1768 2188 1829 been'No Viennese Waltz Musio for Her.“
1419 1801 2207 1869 Saddened in his sensuously poetic old heart,
1424 1843 2212 1906 he resolved to let his daughter Christine
1428 1882 2205 1944 taste the wine of life, though illicitly. It
1419 1921 2204 1973 is her“caresses' and the fate of them that
1415 1970 1872 2038 give the play the title.
1455 1995 2226 2059 Her lover is a young student whlo is just
1433 2047 2207 2100 struggling free from an affair with a mar¬
1433 2086 2214 2125 ried woman in which he sees danger ahead,
1427 2108 2206 2158 and who takes up with Christine'’s new love
1439 2135 2208 2181 before he is well off with the old. Theresult
1434 2172 2217 2233 is a duel with the husband in which the
1434 2198 2208 2258 young man is killed. Christine has a heart
1436 2241 2218 2281 above waltz music. She is sincerely and
1436 2267 2214 2327 passionately in love. Friends and relatives
1444 2296 2225 2358 have a place at the dead man's side, but.
1443 2330 2222 2374 not she. She demands to be taken to his
1442 2359 2205 2411 grave, and is told that there will be another
1445 2391 2208 2444 woman there. She goes out, none the less,
1440 2423 2217 2473 and her griefstricken father knows that
1437 2456 2134 2501 he will find her dead beside the grave.
1488 2479 2219 2540 The main ineidents of the three siender
1445 2532 2217 2571 acts—the amour, the duel and the death-are
1441 2550 2220 2597 familiar enough in the Continental drama.
1452 2597 2226 2632 What gives the play its novelty and its
1443 2615 2221 2667 character is the philosophy of the old father
1452 2648 2216 2702 and its tragie result. Hf, as seems likely,
1450 2678 2232 2744 the purpose of the present representation
1451 2715 2232 2764 is to pave the way to the regular stage it
1453 2737 2231 2797 is probably not destined to succeed. The
1443 2781 2232 2835 fate of the dowerless girl on the Continent
1451 2811 2228 2857 in general, and the frank unmorality of
1447 2840 2225 2884 this story in particular, are not likely to
1446 2871 2228 2928 find any broadly sympathetic hearing in a
1449 2903 2228 2956 puritan country. But the fundamental
1451 2931 2223 2994 theme of it all—the right tothe joyof youth
1446 2979 2224 3020 and love—is universal; and treated as it is
1456 3008 2234 3055 with fine sympathy and essential morality,
1455 3032 2232 3083 it abundantlyrewar an intelligent hearing
1488 3074 2225 3109 The present produrtion is under the
1445 3101 2234 3158 direction of Gustav von Seyffertitz, once
1451 3130 2222 3186 leading comedian and stage manager at
1450 3157 2229 3219 the Irving Place theatre, in colaboration
1455 3191 2225 3259 wich Frederick Sullivan. Except when
1457 3223 2234 3266 cramped by the narrowness of the stage
1456 3263 1944 3313 it is distinctly competent.
1497 3282 2229 3339 The acting is able if undistinguished.
1464 3317 2233 3374 Katherine Grey, as the heroine, reveals
1457 3349 2220 3400 unwonted simplicity and charm in the
1455 3376 2240 3436 earlier phases of her interpretation, and is
1461 3413 2228 3466 sincere throughout, though clearly not up
1464 3443 2236 3498 to the intense and poignant emotionalism
1471 3478 2230 3528 of the last act. As her father, George
1470 3507 2234 3563 Henry Trader gives an able technical per¬
1462 3543 2150 3605 formance, though without mellowness.
1499 3577 2232 3623 Phyllis Rankin is breezy in the part of
1467 3611 2242 3649 the more ordinary type of cocotte, and
1463 3636 2232 3690 Sarah MeVickar does a character sketch
1467 3668 2238 3728 amusingly. The young lover and his friend
1472 3704 2242 3761 are agreeably played by John Dean and
1476 3747 1794 3800 Robert Conness.
1501 3753 2239 3818 By far the best work of the evening was
1479 3796 2241 3849 done by Albert Bruning, as the wronged
1479 3845 2246 3883 husband. He appears for only a moment,
1471 3858 2244 3922 but his magnetism and latent force are
1479 3900 2246 3949 electrie and illumined the scene. Together
1486 3921 2232 3977 with his Rosedale in the ill fated House
1477 3962 2232 4009 of Mirth,“ the performance places him very
1469 4000 1903 4044 high’among our actors.
1518 4004 2237 4067 The translation, by Gräce Isabel Colbron,
1473 4060 2247 4111 is simple, easy and touched with happy
1479 4096 1696 4145 vernacular.
2381 4063 2436 4111 78
2580 227 2654 301 2-
2340 382 3165 455 TIIIES, THURSDAY, F.
2345 786 2932 867 ieu Srätee
2325 937 2925 1026 Rohrhopert
2335 1032 2604 1101 IOWS
2339 1117 2974 1271 king Powder
2340 1331 2937 1420 um etrengin,
2325 1454 2817 1524 ia Realtktar
2340 1620 2765 1690 POWDER CO., NEW VORK.
2345 1731 3133 1814 uns  THE RECKONING‘ GREAT.
2443 1825 3171 1884 Queer Little Berkeley Theatre Again
2339 1857 2427 1897 nst
2475 1867 3123 1937 the Scene of a Stage Master¬
2532 1916 3080 1983 piece of Wonderful Power.
2349 1964 2430 2009 ind
2462 1965 3163 2016 Is there nothing eise in life for a
2342 2002 2417 2052 the
2447 2005 3171 2049 young girl but that she should marry
2447 2043 3173 2086 the first young man with a steady job
2438 2076 3166 2124 who offers himself?“ asks Hans Wehring,
2349 2110 2417 2158 II1-
2433 2107 3169 2170 of Mrs. Binder, in “Liebelel.“Am I
2424 2154 3188 2195 agaln to have before my eyes another!
2430 2193 3187 2237 such as my poor sister, who I guarded so
2443 2230 3179 2279 carefully from temptation—and from hap¬
2432 2270 2611 2319 piness?“
2349 2295 2431 2342 ny
2454 2311 3213 2369 Owning a father with such ideas, it is1
2359 2333 2425 2381 m¬
2444 2361 3176 2402 not surprising to find Christine paying
2453 2394 3181 2432 vistt with her friend Mitzi to the apart¬
2449 2428 3180 2478 ments of Fritz and Teodor, enjoying a
2451 2457 3175 2518 idnight repast, drinking the “bruder¬
2441 2501 3221 2556 schaft“ and dancing a mad waltz. Tet!###
2440 2527 3179 2590 whatever Mitzl seems and probably Is,
2381 2564 2425 2598 an
2436 2568 3201 2625 poor Christine is nothing more than reck¬
2392 2598 2421 2637 16
2409 2618 3185 2669 less. She loves Teodor with a passion so
2429 2646 3187 2714 divine, so spiendidly limned, that more
2441 2687 2819 2741 would be palllated.
2451 2724 3230 2786 Teodor is not so light of heart„
2437 2762 3222 2824 as Mitzi would wish him to be.
2444 2799 3165 2841 The surety that a diabolleal husband was
3174 2818 3214 2860 „
2447 2838 3187 2892 watching from across the street the night!
2377 2869 3161 2937 er-before prompts him to pallid fear at
3170 2890 3239 2943 o
2447 2914 3175 2958 every footstep in the hall. Finally, the
2442 2958 3164 2999 fateful ring comes at the doorbell; trem¬
3177 2962 3231 3011 8
2443 2996 3161 3041 blingly he whisks the giris away, and
3173 3000 3224 3052 F
2367 3033 2441 3077 ry
2443 3023 3167 3077 then appears the physical substance of
2441 3065 3246 3128 the shadow of doom that has been hang¬st
2441 3109 3162 3149 ing over him. At first he tries to de¬
2433 3137 3158 3189 ceive himself and the other man, as to
3178 3149 3233 3190 D
2364 3177 2440 3215 nd
2443 3174 3163 3226 the meaning of the call, but the husband
2444 3214 3157 3258 soon discloses the fact that all of the
3184 3228 3215 3267 r.
2363 3250 2417 3292 8d
2439 3252 3159 3291 llaison is known. Teodor is no more a
2373 3286 2428 3329 11
2430 3292 3165 3344 hero than he is a deep-dyed villain, but
3175 3285 3229 3337 t
2441 3328 3167 3376 he accepts the challenge steadily, when it
3169 3333 3239 3372 t.
3180 3369 3234 3412 d
2448 3366 3164 3407 comes, not without a sense of the ful¬
3183 3408 3225 3443 W
2430 3404 3158 3443 filment of his premonition. Christine, too,
2376 3432 3162 3490 s- Von her return, is infected by it, and
3182 3438 3234 3484 8
2437 3473 2585 3528 dreads.
2374 3490 2424 3543 nt
2456 3502 3235 3558 After the duel, the funereal friendit.
2378 3537 2422 3581 76
2446 3552 3167 3593 makes known to her the truth that Teo¬
2444 3589 3158 3632 dor has fallen at the pistol of an¬
3182 3621 3226 3667 I
2443 3625 3166 3674 other woman’s husband, that the burfal
2439 3664 3165 3711 took place some hours before, very qulet¬
2372 3664 2405 3728 r
3181 3700 3241 3736 B
2434 3688 3169 3750 ly, with but a few friends and relatives
2368 3724 2411 3770 K
3180 3728 3238 3780 SL
2449 3748 3166 3788 present. He spoke of you, too,“ Fritz
2377 3759 2424 3801 1-
3184 3771 3246 3820 pl.
2451 3778 3163 3823 assures her. Then Christine turns to
3174 3814 3241 3855 Al
2449 3812 3163 3863 her father, old Hans, the first vlolln, as
3184 3850 3237 3887 W..
2437 3851 3166 3888 one who comprehends, and not to Fritz,
3187 3880 3244 3923 to
2434 3897 3163 3940 Ino longer the fat, jolly comrade." You
3189 3906 3269 3965 SW.
2436 3922 3152 3983 understand?“ she screams." He spoke of
3186 3960 3265 4001 and
2436 3972 3163 4009 sine, t00—too; a few relatives and friends!“
3184 3989 3260 4043 Alr
2452 3997 3152 4051 Be a little calmer, Christine,“ pleads
3185 4030 3272 4078 bloc
2449 4042 3160 4089 Fritz.So!“ erles the giri In agony.
3188 4068 3277 4117 Con
2443 4078 3156 4117 Altogether calm to-morrow, and in six
3183 4104 3267 4150 run
2449 4114 3156 4150 months another lover? Let me pray at
