3392 4256
815 198 1284 313 box 13/6
145 203 661 328 5. Liebelei
246 264 701 350 n n n .  .
688 616 1734 791 Cunieaael eff 11928
850 908 1806 1025 Ein schwieriges Experiment,
576 1023 2767 1171 iml Detnye Teater! ein Versuch Schnitzlers VLiebelei! zur Operette
598 1126 1541 1256 VSchwärmerei“ umzugestalten.
857 1291 2889 1478 Man kann Valzer tanzen nach dem Liede TFröhliche Wei hnachts -
568 1460 2812 1571 zeitl und man kann also auch aus Schnitzlers Wiebelei“ (die alten
580 1565 2762 1682 Kopenhagener erinnern sich nich an die Aufführung im Volkstheater
584 1675 2710 1800 im Jahre 1897) die #Schwärmerei“ machen, mit der Detnye Tkeater
578 1798 2712 1940 gestern herauskam. Man kann schliesslich sehr viel. Eine andere
579 1905 2699 2015 Frage ist aber die, ob man es so11. Schnitzlers VLiebelei! ist
591 2011 2730 2150 ein Stück, welches die Kehrseite des galanten und leicht lebigen
580 2117 2782 2271 Liebesspieles zeigt: Der junge flotte Leutnant, gevohnt mit Liebe
579 2230 2789 2347 zu spielen, erlebt eines Tages di virkliche Liebe, da aber rächt
580 2348 2781 2478 sich die Vergangenheit und wirft hren düsteren schatten über den
577 2456 2846 2579 Traum des Glücks, welches er un es alten Geigers Vayring reizende
582 2578 2789 2684 Tochter Christine eben zu träu begannen. Eines seiner galanten
591 2664 2742 2790 Abenteuer hat ein Duell zur Fo - und er fällt.... Das Liebes¬
581 2787 2698 2897 getändel wur de zum bittersten nst, dies ist ein dramatisches
581 2886 2855 3021 Motiv ... aber ein Operetten1 retto nein, ganz ehrlich gesagt nein.
579 2979 2702 3142 Man darf in einer Operette ni Tiefsinn oder Problemgrübeleien
579 3142 2842 3272 ahnen - das wiederstrebt dem Vesen der Operette. Deswegen wurde die
590 3212 2774 3336 gestrige For stellung im Detnye Teater - Liebelei von Oscar Straus
588 3359 2757 3464 zur Operette Schwärnerei ungearbeitet nur zu einem Theaterstück,
581 3471 2706 3584 dessen natür liche Handlung von eingelegten Operettentänzen und
586 3582 2823 3685 Schlagerliedern unterbrochen wurde. Trotzdem diese Auftritte flott
595 3660 2827 3817 gemacht varen und dass auch schliesslich eine wirkliche Stimme als
601 3767 2867 3884 tragende Hauptpartie verwendet wurde, konnte dieser innere Konstruk¬
