<?xml version="1.0" encoding="UTF-8" standalone="yes"?>
<PcGts xmlns="http://schema.primaresearch.org/PAGE/gts/pagecontent/2013-07-15" xmlns:xsi="http://www.w3.org/2001/XMLSchema-instance" xsi:schemaLocation="http://schema.primaresearch.org/PAGE/gts/pagecontent/2013-07-15 http://schema.primaresearch.org/PAGE/gts/pagecontent/2013-07-15/pagecontent.xsd">
    <Metadata>
        <Creator>prov=University of Rostock/Institute of Mathematics/CITlab/Gundram Leifert/gundram.leifert@uni-rostock.de:name=ONB_Newseye_GT_M1+(htr_id=10810)::::v=2.4.2
prov=University of Rostock/Institute of Mathematics/CITlab/Tobias Gruening/tobias.gruening@uni-rostock.de:name=de.uros.citlab.module.baseline2polygon.B2PSeamMultiOriented:v=2.4.2
prov=University of Rostock/Institute of Mathematics/CITlab/Tobias Gruening/tobias.gruening@uni-rostock.de:name=/mnt/transkribus/LA/DEA/URO/LA_news_onb_att.pb:de.uros.citlab.segmentation.CITlab_LA_ML:v=2.4.2
Transkribus</Creator>
        <Created>2019-10-07T11:57:29.179+02:00</Created>
        <LastChange>2019-10-09T10:53:22.890+02:00</LastChange>
        <TranskribusMetadata docId="223992" pageId="9508820" pageNr="1062" tsid="16641544" status="IN_PROGRESS" userId="40391" imgUrl="https://files.transkribus.eu/Get?id=LTSSLQFCQQBDPTHEAZDDVOHD&amp;fileType=view" xmlUrl="https://files.transkribus.eu/Get?id=JWSJDXMYYXZNHLHJMUTDSWRO" imageId="6197955"/>
    </Metadata>
    <Page imageFilename="223992_1062.jpeg" imageWidth="3484" imageHeight="4256">
        <ReadingOrder>
            <OrderedGroup id="ro_1711446126318" caption="Regions reading order">
                <RegionRefIndexed index="0" regionRef="r1"/>
            </OrderedGroup>
        </ReadingOrder>
        <TextRegion orientation="0.0" id="r1" custom="readingOrder {index:0;}">
            <Coords points="247,273 247,3749 3336,3749 3336,273"/>
            <TextLine id="r1l1" custom="readingOrder {index:0;}">
                <Coords points="232,341 780,332 834,288 1007,332 1317,315 1371,303 1370,237 231,269"/>
                <Baseline points="247,301 302,304 357,307 413,309 468,310 524,311 579,311 635,310 690,309 746,308 801,306 856,305 912,303 967,301 1023,299 1078,298 1134,296 1189,295 1245,294 1300,293 1356,293"/>
                <TextEquiv>
                    <Unicode>5. Liebelei box 12/2</Unicode>
                </TextEquiv>
            </TextLine>
            <TextLine id="r1l2" custom="readingOrder {index:1;}">
                <Coords points="697,906 1603,922 1690,895 1691,849 698,834"/>
                <Baseline points="710,885 758,886 806,887 854,888 903,889 951,890 999,891 1048,892 1096,893 1144,894 1193,895 1241,897 1289,898 1337,899 1386,900 1434,902 1482,902 1531,904 1579,905 1627,906 1676,907"/>
                <TextEquiv>
                    <Unicode>Büro-Ausstellung Wien 8.—19. November</Unicode>
                </TextEquiv>
            </TextLine>
            <TextLine id="r1l3" custom="readingOrder {index:2;}">
                <Coords points="1012,967 1121,970 1153,953 1167,965 1204,957 1233,969 1256,955 1284,973 1339,977 1385,967 1386,921 1312,905 1263,913 1237,900 1194,911 1163,899 1091,912 1013,907"/>
                <Baseline points="1026,943 1052,944 1079,944 1105,945 1132,945 1159,946 1185,946 1212,947 1238,947 1265,948 1292,949 1318,949 1345,951 1372,951"/>
                <TextEquiv>
                    <Unicode>siehe Rückseite.</Unicode>
                </TextEquiv>
            </TextLine>
            <TextLine id="r1l4" custom="readingOrder {index:3;}">
                <Coords points="1363,1002 1408,1021 1649,1032 1678,1022 1758,1035 1761,969 1718,972 1681,953 1557,965 1501,945 1472,955 1430,933 1403,955 1365,953"/>
                <Baseline points="1378,992 1404,992 1430,993 1456,994 1482,996 1508,997 1534,999 1561,1001 1587,1003 1613,1004 1639,1005 1665,1006 1691,1006 1717,1006 1744,1005"/>
                <TextEquiv>
                    <Unicode>Telephon 12.801.</Unicode>
                </TextEquiv>
            </TextLine>
            <TextLine id="r1l5" custom="readingOrder {index:4;}">
                <Coords points="1379,1100 1399,1101 1413,1116 1443,1100 1470,1119 1488,1111 1511,1118 1523,1107 1539,1117 1571,1118 1574,1052 1537,1047 1517,1052 1511,1046 1491,1054 1480,1047 1445,1052 1431,1039 1382,1037"/>
                <Baseline points="1393,1100 1420,1099 1448,1099 1475,1100 1503,1102 1530,1105 1558,1107"/>
                <TextEquiv>
                    <Unicode>Die 2</Unicode>
                </TextEquiv>
            </TextLine>
            <TextLine id="r1l6" custom="readingOrder {index:5;}">
                <Coords points="858,1153 915,1161 948,1136 1056,1166 1085,1144 1291,1166 1315,1149 1415,1173 1496,1150 1497,1127 1446,1102 1314,1106 1291,1082 1233,1109 1156,1106 1125,1079 1044,1102 860,1101"/>
                <Baseline points="874,1136 904,1134 934,1133 964,1132 995,1132 1025,1132 1055,1133 1086,1133 1116,1134 1146,1135 1177,1137 1207,1138 1237,1140 1267,1141 1298,1143 1328,1145 1358,1146 1389,1148 1419,1150 1449,1151 1480,1153"/>
                <TextEquiv>
                    <Unicode>„OUSEIVEN</Unicode>
                </TextEquiv>
            </TextLine>
            <TextLine id="r1l7" custom="readingOrder {index:6;}">
                <Coords points="629,1201 1759,1239 1761,1179 630,1141"/>
                <Baseline points="642,1191 697,1191 752,1192 807,1193 862,1194 917,1195 972,1197 1028,1198 1083,1200 1138,1202 1193,1204 1248,1206 1303,1208 1358,1209 1414,1211 1469,1213 1524,1214 1579,1216 1634,1217 1689,1218 1745,1219"/>
                <TextEquiv>
                    <Unicode>. Isterr. behördl. konz. Unternehmen für Zeitungs-Ausschaltte</Unicode>
                </TextEquiv>
            </TextLine>
            <TextLine id="r1l8" custom="readingOrder {index:7;}">
                <Coords points="756,1267 1617,1299 1619,1227 1292,1217 1251,1239 758,1204"/>
                <Baseline points="772,1256 813,1259 855,1262 896,1264 938,1267 979,1269 1021,1270 1062,1272 1104,1273 1145,1274 1187,1275 1228,1276 1270,1277 1311,1277 1353,1278 1394,1279 1436,1280 1477,1282 1519,1283 1560,1284 1602,1287"/>
                <TextEquiv>
                    <Unicode>Wien, I., Concordiaplatz 4.</Unicode>
                </TextEquiv>
            </TextLine>
            <TextLine id="r1l9" custom="readingOrder {index:8;}">
                <Coords points="948,1346 1040,1358 1083,1339 1178,1346 1195,1361 1264,1346 1330,1360 1413,1349 1415,1303 950,1291"/>
                <Baseline points="964,1327 989,1329 1015,1331 1040,1333 1066,1334 1092,1336 1117,1337 1143,1338 1169,1339 1194,1340 1220,1341 1246,1342 1271,1342 1297,1343 1323,1343 1348,1344 1374,1344 1400,1344"/>
                <TextEquiv>
                    <Unicode>Vertretungen</Unicode>
                </TextEquiv>
            </TextLine>
            <TextLine id="r1l10" custom="readingOrder {index:9;}">
                <Coords points="620,1383 1704,1423 1749,1375 1489,1341 842,1356 711,1320 621,1346"/>
                <Baseline points="636,1371 690,1374 745,1376 800,1378 855,1380 910,1382 965,1384 1019,1386 1074,1387 1129,1389 1184,1390 1239,1392 1294,1394 1349,1396 1403,1397 1458,1399 1513,1400 1568,1402 1623,1403 1678,1405 1733,1407"/>
                <TextEquiv>
                    <Unicode> in Berlin, Budapest, Chicago, Christiania, Genf, Kopen¬</Unicode>
                </TextEquiv>
            </TextLine>
            <TextLine id="r1l11" custom="readingOrder {index:10;}">
                <Coords points="624,1432 1279,1432 1688,1475 1746,1463 1748,1417 626,1386"/>
                <Baseline points="640,1411 694,1413 749,1415 803,1417 858,1419 913,1420 967,1422 1022,1425 1076,1426 1131,1428 1186,1430 1240,1432 1295,1434 1349,1436 1404,1438 1459,1439 1513,1442 1568,1443 1622,1446 1677,1448 1732,1450"/>
                <TextEquiv>
                    <Unicode>agen, London, Madrid, Mailand, Minneapolis, Hew-Vork.</Unicode>
                </TextEquiv>
            </TextLine>
            <TextLine id="r1l12" custom="readingOrder {index:11;}">
                <Coords points="666,1458 1701,1498 1702,1466 1637,1449 667,1433"/>
                <Baseline points="680,1452 730,1454 780,1455 830,1457 881,1458 931,1460 981,1461 1032,1463 1082,1464 1132,1466 1183,1467 1233,1470 1283,1471 1333,1473 1384,1475 1434,1478 1484,1480 1535,1483 1585,1486 1635,1489 1686,1493"/>
                <TextEquiv>
                    <Unicode>Paria, Rom, San Francisco, Stockholm, St. Petersburg.</Unicode>
                </TextEquiv>
            </TextLine>
            <TextLine id="r1l13" custom="readingOrder {index:12;}">
                <Coords points="953,1512 1163,1510 1182,1523 1200,1512 1254,1531 1391,1538 1393,1487 954,1472"/>
                <Baseline points="968,1499 993,1498 1019,1498 1044,1498 1070,1498 1096,1498 1121,1499 1147,1500 1173,1501 1198,1503 1224,1504 1249,1505 1275,1506 1301,1508 1326,1509 1352,1509 1378,1510"/>
                <TextEquiv>
                    <Unicode>(Ouellenangabe chae Gewähr).</Unicode>
                </TextEquiv>
            </TextLine>
            <TextLine id="r1l14" custom="readingOrder {index:13;}">
                <Coords points="614,1571 683,1567 700,1585 726,1572 841,1584 890,1571 918,1590 995,1595 1019,1590 1021,1515 909,1523 895,1508 760,1504 717,1517 674,1501 616,1534"/>
                <Baseline points="630,1559 656,1560 683,1561 710,1562 736,1562 763,1563 790,1564 817,1565 843,1566 870,1567 897,1568 923,1568 950,1569 977,1571 1004,1572"/>
                <TextEquiv>
                    <Unicode>Ausschnitt aus:</Unicode>
                </TextEquiv>
            </TextLine>
            <TextLine id="r1l15" custom="readingOrder {index:14;}">
                <Coords points="1008,1615 1062,1638 1229,1625 1334,1652 1390,1635 1437,1658 1796,1668 1800,1590 1765,1600 1682,1554 1591,1575 1558,1550 1464,1585 1394,1560 1144,1563 1088,1525 1014,1526"/>
                <Baseline points="1024,1611 1061,1612 1099,1613 1137,1615 1175,1617 1213,1619 1251,1622 1289,1623 1327,1627 1365,1629 1403,1632 1440,1634 1478,1637 1516,1640 1554,1642 1592,1644 1630,1646 1668,1647 1706,1649 1744,1650 1782,1650"/>
                <TextEquiv>
                    <Unicode>Nannoverscher Courier</Unicode>
                </TextEquiv>
            </TextLine>
            <TextLine id="r1l16" custom="readingOrder {index:15;}">
                <Coords points="600,1669 649,1704 1138,1739 1304,1722 1308,1665 604,1606"/>
                <Baseline points="614,1658 647,1663 681,1668 715,1673 749,1677 783,1682 816,1685 850,1689 884,1693 918,1695 952,1698 985,1700 1019,1703 1053,1704 1087,1705 1120,1706 1154,1707 1188,1707 1222,1707 1256,1706 1290,1706"/>
                <TextEquiv>
                    <Unicode>EnLMnk 111—</Unicode>
                </TextEquiv>
            </TextLine>
            <TextLine id="r1l17" custom="readingOrder {index:16;}">
                <Coords points="1793,1731 1822,1739 1943,1730 1954,1739 1963,1730 2023,1730 2066,1741 2095,1733 2095,1684 2054,1693 2014,1667 2003,1676 1988,1667 1859,1667 1842,1685 1793,1688"/>
                <Baseline points="1809,1724 1836,1725 1863,1725 1890,1726 1917,1726 1944,1725 1971,1725 1998,1725 2025,1725 2052,1724 2079,1724"/>
                <TextEquiv>
                    <Unicode></Unicode>
                </TextEquiv>
            </TextLine>
            <TextLine id="r1l18" custom="readingOrder {index:17;}">
                <Coords points="3120,1741 3154,1751 3166,1743 3177,1746 3200,1740 3217,1755 3229,1747 3243,1747 3245,1678 3207,1677 3196,1686 3181,1688 3170,1682 3121,1684"/>
                <Baseline points="3133,1734 3165,1733 3197,1734 3229,1736"/>
                <TextEquiv>
                    <Unicode></Unicode>
                </TextEquiv>
            </TextLine>
            <TextLine id="r1l19" custom="readingOrder {index:18;}">
                <Coords points="1507,1777 3280,1803 3330,1743 1507,1729"/>
                <Baseline points="1520,1767 1609,1769 1699,1770 1789,1771 1878,1772 1968,1773 2058,1774 2147,1774 2237,1775 2327,1775 2417,1775 2506,1776 2596,1776 2686,1777 2775,1777 2865,1778 2955,1779 3044,1781 3134,1782 3224,1784 3314,1786"/>
                <TextEquiv>
                    <Unicode>und dritten Aufzuge größere selbständige Orchestersätze vor= und war auf 12 gestellt. Das mö</Unicode>
                </TextEquiv>
            </TextLine>
            <TextLine id="r1l20" custom="readingOrder {index:19;}">
                <Coords points="502,1796 1196,1822 1349,1802 1350,1762 607,1726 503,1753"/>
                <Baseline points="518,1781 558,1784 599,1787 640,1789 681,1791 722,1794 762,1795 803,1797 844,1798 885,1799 926,1800 966,1800 1007,1801 1048,1801 1089,1801 1130,1801 1170,1801 1211,1801 1252,1801 1293,1800 1334,1800"/>
                <TextEquiv>
                    <Unicode>Königliche Schauspiele.</Unicode>
                </TextEquiv>
            </TextLine>
            <TextLine id="r1l21" custom="readingOrder {index:20;}">
                <Coords points="1511,1810 2668,1816 2556,1778 1511,1779"/>
                <Baseline points="1524,1812 1580,1811 1636,1811 1693,1810 1749,1810 1806,1811 1862,1811 1918,1811 1975,1812 2031,1813 2088,1814 2144,1814 2200,1815 2257,1816 2313,1816 2370,1817 2426,1817 2482,1817 2539,1817 2595,1816 2652,1815"/>
                <TextEquiv>
                    <Unicode>gegeben. Das des zweiten Aufzuges bringt zuerst ein sanft!</Unicode>
                </TextEquiv>
            </TextLine>
            <TextLine id="r1l22" custom="readingOrder {index:21;}">
                <Coords points="2663,1819 3259,1840 3334,1835 3335,1798 2663,1779"/>
                <Baseline points="2677,1817 2709,1818 2741,1819 2773,1820 2805,1820 2838,1820 2870,1820 2902,1820 2934,1820 2966,1820 2999,1820 3031,1820 3063,1820 3095,1821 3127,1821 3160,1822 3192,1823 3224,1824 3256,1825 3288,1827 3321,1828"/>
                <TextEquiv>
                    <Unicode>beweisen aber die Sorgfalt der R</Unicode>
                </TextEquiv>
            </TextLine>
            <TextLine id="r1l23" custom="readingOrder {index:22;}">
                <Coords points="1518,1845 2652,1870 2652,1827 2537,1818 1519,1805"/>
                <Baseline points="1533,1848 1588,1848 1643,1848 1698,1848 1753,1848 1809,1849 1864,1849 1919,1850 1974,1850 2029,1851 2085,1852 2140,1852 2195,1853 2250,1854 2305,1854 2361,1855 2416,1855 2471,1856 2526,1856 2581,1856 2637,1857"/>
                <TextEquiv>
                    <Unicode>klagendes, gemütvolles Thema, das nachher bei Weirings</Unicode>
                </TextEquiv>
            </TextLine>
            <TextLine id="r1l24" custom="readingOrder {index:23;}">
                <Coords points="2670,1865 3129,1865 3181,1891 3267,1863 3345,1870 3345,1829 2670,1822"/>
                <Baseline points="2685,1857 2717,1858 2749,1860 2781,1861 2813,1861 2846,1862 2878,1862 2910,1862 2942,1862 2974,1862 3007,1862 3039,1861 3071,1861 3103,1861 3135,1861 3168,1862 3200,1862 3232,1863 3264,1864 3296,1865 3329,1867"/>
                <TextEquiv>
                    <Unicode>Sorgfalt hatte die musikalische Sei</Unicode>
                </TextEquiv>
            </TextLine>
            <TextLine id="r1l25" custom="readingOrder {index:24;}">
                <Coords points="339,1874 1380,1894 1507,1883 1508,1814 340,1800"/>
                <Baseline points="352,1852 409,1852 466,1852 523,1853 580,1854 637,1855 694,1857 751,1859 808,1861 865,1863 922,1865 979,1867 1036,1869 1093,1870 1150,1871 1207,1873 1264,1874 1321,1874 1378,1874 1435,1874 1492,1872"/>
                <TextEquiv>
                    <Unicode>Zum ersten Male: „Liebelei"; Oper von Franz Neumann.</Unicode>
                </TextEquiv>
            </TextLine>
            <TextLine id="r1l26" custom="readingOrder {index:25;}">
                <Coords points="1513,1885 2658,1908 2638,1856 1513,1844"/>
                <Baseline points="1526,1879 1581,1881 1637,1883 1693,1884 1749,1886 1805,1887 1861,1888 1916,1888 1972,1889 2028,1889 2084,1890 2140,1890 2196,1890 2252,1891 2307,1891 2363,1891 2419,1892 2475,1892 2531,1893 2587,1893 2643,1894"/>
                <TextEquiv>
                    <Unicode>(Vater Christinens) Erinnerung an seine verstorbene Frau</Unicode>
                </TextEquiv>
            </TextLine>
            <TextLine id="r1l27" custom="readingOrder {index:26;}">
                <Coords points="2664,1890 2816,1914 2837,1897 2899,1915 3187,1904 3187,1867 2665,1862"/>
                <Baseline points="2679,1893 2705,1894 2731,1895 2757,1895 2783,1896 2809,1896 2835,1897 2861,1897 2887,1898 2913,1898 2939,1899 2965,1899 2991,1900 3017,1901 3043,1901 3069,1902 3095,1902 3121,1903 3147,1903 3173,1904"/>
                <TextEquiv>
                    <Unicode>fahren. Kapellmeister Ger</Unicode>
                </TextEquiv>
            </TextLine>
            <TextLine id="r1l28" custom="readingOrder {index:27;}">
                <Coords points="415,1901 1281,1941 1502,1933 1503,1884 415,1861"/>
                <Baseline points="428,1907 481,1910 534,1913 587,1914 640,1916 693,1918 746,1919 799,1920 852,1921 905,1922 958,1922 1011,1923 1064,1923 1117,1924 1170,1924 1223,1924 1276,1925 1329,1926 1382,1926 1435,1927 1489,1928"/>
                <TextEquiv>
                    <Unicode>Unter Benutzung des gleichnamigen Schauspiels von</Unicode>
                </TextEquiv>
            </TextLine>
            <TextLine id="r1l29" custom="readingOrder {index:28;}">
                <Coords points="1512,1923 2655,1942 2655,1910 2540,1897 1513,1883"/>
                <Baseline points="1526,1922 1581,1922 1637,1922 1693,1922 1749,1923 1804,1924 1860,1925 1916,1926 1972,1927 2027,1927 2083,1929 2139,1930 2195,1930 2250,1931 2306,1932 2362,1933 2418,1933 2473,1934 2529,1934 2585,1934 2641,1934"/>
                <TextEquiv>
                    <Unicode>erklingt, worauf eine rexuläre vierstimmige Fuge folgt, deren</Unicode>
                </TextEquiv>
            </TextLine>
            <TextLine id="r1l30" custom="readingOrder {index:29;}">
                <Coords points="2662,1932 2759,1951 2788,1937 3141,1949 3141,1909 3096,1900 2835,1898 2817,1915 2662,1889"/>
                <Baseline points="2676,1935 2701,1935 2726,1935 2751,1935 2776,1935 2801,1935 2826,1936 2851,1936 2876,1937 2901,1937 2926,1938 2951,1938 2976,1939 3001,1939 3026,1940 3051,1941 3076,1941 3101,1941 3127,1942"/>
                <TextEquiv>
                    <Unicode>holung der musikalischen</Unicode>
                </TextEquiv>
            </TextLine>
            <TextLine id="r1l31" custom="readingOrder {index:30;}">
                <Coords points="331,1968 346,1967 351,1961 371,1961 389,1966 420,1962 418,1899 392,1900 387,1906 375,1909 361,1906 350,1915 330,1916"/>
                <Baseline points="345,1945 375,1947 405,1943"/>
                <TextEquiv>
                    <Unicode>#.</Unicode>
                </TextEquiv>
            </TextLine>
            <TextLine id="r1l32" custom="readingOrder {index:31;}">
                <Coords points="414,1966 1498,1980 1499,1928 414,1903"/>
                <Baseline points="429,1946 481,1949 534,1953 587,1955 640,1957 693,1958 745,1960 798,1961 851,1961 904,1962 957,1962 1009,1962 1062,1962 1115,1962 1168,1962 1221,1963 1273,1963 1326,1963 1379,1964 1432,1965 1485,1966"/>
                <TextEquiv>
                    <Unicode>Sümißzler ha##der in Frankfurt a. M. als Kapellmeister</Unicode>
                </TextEquiv>
            </TextLine>
            <TextLine id="r1l33" custom="readingOrder {index:32;}">
                <Coords points="1505,1964 2421,1988 2636,1980 2637,1940 1506,1927"/>
                <Baseline points="1520,1959 1575,1960 1630,1961 1685,1962 1740,1963 1795,1964 1850,1965 1906,1965 1961,1967 2016,1968 2071,1969 2126,1970 2181,1970 2236,1971 2292,1972 2347,1972 2402,1973 2457,1973 2512,1973 2567,1973 2623,1973"/>
                <TextEquiv>
                    <Unicode>Einflechtung mir allertings wenig gerechtfertigt erscheint. Das</Unicode>
                </TextEquiv>
            </TextLine>
            <TextLine id="r1l34" custom="readingOrder {index:33;}">
                <Coords points="2665,1977 2763,1971 2786,1989 2858,1979 2877,1994 2932,1975 3021,1998 3125,1986 3126,1946 3083,1939 2666,1940"/>
                <Baseline points="2681,1972 2706,1972 2731,1972 2756,1972 2782,1972 2807,1973 2832,1974 2858,1974 2883,1976 2908,1977 2933,1978 2959,1979 2984,1979 3009,1980 3035,1980 3060,1980 3085,1980 3111,1980"/>
                <TextEquiv>
                    <Unicode>das Orchester zu glänzer</Unicode>
                </TextEquiv>
            </TextLine>
            <TextLine id="r1l35" custom="readingOrder {index:34;}">
                <Coords points="336,1970 1503,2020 1504,1980 1461,1973 337,1947"/>
                <Baseline points="351,1982 410,1985 470,1987 530,1990 590,1992 650,1994 710,1995 770,1997 830,1999 890,2000 950,2001 1010,2002 1070,2003 1130,2004 1190,2004 1250,2005 1310,2005 1370,2006 1430,2006 1490,2006"/>
                <TextEquiv>
                    <Unicode>lebende Komponist ein Wort=Tondrama geschaffen, das in</Unicode>
                </TextEquiv>
            </TextLine>
            <TextLine id="r1l36" custom="readingOrder {index:35;}">
                <Coords points="1512,1997 2657,2018 2657,1975 2548,1967 1512,1956"/>
                <Baseline points="1527,1996 1582,1997 1638,1999 1694,2000 1750,2002 1805,2003 1861,2004 1917,2005 1973,2007 2028,2008 2084,2009 2140,2010 2196,2011 2251,2011 2307,2012 2363,2013 2419,2013 2474,2013 2530,2013 2586,2013 2642,2013"/>
                <TextEquiv>
                    <Unicode>Vorspiel zum dritten Aufzuge bildet eine Art sinfonisches</Unicode>
                </TextEquiv>
            </TextLine>
            <TextLine id="r1l37" custom="readingOrder {index:36;}">
                <Coords points="2671,2013 2754,2022 2786,2011 2872,2032 3119,2021 3119,1981 3090,1975 2964,1985 2950,1970 2921,1984 2671,1972"/>
                <Baseline points="2685,2013 2711,2014 2737,2014 2763,2015 2789,2015 2815,2016 2842,2016 2868,2017 2894,2018 2920,2018 2946,2019 2973,2019 2999,2019 3025,2019 3051,2018 3077,2017 3104,2016"/>
                <TextEquiv>
                    <Unicode>seits auch gehörig zurüc</Unicode>
                </TextEquiv>
            </TextLine>
            <TextLine id="r1l38" custom="readingOrder {index:37;}">
                <Coords points="404,2028 1500,2058 1501,2012 1432,2005 405,1988"/>
                <Baseline points="418,2023 471,2025 524,2028 578,2030 631,2032 684,2034 738,2035 791,2037 844,2038 898,2039 951,2040 1004,2041 1058,2041 1111,2042 1164,2043 1218,2043 1271,2043 1324,2044 1378,2044 1431,2044 1485,2045"/>
                <TextEquiv>
                    <Unicode>iner Beziehung eine völlige Neuerscheinung auf diesem</Unicode>
                </TextEquiv>
            </TextLine>
            <TextLine id="r1l39" custom="readingOrder {index:38;}">
                <Coords points="1512,2020 2192,2069 2666,2047 2649,2012 1512,1997"/>
                <Baseline points="1526,2035 1582,2037 1638,2039 1694,2040 1751,2042 1807,2043 1863,2044 1920,2045 1976,2046 2032,2046 2089,2047 2145,2048 2201,2048 2257,2049 2314,2049 2370,2050 2426,2050 2483,2050 2539,2051 2595,2051 2652,2051"/>
                <TextEquiv>
                    <Unicode>Intermezzo, in welchem das Nachemotiv und das zweite</Unicode>
                </TextEquiv>
            </TextLine>
            <TextLine id="r1l40" custom="readingOrder {index:39;}">
                <Coords points="2673,2051 2808,2068 2871,2052 2943,2073 2963,2057 3121,2065 3121,2022 2909,2021 2874,2035 2786,2010 2754,2024 2674,2017"/>
                <Baseline points="2686,2051 2712,2052 2738,2052 2764,2053 2790,2053 2816,2054 2843,2054 2869,2055 2895,2055 2921,2056 2947,2056 2974,2057 3000,2057 3026,2058 3052,2058 3078,2058 3105,2058"/>
                <TextEquiv>
                    <Unicode>Christine. Anfänglich kl</Unicode>
                </TextEquiv>
            </TextLine>
            <TextLine id="r1l41" custom="readingOrder {index:40;}">
                <Coords points="337,2057 1510,2092 1511,2032 696,2050 338,2016"/>
                <Baseline points="351,2059 408,2062 465,2064 522,2067 580,2069 637,2071 694,2073 752,2074 809,2076 866,2078 924,2079 981,2080 1038,2081 1095,2082 1153,2082 1210,2083 1267,2083 1325,2083 1382,2083 1439,2083 1497,2083"/>
                <TextEquiv>
                    <Unicode>Gebiete bedeutet. Der Tegt der „Oper“ (wie Neumann sein</Unicode>
                </TextEquiv>
            </TextLine>
            <TextLine id="r1l42" custom="readingOrder {index:41;}">
                <Coords points="1508,2069 2656,2096 2657,2044 2350,2066 1509,2023"/>
                <Baseline points="1524,2072 1579,2074 1635,2077 1691,2079 1747,2080 1803,2082 1859,2083 1914,2084 1970,2085 2026,2085 2082,2086 2138,2086 2194,2087 2250,2087 2305,2088 2361,2088 2417,2088 2473,2088 2529,2089 2585,2089 2641,2089"/>
                <TextEquiv>
                    <Unicode>Liebesmotiv die Hauptrolle spielen. Leider werden diese</Unicode>
                </TextEquiv>
            </TextLine>
            <TextLine id="r1l43" custom="readingOrder {index:42;}">
                <Coords points="2658,2101 2745,2095 2781,2108 2819,2091 2922,2109 2946,2089 3014,2114 3037,2101 3126,2103 3127,2063 2946,2069 2869,2050 2660,2047"/>
                <Baseline points="2673,2091 2698,2089 2724,2089 2750,2088 2776,2089 2802,2089 2828,2090 2854,2090 2880,2092 2905,2093 2931,2094 2957,2095 2983,2097 3009,2097 3035,2098 3061,2099 3087,2099 3113,2098"/>
                <TextEquiv>
                    <Unicode>beiden letzten Aufzügen</Unicode>
                </TextEquiv>
            </TextLine>
            <TextLine id="r1l44" custom="readingOrder {index:43;}">
                <Coords points="347,2093 1488,2140 1504,2094 347,2056"/>
                <Baseline points="361,2100 417,2102 473,2105 530,2107 586,2109 642,2111 699,2113 755,2114 811,2115 868,2117 924,2118 980,2119 1037,2119 1093,2120 1149,2121 1206,2121 1262,2121 1318,2121 1375,2121 1431,2121 1488,2121"/>
                <TextEquiv>
                    <Unicode>Werk nennt) ist nämlich vom ersten bis zum letzten Wort in</Unicode>
                </TextEquiv>
            </TextLine>
            <TextLine id="r1l45" custom="readingOrder {index:44;}">
                <Coords points="1509,2111 2467,2146 2648,2137 2649,2091 1509,2088"/>
                <Baseline points="1524,2113 1579,2115 1635,2117 1690,2118 1746,2120 1801,2121 1857,2122 1912,2123 1968,2124 2023,2125 2079,2125 2135,2126 2190,2126 2246,2127 2301,2127 2357,2127 2412,2128 2468,2128 2523,2128 2579,2128 2635,2129"/>
                <TextEquiv>
                    <Unicode>Themen aber nur nacheinander gebracht, ohne kontrapunktisch¬</Unicode>
                </TextEquiv>
            </TextLine>
            <TextLine id="r1l46" custom="readingOrder {index:45;}">
                <Coords points="2665,2134 2831,2147 3153,2138 3153,2098 2665,2096"/>
                <Baseline points="2680,2127 2705,2129 2730,2131 2756,2132 2781,2133 2807,2133 2832,2134 2858,2134 2883,2134 2909,2134 2934,2134 2959,2134 2985,2134 3010,2134 3036,2134 3061,2134 3087,2134 3112,2135 3138,2135"/>
                <TextEquiv>
                    <Unicode>und genügte den Dramat</Unicode>
                </TextEquiv>
            </TextLine>
            <TextLine id="r1l47" custom="readingOrder {index:46;}">
                <Coords points="341,2152 1270,2178 1503,2171 1504,2131 342,2103"/>
                <Baseline points="355,2139 411,2141 468,2142 525,2144 581,2145 638,2147 695,2149 751,2150 808,2151 865,2153 922,2155 978,2156 1035,2157 1092,2158 1148,2159 1205,2160 1262,2161 1318,2161 1375,2162 1432,2162 1489,2162"/>
                <TextEquiv>
                    <Unicode>Prosa gehalten; nicht ein einziger Ansatz zu ge¬</Unicode>
                </TextEquiv>
            </TextLine>
            <TextLine id="r1l48" custom="readingOrder {index:47;}">
                <Coords points="1496,2168 2630,2184 2657,2121 1497,2116"/>
                <Baseline points="1511,2154 1567,2155 1624,2156 1680,2157 1737,2158 1794,2159 1850,2160 1907,2161 1963,2162 2020,2163 2077,2164 2133,2165 2190,2165 2246,2166 2303,2167 2360,2167 2416,2168 2473,2168 2529,2169 2586,2169 2643,2169"/>
                <TextEquiv>
                    <Unicode>organischen Zusammenhang. Dieses Vorspiel ist betitelt:</Unicode>
                </TextEquiv>
            </TextLine>
            <TextLine id="r1l49" custom="readingOrder {index:48;}">
                <Coords points="2662,2160 2759,2179 3095,2173 3129,2186 3175,2181 3176,2140 2662,2132"/>
                <Baseline points="2677,2166 2702,2167 2727,2167 2753,2168 2778,2168 2804,2169 2829,2170 2854,2170 2880,2170 2905,2171 2931,2171 2956,2171 2982,2172 3007,2172 3032,2173 3058,2173 3083,2173 3109,2174 3134,2174 3160,2175"/>
                <TextEquiv>
                    <Unicode>trefflich gelang ihr die Wiet</Unicode>
                </TextEquiv>
            </TextLine>
            <TextLine id="r1l50" custom="readingOrder {index:49;}">
                <Coords points="348,2179 1493,2209 1494,2163 1437,2157 349,2144"/>
                <Baseline points="363,2180 418,2182 474,2183 530,2185 586,2186 642,2187 698,2189 753,2190 809,2192 865,2193 921,2194 977,2195 1033,2196 1089,2197 1144,2198 1200,2198 1256,2198 1312,2198 1368,2198 1424,2197 1480,2197"/>
                <TextEquiv>
                    <Unicode>schlossenem Vers, nicht einmal zum Versmaß ist vorhanden,</Unicode>
                </TextEquiv>
            </TextLine>
            <TextLine id="r1l51" custom="readingOrder {index:50;}">
                <Coords points="1514,2194 2309,2210 2309,2175 2267,2166 1515,2166"/>
                <Baseline points="1530,2193 1568,2194 1606,2195 1644,2196 1682,2196 1721,2197 1759,2198 1797,2198 1835,2198 1873,2199 1912,2200 1950,2200 1988,2200 2026,2201 2064,2201 2103,2202 2141,2202 2179,2202 2217,2202 2255,2203 2294,2203"/>
                <TextEquiv>
                    <Unicode>„Duell und Fritz' Ende“; Neimann will a</Unicode>
                </TextEquiv>
            </TextLine>
            <TextLine id="r1l52" custom="readingOrder {index:51;}">
                <Coords points="2413,2203 2453,2215 2508,2205 2525,2214 2602,2212 2631,2215 2639,2224 2657,2221 2652,2175 2626,2181 2611,2172 2606,2178 2551,2168 2479,2176 2454,2164 2413,2180"/>
                <Baseline points="2426,2205 2453,2206 2480,2207 2507,2208 2534,2208 2561,2208 2588,2209 2615,2209 2642,2208"/>
                <TextEquiv>
                    <Unicode>ihm diesen</Unicode>
                </TextEquiv>
            </TextLine>
            <TextLine id="r1l53" custom="readingOrder {index:52;}">
                <Coords points="2655,2214 2816,2227 2856,2210 3045,2220 3126,2206 3180,2224 3181,2181 2724,2177 2656,2153"/>
                <Baseline points="2670,2207 2696,2208 2722,2209 2748,2209 2774,2210 2800,2210 2826,2211 2852,2211 2878,2211 2904,2211 2930,2211 2956,2211 2982,2211 3008,2211 3034,2211 3060,2212 3086,2212 3112,2212 3138,2213 3165,2214"/>
                <TextEquiv>
                    <Unicode>dieser Rolle, die sie mit er</Unicode>
                </TextEquiv>
            </TextLine>
            <TextLine id="r1l54" custom="readingOrder {index:53;}">
                <Coords points="348,2226 1499,2238 1499,2206 349,2183"/>
                <Baseline points="363,2222 419,2222 475,2223 531,2224 587,2225 643,2226 699,2228 755,2229 811,2231 867,2232 924,2233 980,2235 1036,2237 1092,2238 1148,2239 1204,2239 1260,2240 1316,2241 1372,2241 1428,2241 1485,2240"/>
                <TextEquiv>
                    <Unicode>alles in schlicht bürgerlichem Unterhaltungston, selbst in den</Unicode>
                </TextEquiv>
            </TextLine>
            <TextLine id="r1l55" custom="readingOrder {index:54;}">
                <Coords points="1514,2236 2149,2244 2149,2207 2103,2203 1515,2193"/>
                <Baseline points="1529,2229 1559,2230 1589,2232 1619,2232 1650,2233 1680,2234 1710,2235 1740,2236 1771,2236 1801,2237 1831,2237 1861,2237 1892,2237 1922,2238 1952,2238 1982,2238 2013,2239 2043,2239 2073,2240 2103,2241 2134,2241"/>
                <TextEquiv>
                    <Unicode>Vorgang und die letzten Gedacken</Unicode>
                </TextEquiv>
            </TextLine>
            <TextLine id="r1l56" custom="readingOrder {index:55;}">
                <Coords points="2495,2247 2532,2247 2552,2255 2570,2252 2587,2261 2610,2249 2659,2254 2658,2203 2638,2203 2627,2214 2495,2207"/>
                <Baseline points="2509,2245 2536,2246 2563,2245 2590,2245 2617,2245 2644,2244"/>
                <TextEquiv>
                    <Unicode>ine ge¬</Unicode>
                </TextEquiv>
            </TextLine>
            <TextLine id="r1l57" custom="readingOrder {index:56;}">
                <Coords points="2651,2242 2748,2260 2969,2258 2984,2244 3001,2259 3202,2260 3202,2208 2809,2223 2651,2196"/>
                <Baseline points="2666,2246 2692,2247 2718,2248 2744,2248 2770,2249 2796,2249 2822,2249 2848,2249 2874,2249 2900,2249 2927,2249 2953,2249 2979,2248 3005,2249 3031,2249 3057,2249 3083,2249 3109,2250 3135,2250 3161,2251 3188,2253"/>
                <TextEquiv>
                    <Unicode>wußte. Die in Verzweiflun</Unicode>
                </TextEquiv>
            </TextLine>
            <TextLine id="r1l58" custom="readingOrder {index:57;}">
                <Coords points="348,2260 1502,2289 1503,2234 349,2226"/>
                <Baseline points="363,2260 419,2260 475,2261 531,2262 588,2263 644,2264 700,2265 757,2267 813,2269 869,2271 926,2272 982,2274 1038,2275 1094,2276 1151,2278 1207,2278 1263,2279 1320,2279 1376,2278 1432,2277 1489,2276"/>
                <TextEquiv>
                    <Unicode>Szenen mit gesteigertem Gefühlsausdruck. Dabei ist der</Unicode>
                </TextEquiv>
            </TextLine>
            <TextLine id="r1l59" custom="readingOrder {index:58;}">
                <Coords points="1506,2276 1646,2275 1663,2290 1821,2270 2042,2288 2043,2242 1687,2233 1638,2247 1610,2229 1506,2227"/>
                <Baseline points="1521,2269 1546,2270 1571,2270 1597,2271 1622,2272 1648,2272 1673,2273 1698,2273 1724,2274 1749,2274 1775,2275 1800,2275 1825,2275 1851,2276 1876,2276 1902,2276 1927,2277 1952,2277 1978,2277 2003,2278 2029,2278"/>
                <TextEquiv>
                    <Unicode>hören, schildern. Neumanns</Unicode>
                </TextEquiv>
            </TextLine>
            <TextLine id="r1l60" custom="readingOrder {index:59;}">
                <Coords points="2488,2289 2539,2296 2551,2290 2657,2285 2657,2253 2620,2250 2611,2244 2606,2250 2583,2244 2577,2250 2557,2247 2542,2253 2534,2247 2488,2249"/>
                <Baseline points="2502,2284 2530,2283 2558,2283 2586,2284 2614,2284 2642,2284"/>
                <TextEquiv>
                    <Unicode>esszenen</Unicode>
                </TextEquiv>
            </TextLine>
            <TextLine id="r1l61" custom="readingOrder {index:60;}">
                <Coords points="2655,2285 2827,2305 2947,2284 3053,2311 3077,2289 3240,2297 3241,2254 2744,2258 2655,2242"/>
                <Baseline points="2670,2285 2697,2285 2725,2285 2753,2285 2781,2286 2809,2286 2836,2286 2864,2287 2892,2287 2920,2287 2948,2288 2975,2288 3003,2289 3031,2289 3059,2290 3087,2291 3114,2291 3142,2291 3170,2292 3198,2292 3226,2293"/>
                <TextEquiv>
                    <Unicode>um den erschoffenen Geliebten</Unicode>
                </TextEquiv>
            </TextLine>
            <TextLine id="r1l62" custom="readingOrder {index:61;}">
                <Coords points="344,2302 1365,2333 1503,2311 1504,2273 345,2259"/>
                <Baseline points="358,2295 414,2296 471,2298 527,2299 584,2301 640,2302 697,2304 753,2306 810,2308 866,2309 923,2311 979,2312 1036,2314 1092,2315 1149,2316 1205,2317 1262,2317 1318,2318 1375,2318 1431,2318 1488,2317"/>
                <TextEquiv>
                    <Unicode>Text oft von einer für die musikalische Einkleidung auf¬</Unicode>
                </TextEquiv>
            </TextLine>
            <TextLine id="r1l63" custom="readingOrder {index:62;}">
                <Coords points="1499,2304 1607,2329 1725,2308 1940,2332 2032,2323 2033,2282 1824,2270 1660,2290 1646,2275 1499,2270"/>
                <Baseline points="1514,2307 1539,2308 1564,2308 1589,2309 1615,2309 1640,2310 1665,2310 1690,2310 1716,2311 1741,2311 1766,2311 1791,2312 1817,2312 1842,2312 1867,2313 1892,2314 1918,2314 1943,2315 1968,2316 1993,2317 2019,2318"/>
                <TextEquiv>
                    <Unicode>einfach, in den dramatischen</Unicode>
                </TextEquiv>
            </TextLine>
            <TextLine id="r1l64" custom="readingOrder {index:63;}">
                <Coords points="2660,2331 3249,2336 3249,2293 3077,2289 3039,2306 2936,2279 2904,2301 2661,2285"/>
                <Baseline points="2674,2320 2703,2321 2732,2323 2762,2324 2791,2325 2821,2325 2850,2326 2879,2326 2909,2326 2938,2326 2968,2326 2997,2326 3027,2326 3056,2326 3085,2326 3115,2326 3144,2327 3174,2327 3203,2327 3233,2328"/>
                <TextEquiv>
                    <Unicode>Eine lecke kleine Mondaine</Unicode>
                </TextEquiv>
            </TextLine>
            <TextLine id="r1l65" custom="readingOrder {index:64;}">
                <Coords points="2528,2328 2572,2325 2620,2333 2646,2310 2663,2310 2663,2282 2646,2282 2640,2287 2528,2285"/>
                <Baseline points="2542,2326 2568,2325 2595,2325 2621,2325 2648,2326"/>
                <TextEquiv>
                    <Unicode>matik</Unicode>
                </TextEquiv>
            </TextLine>
            <TextLine id="r1l66" custom="readingOrder {index:65;}">
                <Coords points="335,2331 1330,2369 1488,2366 1489,2323 335,2302"/>
                <Baseline points="348,2342 404,2341 460,2340 517,2340 573,2341 629,2342 686,2343 742,2344 798,2346 855,2347 911,2349 967,2350 1024,2352 1080,2353 1136,2354 1193,2355 1249,2356 1305,2356 1362,2356 1418,2355 1475,2354"/>
                <TextEquiv>
                    <Unicode>fallenden Sprödigkeit und Unbedeutendheit, indem die aller¬</Unicode>
                </TextEquiv>
            </TextLine>
            <TextLine id="r1l67" custom="readingOrder {index:66;}">
                <Coords points="1507,2346 1719,2363 1834,2351 1854,2369 1917,2370 1935,2353 2023,2361 2024,2324 1981,2320 1929,2333 1726,2308 1608,2328 1508,2315"/>
                <Baseline points="1522,2345 1547,2346 1573,2346 1598,2347 1624,2347 1650,2348 1675,2349 1701,2349 1727,2350 1752,2350 1778,2351 1803,2351 1829,2352 1855,2352 1880,2353 1906,2354 1932,2355 1957,2355 1983,2356 2009,2357"/>
                <TextEquiv>
                    <Unicode>und Kühnheiten, ohne aller</Unicode>
                </TextEquiv>
            </TextLine>
            <TextLine id="r1l68" custom="readingOrder {index:67;}">
                <Coords points="2500,2366 2529,2363 2615,2371 2629,2360 2635,2365 2655,2362 2655,2331 2626,2328 2620,2334 2609,2334 2554,2323 2500,2326"/>
                <Baseline points="2514,2362 2539,2361 2565,2362 2590,2362 2616,2361 2642,2360"/>
                <TextEquiv>
                    <Unicode>n Vor¬</Unicode>
                </TextEquiv>
            </TextLine>
            <TextLine id="r1l69" custom="readingOrder {index:68;}">
                <Coords points="2662,2359 3302,2380 3302,2332 3265,2325 2662,2324"/>
                <Baseline points="2675,2360 2705,2361 2736,2362 2767,2363 2797,2364 2828,2364 2859,2364 2889,2365 2920,2365 2951,2365 2982,2365 3012,2365 3043,2365 3074,2365 3104,2365 3135,2366 3166,2366 3196,2367 3227,2368 3258,2370 3289,2371"/>
                <TextEquiv>
                    <Unicode>Gardens, die ihren Gesangsp</Unicode>
                </TextEquiv>
            </TextLine>
            <TextLine id="r1l70" custom="readingOrder {index:69;}">
                <Coords points="339,2389 1495,2406 1496,2358 1456,2354 340,2346"/>
                <Baseline points="352,2381 408,2380 465,2379 521,2380 578,2380 634,2381 691,2382 747,2384 804,2385 860,2387 917,2389 973,2390 1030,2392 1086,2393 1143,2394 1199,2395 1256,2396 1312,2396 1369,2395 1425,2394 1482,2392"/>
                <TextEquiv>
                    <Unicode>gewöhnlichsten und alltäglichsten Sachen besprochen werden,</Unicode>
                </TextEquiv>
            </TextLine>
            <TextLine id="r1l71" custom="readingOrder {index:70;}">
                <Coords points="1501,2399 1648,2382 1673,2406 1691,2392 1868,2402 1912,2389 2032,2412 2033,2357 1936,2352 1906,2369 1835,2352 1726,2364 1502,2347"/>
                <Baseline points="1516,2383 1541,2384 1566,2385 1591,2386 1616,2386 1641,2387 1666,2388 1691,2389 1716,2390 1741,2391 1767,2392 1792,2392 1817,2393 1842,2393 1867,2394 1892,2394 1917,2394 1942,2395 1967,2394 1992,2394 2018,2394"/>
                <TextEquiv>
                    <Unicode>bilder (Puccini?) an Origin</Unicode>
                </TextEquiv>
            </TextLine>
            <TextLine id="r1l72" custom="readingOrder {index:71;}">
                <Coords points="2183,2402 2200,2402 2209,2394 2235,2406 2249,2403 2261,2407 2272,2401 2289,2402 2290,2367 2256,2363 2230,2366 2225,2360 2210,2371 2184,2367"/>
                <Baseline points="2198,2395 2223,2397 2248,2398 2274,2397"/>
                <TextEquiv>
                    <Unicode>u errc</Unicode>
                </TextEquiv>
            </TextLine>
            <TextLine id="r1l73" custom="readingOrder {index:72;}">
                <Coords points="2653,2406 3310,2420 3311,2374 2708,2372 2654,2351"/>
                <Baseline points="2668,2399 2699,2401 2730,2402 2762,2404 2793,2404 2824,2405 2856,2405 2887,2405 2918,2405 2950,2405 2981,2405 3012,2405 3044,2405 3075,2405 3106,2405 3138,2405 3169,2405 3200,2406 3232,2407 3263,2407 3295,2409"/>
                <TextEquiv>
                    <Unicode>des vorherrschenden Sprechgesanges</Unicode>
                </TextEquiv>
            </TextLine>
            <TextLine id="r1l74" custom="readingOrder {index:73;}">
                <Coords points="339,2413 1502,2437 1503,2386 1468,2382 340,2381"/>
                <Baseline points="355,2416 411,2416 468,2416 524,2417 581,2418 638,2419 694,2421 751,2422 808,2424 864,2426 921,2428 978,2429 1034,2431 1091,2432 1148,2434 1204,2434 1261,2435 1318,2435 1374,2435 1431,2434 1488,2433"/>
                <TextEquiv>
                    <Unicode>so daß man den Mut Neumanns bewundern muß, den Text</Unicode>
                </TextEquiv>
            </TextLine>
            <TextLine id="r1l75" custom="readingOrder {index:74;}">
                <Coords points="1499,2445 2337,2454 2369,2443 2370,2403 1500,2399"/>
                <Baseline points="1513,2429 1555,2428 1597,2429 1639,2429 1681,2429 1723,2430 1765,2431 1807,2431 1849,2432 1891,2433 1933,2434 1975,2435 2017,2436 2059,2437 2101,2438 2143,2439 2185,2440 2227,2440 2269,2441 2311,2441 2354,2441"/>
                <TextEquiv>
                    <Unicode>gereicht seiner Musik zum Vorteil; sie trifft</Unicode>
                </TextEquiv>
            </TextLine>
            <TextLine id="r1l76" custom="readingOrder {index:75;}">
                <Coords points="2494,2445 2523,2448 2528,2443 2560,2443 2571,2444 2580,2453 2603,2447 2620,2451 2635,2439 2649,2440 2650,2405 2595,2407 2590,2401 2547,2400 2523,2408 2495,2405"/>
                <Baseline points="2507,2440 2532,2439 2558,2440 2584,2441 2610,2442 2636,2441"/>
                <TextEquiv>
                    <Unicode>eweilig:</Unicode>
                </TextEquiv>
            </TextLine>
            <TextLine id="r1l77" custom="readingOrder {index:76;}">
                <Coords points="2661,2444 2908,2446 2934,2456 2992,2445 3000,2454 3043,2449 3044,2409 2926,2407 2900,2418 2843,2405 2662,2407"/>
                <Baseline points="2676,2439 2701,2439 2726,2439 2751,2440 2777,2441 2802,2442 2827,2443 2853,2444 2878,2444 2903,2445 2928,2445 2954,2445 2979,2445 3004,2445 3030,2444"/>
                <TextEquiv>
                    <Unicode>flott vertrat. Ihr wü</Unicode>
                </TextEquiv>
            </TextLine>
            <TextLine id="r1l78" custom="readingOrder {index:77;}">
                <Coords points="3141,2453 3187,2451 3196,2443 3213,2452 3228,2447 3250,2450 3262,2459 3268,2453 3311,2451 3312,2414 3248,2410 3243,2415 3214,2406 3171,2420 3142,2416"/>
                <Baseline points="3157,2444 3185,2445 3213,2445 3241,2445 3269,2446 3297,2448"/>
                <TextEquiv>
                    <Unicode>ur Seite</Unicode>
                </TextEquiv>
            </TextLine>
            <TextLine id="r1l79" custom="readingOrder {index:78;}">
                <Coords points="330,2450 1489,2486 1490,2434 1447,2425 331,2413"/>
                <Baseline points="344,2454 400,2454 457,2455 513,2455 570,2457 627,2458 683,2459 740,2461 796,2464 853,2465 910,2467 966,2468 1023,2470 1079,2472 1136,2473 1193,2473 1249,2474 1306,2474 1362,2473 1419,2472 1476,2470"/>
                <TextEquiv>
                    <Unicode>in dieser Fassung benutzt zu haben. Ihn reizte wohl der in</Unicode>
                </TextEquiv>
            </TextLine>
            <TextLine id="r1l80" custom="readingOrder {index:79;}">
                <Coords points="1508,2485 2401,2480 2441,2510 2648,2481 2648,2438 1509,2436"/>
                <Baseline points="1522,2469 1577,2470 1633,2471 1688,2472 1744,2474 1799,2475 1855,2476 1910,2477 1966,2478 2021,2479 2077,2480 2133,2481 2188,2482 2244,2482 2299,2483 2355,2483 2410,2484 2466,2484 2521,2484 2577,2484 2633,2484"/>
                <TextEquiv>
                    <Unicode>Stimmung mit großer Treue. Wie er den im ersten Auf¬</Unicode>
                </TextEquiv>
            </TextLine>
            <TextLine id="r1l81" custom="readingOrder {index:80;}">
                <Coords points="2660,2484 2999,2493 3000,2444 2959,2455 2868,2445 2856,2456 2779,2452 2767,2440 2721,2451 2661,2444"/>
                <Baseline points="2675,2482 2700,2481 2726,2481 2752,2481 2778,2482 2804,2482 2830,2483 2855,2483 2881,2484 2907,2485 2933,2485 2959,2486 2985,2486"/>
                <TextEquiv>
                    <Unicode>urfideler Wiener,</Unicode>
                </TextEquiv>
            </TextLine>
            <TextLine id="r1l82" custom="readingOrder {index:81;}">
                <Coords points="3180,2491 3249,2491 3260,2485 3283,2494 3300,2489 3320,2492 3321,2449 3272,2451 3263,2457 3249,2448 3209,2451 3180,2445"/>
                <Baseline points="3193,2483 3221,2484 3249,2485 3277,2485 3305,2483"/>
                <TextEquiv>
                    <Unicode>eicht ni</Unicode>
                </TextEquiv>
            </TextLine>
            <TextLine id="r1l83" custom="readingOrder {index:82;}">
                <Coords points="343,2493 1479,2532 1497,2489 343,2453"/>
                <Baseline points="356,2489 412,2491 468,2492 525,2494 581,2496 637,2498 694,2499 750,2501 806,2502 863,2504 919,2505 975,2506 1032,2508 1088,2509 1144,2509 1201,2510 1257,2511 1313,2511 1370,2512 1426,2512 1483,2512"/>
                <TextEquiv>
                    <Unicode>seiner Entwicklung eigenartig=packende Stoff. Fritz und</Unicode>
                </TextEquiv>
            </TextLine>
            <TextLine id="r1l84" custom="readingOrder {index:83;}">
                <Coords points="1496,2521 2641,2518 2575,2485 1496,2472"/>
                <Baseline points="1510,2514 1565,2513 1621,2513 1677,2513 1733,2513 1789,2514 1845,2514 1901,2515 1957,2516 2013,2517 2069,2518 2124,2519 2180,2520 2236,2521 2292,2521 2348,2522 2404,2522 2460,2522 2516,2521 2572,2521 2628,2519"/>
                <TextEquiv>
                    <Unicode>zuge vorherrschenden leichten Konversationston, die Un¬</Unicode>
                </TextEquiv>
            </TextLine>
            <TextLine id="r1l85" custom="readingOrder {index:84;}">
                <Coords points="2663,2520 2769,2536 2809,2530 2827,2513 2849,2534 2875,2523 2993,2533 2994,2490 2847,2479 2836,2488 2664,2485"/>
                <Baseline points="2676,2519 2701,2520 2726,2520 2751,2521 2777,2521 2802,2521 2827,2522 2852,2522 2878,2522 2903,2523 2928,2523 2953,2523 2979,2524"/>
                <TextEquiv>
                    <Unicode>ernsten Stunden</Unicode>
                </TextEquiv>
            </TextLine>
            <TextLine id="r1l86" custom="readingOrder {index:85;}">
                <Coords points="3185,2533 3199,2534 3208,2528 3216,2532 3222,2529 3233,2536 3248,2537 3251,2488 3237,2487 3228,2492 3222,2486 3188,2487"/>
                <Baseline points="3201,2524 3235,2526"/>
                <TextEquiv>
                    <Unicode>nüh</Unicode>
                </TextEquiv>
            </TextLine>
            <TextLine id="r1l87" custom="readingOrder {index:86;}">
                <Coords points="327,2544 1491,2575 1492,2529 328,2478"/>
                <Baseline points="340,2532 396,2532 453,2533 510,2534 567,2535 624,2536 681,2537 738,2539 795,2540 852,2542 909,2543 965,2545 1022,2546 1079,2548 1136,2549 1193,2549 1250,2550 1307,2550 1364,2550 1421,2550 1478,2549"/>
                <TextEquiv>
                    <Unicode>Theodor sind zwei junge Leben önner, von denen jener mit</Unicode>
                </TextEquiv>
            </TextLine>
            <TextLine id="r1l88" custom="readingOrder {index:87;}">
                <Coords points="1508,2570 2350,2545 2651,2582 2651,2516 1509,2522"/>
                <Baseline points="1522,2553 1577,2552 1633,2551 1689,2551 1744,2551 1800,2551 1856,2552 1911,2552 1967,2553 2023,2554 2079,2555 2134,2556 2190,2557 2246,2558 2301,2559 2357,2560 2413,2560 2468,2560 2524,2560 2580,2560 2636,2559"/>
                <TextEquiv>
                    <Unicode>gebundenheit und launige Frische bei dem improvisierten</Unicode>
                </TextEquiv>
            </TextLine>
            <TextLine id="r1l89" custom="readingOrder {index:88;}">
                <Coords points="2653,2562 2977,2567 2978,2527 2900,2531 2881,2521 2857,2532 2829,2517 2809,2526 2654,2522"/>
                <Baseline points="2668,2557 2694,2558 2721,2558 2748,2559 2775,2560 2802,2560 2828,2561 2855,2562 2882,2563 2909,2563 2936,2563 2963,2562"/>
                <TextEquiv>
                    <Unicode>Ton und Gesten</Unicode>
                </TextEquiv>
            </TextLine>
            <TextLine id="r1l90" custom="readingOrder {index:89;}">
                <Coords points="337,2573 1468,2602 1492,2565 338,2530"/>
                <Baseline points="353,2571 409,2571 465,2572 521,2573 577,2574 633,2575 689,2577 746,2578 802,2580 858,2581 914,2583 970,2584 1026,2585 1082,2587 1139,2588 1195,2589 1251,2590 1307,2590 1363,2590 1419,2590 1476,2589"/>
                <TextEquiv>
                    <Unicode>einer Dame, der Gattin des in dem Drama auftretenden</Unicode>
                </TextEquiv>
            </TextLine>
            <TextLine id="r1l91" custom="readingOrder {index:90;}">
                <Coords points="1501,2588 2572,2609 2649,2604 2650,2552 1502,2562"/>
                <Baseline points="1516,2587 1574,2588 1633,2589 1692,2590 1751,2591 1810,2592 1869,2592 1928,2593 1987,2593 2046,2594 2104,2594 2163,2595 2222,2595 2281,2596 2340,2597 2399,2597 2458,2598 2517,2599 2576,2600 2635,2601"/>
                <TextEquiv>
                    <Unicode>Souper und Tänzchen musitalisch außerordentlich treffend</Unicode>
                </TextEquiv>
            </TextLine>
            <TextLine id="r1l92" custom="readingOrder {index:91;}">
                <Coords points="2655,2606 2853,2602 2870,2614 2884,2600 2898,2612 2945,2604 2945,2567 2851,2559 2828,2567 2742,2565 2684,2561 2656,2548"/>
                <Baseline points="2669,2592 2695,2595 2721,2597 2747,2599 2773,2599 2799,2600 2825,2600 2851,2600 2877,2600 2903,2600 2929,2600"/>
                <TextEquiv>
                    <Unicode>Entdeckung zitt</Unicode>
                </TextEquiv>
            </TextLine>
            <TextLine id="r1l93" custom="readingOrder {index:92;}">
                <Coords points="323,2616 1496,2646 1477,2593 324,2576"/>
                <Baseline points="336,2611 393,2611 450,2611 507,2611 565,2612 622,2613 679,2614 737,2616 794,2617 851,2619 909,2621 966,2622 1023,2624 1080,2626 1138,2627 1195,2628 1252,2629 1310,2629 1367,2629 1424,2628 1482,2627"/>
                <TextEquiv>
                    <Unicode>Herrn, ein intimes Verhältnis hat. Nebenbei haben beide</Unicode>
                </TextEquiv>
            </TextLine>
            <TextLine id="r1l94" custom="readingOrder {index:93;}">
                <Coords points="1508,2631 2340,2639 2340,2602 2183,2594 1508,2597"/>
                <Baseline points="1523,2624 1563,2626 1603,2626 1643,2628 1683,2628 1723,2629 1763,2629 1804,2630 1844,2631 1884,2631 1924,2631 1964,2632 2004,2632 2044,2632 2085,2633 2125,2633 2165,2634 2205,2634 2245,2635 2285,2636 2326,2636"/>
                <TextEquiv>
                    <Unicode>schildert, so gelingen ihm nicht minder innig</Unicode>
                </TextEquiv>
            </TextLine>
            <TextLine id="r1l95" custom="readingOrder {index:94;}">
                <Coords points="2660,2645 2761,2640 2772,2647 2815,2642 2838,2649 2873,2642 2874,2610 2846,2600 2834,2609 2802,2602 2779,2607 2768,2600 2725,2605 2714,2598 2661,2608"/>
                <Baseline points="2674,2631 2700,2633 2726,2634 2752,2636 2779,2637 2805,2638 2831,2638 2858,2637"/>
                <TextEquiv>
                    <Unicode>Geschmack</Unicode>
                </TextEquiv>
            </TextLine>
            <TextLine id="r1l96" custom="readingOrder {index:95;}">
                <Coords points="2507,2649 2524,2648 2530,2642 2544,2650 2556,2641 2579,2640 2584,2646 2590,2642 2602,2648 2653,2640 2652,2603 2623,2601 2600,2608 2586,2602 2574,2609 2545,2601 2505,2606"/>
                <Baseline points="2522,2640 2551,2638 2581,2636 2610,2635 2640,2636"/>
                <TextEquiv>
                    <Unicode>ackende</Unicode>
                </TextEquiv>
            </TextLine>
            <TextLine id="r1l97" custom="readingOrder {index:96;}">
                <Coords points="335,2659 1299,2685 1489,2677 1490,2643 336,2610"/>
                <Baseline points="350,2646 406,2647 462,2649 518,2651 574,2652 631,2654 687,2655 743,2656 799,2657 855,2659 912,2660 968,2661 1024,2661 1080,2662 1136,2663 1193,2664 1249,2665 1305,2665 1361,2666 1417,2666 1474,2667"/>
                <TextEquiv>
                    <Unicode>mit den Mädchen Chriftine und Mizi ein kleines Techtel¬</Unicode>
                </TextEquiv>
            </TextLine>
            <TextLine id="r1l98" custom="readingOrder {index:97;}">
                <Coords points="1508,2670 1898,2668 1921,2689 2142,2667 2231,2689 2280,2679 2281,2638 1508,2632"/>
                <Baseline points="1522,2661 1559,2662 1596,2663 1633,2664 1670,2665 1708,2667 1745,2667 1782,2669 1819,2670 1856,2671 1894,2672 1931,2673 1968,2674 2005,2674 2042,2675 2080,2675 2117,2675 2154,2675 2191,2674 2228,2673 2266,2672"/>
                <TextEquiv>
                    <Unicode>Schilderungen. Die große Szene Christin</Unicode>
                </TextEquiv>
            </TextLine>
            <TextLine id="r1l99" custom="readingOrder {index:98;}">
                <Coords points="2653,2674 2673,2674 2690,2684 2736,2682 2753,2695 2765,2683 2788,2679 2820,2683 2821,2643 2721,2642 2655,2628"/>
                <Baseline points="2668,2671 2695,2673 2723,2675 2750,2676 2778,2677 2806,2675"/>
                <TextEquiv>
                    <Unicode>troffene</Unicode>
                </TextEquiv>
            </TextLine>
            <TextLine id="r1l100" custom="readingOrder {index:99;}">
                <Coords points="331,2684 1495,2724 1497,2661 331,2653"/>
                <Baseline points="344,2686 400,2688 457,2689 514,2690 571,2692 628,2693 685,2694 742,2695 799,2696 856,2698 913,2699 969,2700 1026,2701 1083,2702 1140,2703 1197,2704 1254,2705 1311,2706 1368,2706 1425,2707 1482,2707"/>
                <TextEquiv>
                    <Unicode>mechtel, das sich aber zwischen Fritz und Christine zu einer</Unicode>
                </TextEquiv>
            </TextLine>
            <TextLine id="r1l101" custom="readingOrder {index:100;}">
                <Coords points="1499,2702 2098,2730 2256,2718 2257,2678 1499,2668"/>
                <Baseline points="1513,2700 1549,2701 1585,2703 1622,2704 1658,2705 1695,2706 1731,2707 1768,2707 1804,2708 1841,2708 1877,2709 1913,2709 1950,2710 1986,2710 2023,2711 2059,2712 2096,2712 2132,2713 2169,2713 2205,2714 2242,2715"/>
                <TextEquiv>
                    <Unicode>Aufzuge schwingt sich zu ergreifendem?</Unicode>
                </TextEquiv>
            </TextLine>
            <TextLine id="r1l102" custom="readingOrder {index:101;}">
                <Coords points="2646,2721 2735,2716 2769,2725 2812,2725 2813,2679 2767,2679 2752,2693 2735,2681 2698,2678 2646,2689"/>
                <Baseline points="2661,2715 2688,2713 2715,2713 2743,2713 2770,2714 2798,2716"/>
                <TextEquiv>
                    <Unicode>mit vie</Unicode>
                </TextEquiv>
            </TextLine>
            <TextLine id="r1l103" custom="readingOrder {index:102;}">
                <Coords points="2567,2723 2587,2722 2596,2725 2604,2721 2610,2727 2619,2729 2633,2729 2639,2723 2653,2723 2652,2694 2638,2694 2626,2683 2617,2686 2611,2681 2600,2681 2591,2685 2586,2682 2566,2685"/>
                <Baseline points="2580,2718 2609,2716 2638,2716"/>
                <TextEquiv>
                    <Unicode>ind</Unicode>
                </TextEquiv>
            </TextLine>
            <TextLine id="r1l104" custom="readingOrder {index:103;}">
                <Coords points="319,2713 1484,2754 1485,2693 320,2687"/>
                <Baseline points="333,2725 389,2726 446,2727 503,2728 560,2730 617,2731 674,2733 731,2735 788,2737 845,2738 902,2740 958,2741 1015,2743 1072,2744 1129,2744 1186,2745 1243,2745 1300,2745 1357,2745 1414,2744 1471,2742"/>
                <TextEquiv>
                    <Unicode>ernsten Neigung verstärkt. Die Furcht Fritzens vor Ent¬</Unicode>
                </TextEquiv>
            </TextLine>
            <TextLine id="r1l105" custom="readingOrder {index:104;}">
                <Coords points="1498,2748 1622,2761 1642,2741 1716,2771 1883,2747 1937,2768 2265,2758 2265,2718 2234,2711 2096,2730 1499,2702"/>
                <Baseline points="1514,2743 1550,2744 1587,2744 1624,2745 1661,2746 1698,2746 1734,2747 1771,2748 1808,2748 1845,2749 1882,2749 1918,2750 1955,2750 1992,2751 2029,2751 2066,2751 2102,2752 2139,2752 2176,2752 2213,2751 2250,2751"/>
                <TextEquiv>
                    <Unicode>wächst bei Fritzens Abschied zu großer d</Unicode>
                </TextEquiv>
            </TextLine>
            <TextLine id="r1l106" custom="readingOrder {index:105;}">
                <Coords points="2648,2769 2662,2770 2683,2756 2700,2753 2708,2759 2723,2756 2728,2762 2751,2757 2783,2760 2795,2754 2803,2760 2823,2758 2824,2720 2649,2718"/>
                <Baseline points="2662,2753 2691,2753 2721,2753 2750,2754 2780,2755 2810,2754"/>
                <TextEquiv>
                    <Unicode>voll=ern</Unicode>
                </TextEquiv>
            </TextLine>
            <TextLine id="r1l107" custom="readingOrder {index:106;}">
                <Coords points="325,2751 471,2786 1381,2799 1482,2766 326,2719"/>
                <Baseline points="338,2761 394,2763 451,2764 507,2766 564,2768 620,2769 677,2771 733,2773 790,2775 846,2776 903,2778 959,2779 1016,2780 1072,2781 1129,2782 1185,2782 1242,2783 1298,2783 1355,2783 1411,2782 1468,2781"/>
                <TextEquiv>
                    <Unicode>dickung seines Verhältnisses durch den Gatten seiner „Dame“</Unicode>
                </TextEquiv>
            </TextLine>
            <TextLine id="r1l108" custom="readingOrder {index:107;}">
                <Coords points="1492,2780 2031,2803 2117,2794 2118,2759 1493,2740"/>
                <Baseline points="1506,2780 1535,2781 1565,2782 1595,2783 1625,2784 1655,2785 1685,2786 1714,2786 1744,2787 1774,2787 1804,2788 1834,2788 1864,2789 1894,2789 1923,2790 1953,2790 1983,2791 2013,2792 2043,2793 2073,2794 2103,2795"/>
                <TextEquiv>
                    <Unicode>kraft an. Im dritten Aufzuge,</Unicode>
                </TextEquiv>
            </TextLine>
            <TextLine id="r1l109" custom="readingOrder {index:108;}">
                <Coords points="2644,2803 2730,2796 2762,2810 2776,2795 2788,2804 2848,2800 2847,2757 2727,2761 2698,2753 2644,2760"/>
                <Baseline points="2659,2795 2688,2794 2717,2793 2746,2793 2775,2794 2804,2793 2833,2791"/>
                <TextEquiv>
                    <Unicode>Klatschba</Unicode>
                </TextEquiv>
            </TextLine>
            <TextLine id="r1l110" custom="readingOrder {index:109;}">
                <Coords points="305,2793 1487,2829 1468,2765 753,2789 306,2744"/>
                <Baseline points="319,2802 376,2804 434,2805 491,2806 549,2807 607,2809 664,2810 722,2811 780,2812 837,2814 895,2814 953,2816 1010,2817 1068,2818 1126,2818 1183,2819 1241,2820 1299,2821 1356,2822 1414,2822 1472,2823"/>
                <TextEquiv>
                    <Unicode>edessen Auftreten und Duellforderung, Fritzens Abschied von</Unicode>
                </TextEquiv>
            </TextLine>
            <TextLine id="r1l111" custom="readingOrder {index:110;}">
                <Coords points="1502,2821 1674,2821 1705,2842 1728,2825 1872,2839 1947,2824 2081,2841 2110,2836 2111,2798 1503,2783"/>
                <Baseline points="1516,2821 1545,2820 1574,2820 1603,2820 1632,2820 1661,2820 1690,2820 1719,2821 1748,2821 1777,2822 1806,2823 1835,2824 1864,2825 1893,2826 1922,2827 1951,2827 1980,2828 2009,2829 2038,2829 2067,2829 2096,2829"/>
                <TextEquiv>
                    <Unicode>das im ersten Aufzuge von Chr</Unicode>
                </TextEquiv>
            </TextLine>
            <TextLine id="r1l112" custom="readingOrder {index:111;}">
                <Coords points="2595,2832 2615,2835 2620,2842 2628,2843 2638,2838 2652,2840 2658,2798 2647,2796 2641,2798 2633,2794 2623,2801 2614,2803 2600,2801"/>
                <Baseline points="2610,2830 2638,2834"/>
                <TextEquiv>
                    <Unicode>¬</Unicode>
                </TextEquiv>
            </TextLine>
            <TextLine id="r1l113" custom="readingOrder {index:112;}">
                <Coords points="2654,2840 2674,2836 2700,2842 2709,2836 2778,2844 2806,2837 2823,2843 2855,2834 2854,2796 2751,2804 2725,2795 2679,2805 2668,2796 2653,2797"/>
                <Baseline points="2668,2838 2696,2835 2725,2833 2754,2833 2783,2834 2812,2834 2841,2833"/>
                <TextEquiv>
                    <Unicode>gab den</Unicode>
                </TextEquiv>
            </TextLine>
            <TextLine id="r1l114" custom="readingOrder {index:113;}">
                <Coords points="300,2866 1482,2877 1483,2837 301,2795"/>
                <Baseline points="314,2834 371,2837 429,2840 487,2843 545,2845 602,2847 660,2848 718,2850 776,2851 833,2852 891,2854 949,2855 1007,2856 1064,2857 1122,2858 1180,2859 1238,2860 1295,2861 1353,2862 1411,2863 1469,2865"/>
                <TextEquiv>
                    <Unicode>der nichtsahnenden Christine und die schließliche Nachricht von</Unicode>
                </TextEquiv>
            </TextLine>
            <TextLine id="r1l115" custom="readingOrder {index:114;}">
                <Coords points="1488,2873 2103,2873 2103,2835 2032,2828 1489,2825"/>
                <Baseline points="1502,2860 1531,2860 1560,2861 1589,2861 1619,2861 1648,2862 1677,2862 1706,2863 1736,2863 1765,2864 1794,2864 1823,2865 1853,2865 1882,2866 1911,2866 1940,2867 1970,2868 1999,2868 2028,2869 2057,2869 2087,2870"/>
                <TextEquiv>
                    <Unicode>liche Lied stimmungsvoll beginn</Unicode>
                </TextEquiv>
            </TextLine>
            <TextLine id="r1l116" custom="readingOrder {index:115;}">
                <Coords points="2643,2889 2674,2891 2705,2873 2760,2878 2780,2891 2797,2877 2872,2878 2871,2809 2853,2810 2828,2836 2771,2843 2750,2823 2736,2838 2642,2843"/>
                <Baseline points="2657,2878 2682,2875 2707,2873 2732,2872 2757,2871 2782,2871 2807,2871 2832,2872 2858,2873"/>
                <TextEquiv>
                    <Unicode>zum zweit</Unicode>
                </TextEquiv>
            </TextLine>
            <TextLine id="r1l117" custom="readingOrder {index:116;}">
                <Coords points="2577,2876 2614,2883 2620,2880 2648,2883 2652,2843 2629,2841 2619,2831 2616,2834 2607,2833 2598,2838 2581,2836"/>
                <Baseline points="2593,2872 2635,2876"/>
                <TextEquiv>
                    <Unicode>sch</Unicode>
                </TextEquiv>
            </TextLine>
            <TextLine id="r1l118" custom="readingOrder {index:117;}">
                <Coords points="320,2881 1355,2927 1487,2924 1488,2876 320,2861"/>
                <Baseline points="334,2880 391,2880 448,2882 505,2883 562,2884 619,2885 676,2887 733,2888 790,2890 847,2892 904,2893 961,2895 1018,2896 1075,2897 1132,2899 1189,2900 1246,2901 1303,2901 1360,2902 1417,2902 1474,2902"/>
                <TextEquiv>
                    <Unicode>Fritzens Tode, die Christinc ebenfalls in den Tod treibt, bilden</Unicode>
                </TextEquiv>
            </TextLine>
            <TextLine id="r1l119" custom="readingOrder {index:118;}">
                <Coords points="1490,2898 1590,2916 1613,2899 1860,2916 1941,2897 1998,2923 2110,2910 2110,2876 2082,2870 1490,2875"/>
                <Baseline points="1503,2906 1532,2904 1562,2902 1591,2901 1621,2900 1651,2900 1680,2900 1710,2900 1739,2901 1769,2901 1799,2902 1828,2902 1858,2903 1887,2904 1917,2905 1947,2905 1976,2906 2006,2907 2035,2907 2065,2907 2095,2907"/>
                <TextEquiv>
                    <Unicode>ganz köstlich gezeichnete Stimmun</Unicode>
                </TextEquiv>
            </TextLine>
            <TextLine id="r1l120" custom="readingOrder {index:119;}">
                <Coords points="2648,2915 2719,2910 2731,2916 2780,2905 2791,2916 2820,2911 2866,2920 2877,2909 2892,2909 2892,2877 2800,2876 2777,2885 2757,2876 2703,2875 2648,2886"/>
                <Baseline points="2661,2912 2688,2910 2715,2909 2742,2909 2769,2910 2796,2911 2823,2912 2850,2912 2877,2911"/>
                <TextEquiv>
                    <Unicode>oben angef</Unicode>
                </TextEquiv>
            </TextLine>
            <TextLine id="r1l121" custom="readingOrder {index:120;}">
                <Coords points="2475,2914 2549,2920 2558,2929 2569,2917 2604,2914 2641,2932 2655,2932 2656,2877 2627,2874 2584,2883 2575,2874 2547,2874 2538,2880 2475,2882"/>
                <Baseline points="2490,2911 2515,2913 2540,2913 2565,2912 2590,2912 2615,2912 2641,2914"/>
                <TextEquiv>
                    <Unicode>etrachten</Unicode>
                </TextEquiv>
            </TextLine>
            <TextLine id="r1l122" custom="readingOrder {index:121;}">
                <Coords points="3018,2922 3039,2922 3056,2914 3064,2923 3076,2923 3099,2912 3133,2924 3176,2919 3177,2876 3131,2884 3116,2898 3094,2877 3082,2874 3068,2874 3048,2885 3019,2879"/>
                <Baseline points="3034,2913 3059,2913 3085,2913 3110,2914 3136,2914 3162,2915"/>
                <TextEquiv>
                    <Unicode>Fuge ges</Unicode>
                </TextEquiv>
            </TextLine>
            <TextLine id="r1l123" custom="readingOrder {index:122;}">
                <Coords points="294,2945 343,2957 452,2928 613,2928 633,2948 685,2928 733,2943 811,2929 811,2891 349,2882 294,2902"/>
                <Baseline points="309,2934 334,2931 360,2927 386,2925 411,2924 437,2923 463,2923 488,2923 514,2923 540,2924 565,2925 591,2925 617,2926 642,2927 668,2928 694,2928 719,2928 745,2928 771,2927 797,2925"/>
                <TextEquiv>
                    <Unicode>„die= Handlung der Oper.</Unicode>
                </TextEquiv>
            </TextLine>
            <TextLine id="r1l124" custom="readingOrder {index:123;}">
                <Coords points="1496,2948 2090,2951 2107,2949 2108,2908 1999,2924 1942,2899 1497,2902"/>
                <Baseline points="1511,2940 1540,2938 1569,2938 1598,2937 1627,2937 1656,2937 1685,2938 1714,2939 1743,2939 1772,2940 1801,2941 1830,2942 1859,2943 1888,2944 1917,2945 1946,2946 1975,2946 2004,2946 2033,2946 2062,2946 2092,2945"/>
                <TextEquiv>
                    <Unicode>von Fritz' Briefen enthält, ist die</Unicode>
                </TextEquiv>
            </TextLine>
            <TextLine id="r1l125" custom="readingOrder {index:124;}">
                <Coords points="2256,2956 2296,2957 2302,2952 2316,2955 2327,2952 2365,2959 2366,2908 2352,2907 2343,2913 2288,2911 2283,2917 2277,2911 2257,2910"/>
                <Baseline points="2270,2947 2296,2949 2323,2950 2350,2949"/>
                <TextEquiv>
                    <Unicode>Schluß</Unicode>
                </TextEquiv>
            </TextLine>
            <TextLine id="r1l126" custom="readingOrder {index:125;}">
                <Coords points="2648,2957 2705,2949 2774,2967 2809,2950 2872,2962 2901,2945 2949,2958 2984,2944 3078,2968 3099,2951 3170,2957 3171,2917 2648,2911"/>
                <Baseline points="2662,2946 2688,2946 2714,2947 2740,2947 2766,2948 2792,2948 2818,2948 2844,2949 2870,2949 2896,2949 2922,2950 2948,2950 2974,2950 3000,2951 3026,2951 3052,2951 3078,2951 3104,2951 3130,2952 3156,2952"/>
                <TextEquiv>
                    <Unicode>Maßnahme! Die Aufnahme</Unicode>
                </TextEquiv>
            </TextLine>
            <TextLine id="r1l127" custom="readingOrder {index:126;}">
                <Coords points="2368,2963 2526,2952 2641,2970 2641,2915 2368,2917"/>
                <Baseline points="2383,2951 2410,2950 2437,2950 2464,2951 2491,2951 2518,2951 2545,2952 2572,2951 2599,2951 2627,2949"/>
                <TextEquiv>
                    <Unicode>furchtbar an¬</Unicode>
                </TextEquiv>
            </TextLine>
            <TextLine id="r1l128" custom="readingOrder {index:127;}">
                <Coords points="407,2971 1491,3005 1492,2944 1329,2921 408,2931"/>
                <Baseline points="420,2960 472,2962 525,2963 578,2964 631,2965 684,2966 737,2968 789,2969 842,2970 895,2971 948,2972 1001,2973 1054,2974 1107,2975 1159,2976 1212,2978 1265,2978 1318,2979 1371,2981 1424,2981 1477,2982"/>
                <TextEquiv>
                    <Unicode>In der musikalischen Anlage des Werkes geht</Unicode>
                </TextEquiv>
            </TextLine>
            <TextLine id="r1l129" custom="readingOrder {index:128;}">
                <Coords points="1499,2979 1657,2984 1676,3002 1703,2979 1852,2984 1900,3002 1987,2977 2012,3003 2127,2990 2128,2950 1499,2945"/>
                <Baseline points="1512,2977 1542,2977 1572,2978 1602,2978 1632,2978 1662,2979 1692,2979 1722,2979 1752,2980 1782,2980 1812,2980 1842,2981 1872,2981 1902,2982 1932,2982 1962,2983 1992,2983 2022,2984 2052,2984 2082,2984 2112,2985"/>
                <TextEquiv>
                    <Unicode>wachsende Spannung, die Christin</Unicode>
                </TextEquiv>
            </TextLine>
            <TextLine id="r1l130" custom="readingOrder {index:129;}">
                <Coords points="2650,3005 2762,2985 2839,2998 2876,2986 2925,3007 2951,2990 3051,2999 3075,2979 3103,2997 3172,2994 3172,2957 3112,2951 2900,2946 2868,2963 2805,2951 2776,2965 2756,2951 2650,2953"/>
                <Baseline points="2665,2988 2691,2988 2717,2987 2743,2987 2769,2987 2795,2987 2821,2987 2847,2986 2873,2986 2899,2986 2925,2986 2951,2987 2977,2987 3003,2987 3029,2988 3055,2989 3081,2989 3107,2991 3133,2991 3159,2993"/>
                <TextEquiv>
                    <Unicode>aber nicht begeistert. Das</Unicode>
                </TextEquiv>
            </TextLine>
            <TextLine id="r1l131" custom="readingOrder {index:130;}">
                <Coords points="2231,2993 2372,2988 2398,2999 2421,2988 2444,2999 2515,2994 2530,3008 2639,2994 2639,2957 2616,2951 2567,2962 2444,2951 2361,2968 2329,2950 2231,2950"/>
                <Baseline points="2245,2987 2270,2987 2295,2987 2320,2988 2346,2988 2371,2989 2396,2989 2421,2989 2447,2990 2472,2990 2497,2990 2522,2990 2548,2989 2573,2988 2598,2987 2624,2986"/>
                <TextEquiv>
                    <Unicode>herrscht, großartig ge¬</Unicode>
                </TextEquiv>
            </TextLine>
            <TextLine id="r1l132" custom="readingOrder {index:131;}">
                <Coords points="297,3006 753,2992 1355,3038 1473,3032 1474,2994 298,2954"/>
                <Baseline points="310,3001 367,3002 425,3003 482,3004 540,3005 597,3006 655,3007 712,3009 770,3010 827,3011 885,3012 942,3013 1000,3015 1057,3016 1115,3017 1172,3018 1230,3019 1287,3020 1345,3021 1402,3022 1460,3022"/>
                <TextEquiv>
                    <Unicode>Neumann ungefähr denselben Weg wie d'Albert in</Unicode>
                </TextEquiv>
            </TextLine>
            <TextLine id="r1l133" custom="readingOrder {index:132;}">
                <Coords points="1505,3025 2134,3030 2134,2990 2105,2986 1506,2982"/>
                <Baseline points="1518,3021 1548,3020 1578,3019 1608,3018 1638,3017 1668,3017 1698,3017 1728,3018 1758,3018 1788,3019 1819,3019 1849,3020 1879,3021 1909,3022 1939,3022 1969,3023 1999,3024 2029,3024 2059,3025 2089,3025 2120,3024"/>
                <TextEquiv>
                    <Unicode>schildert. Neumann weiß geschick</Unicode>
                </TextEquiv>
            </TextLine>
            <TextLine id="r1l134" custom="readingOrder {index:133;}">
                <Coords points="2644,3043 2906,3026 3175,3036 3176,2995 3101,2998 3075,2978 2926,3001 2877,2986 2645,2997"/>
                <Baseline points="2658,3027 2683,3027 2708,3027 2733,3026 2758,3026 2783,3026 2808,3026 2833,3026 2858,3026 2883,3026 2909,3026 2934,3026 2959,3026 2984,3026 3009,3026 3034,3026 3059,3027 3084,3027 3109,3028 3134,3028 3160,3029"/>
                <TextEquiv>
                    <Unicode>applaudierte die Darsteller</Unicode>
                </TextEquiv>
            </TextLine>
            <TextLine id="r1l135" custom="readingOrder {index:134;}">
                <Coords points="2194,3031 2610,3039 2647,3030 2647,2990 2194,2997"/>
                <Baseline points="2209,3027 2235,3027 2262,3027 2288,3027 2315,3027 2341,3027 2368,3027 2394,3027 2421,3027 2447,3027 2474,3027 2500,3027 2527,3027 2553,3027 2580,3026 2606,3026 2633,3025"/>
                <TextEquiv>
                    <Unicode>u charakterisieren und</Unicode>
                </TextEquiv>
            </TextLine>
            <TextLine id="r1l136" custom="readingOrder {index:135;}">
                <Coords points="320,3049 1480,3064 1480,3032 1397,3019 321,3009"/>
                <Baseline points="334,3041 390,3042 447,3042 503,3043 560,3044 616,3045 673,3046 729,3048 786,3049 842,3051 899,3052 956,3054 1012,3055 1069,3056 1125,3057 1182,3059 1238,3059 1295,3060 1351,3060 1408,3060 1465,3060"/>
                <TextEquiv>
                    <Unicode>„Tiefland“. Die einzelnen Szenen wirken einheitlich durch</Unicode>
                </TextEquiv>
            </TextLine>
            <TextLine id="r1l137" custom="readingOrder {index:136;}">
                <Coords points="1502,3063 2650,3078 2650,3026 1502,3023"/>
                <Baseline points="1516,3058 1572,3058 1628,3058 1684,3058 1740,3058 1796,3058 1852,3059 1908,3060 1964,3061 2020,3062 2076,3063 2132,3064 2188,3065 2244,3066 2300,3066 2356,3067 2412,3067 2468,3067 2524,3066 2580,3065 2636,3064"/>
                <TextEquiv>
                    <Unicode>zeichnet Situationen und Personen mit sicheren, oft nur</Unicode>
                </TextEquiv>
            </TextLine>
            <TextLine id="r1l138" custom="readingOrder {index:137;}">
                <Coords points="2663,3074 3219,3075 3219,3032 3194,3026 2663,3031"/>
                <Baseline points="2676,3069 2702,3068 2729,3067 2755,3067 2782,3067 2808,3067 2835,3067 2861,3067 2888,3067 2914,3068 2941,3068 2967,3068 2994,3069 3020,3069 3047,3069 3073,3069 3100,3069 3126,3069 3153,3068 3179,3067 3206,3066"/>
                <TextEquiv>
                    <Unicode>Hervorrufen des Kapellmeiste</Unicode>
                </TextEquiv>
            </TextLine>
            <TextLine id="r1l139" custom="readingOrder {index:138;}">
                <Coords points="3287,3070 3304,3072 3309,3076 3332,3079 3337,3042 3317,3039 3314,3042 3309,3035 3292,3033"/>
                <Baseline points="3302,3069 3318,3071"/>
                <TextEquiv>
                    <Unicode>un</Unicode>
                </TextEquiv>
            </TextLine>
            <TextLine id="r1l140" custom="readingOrder {index:139;}">
                <Coords points="324,3081 1483,3115 1476,3057 325,3046"/>
                <Baseline points="338,3077 394,3078 451,3079 507,3081 564,3082 620,3084 677,3086 733,3087 790,3088 846,3090 903,3092 959,3093 1016,3094 1072,3096 1129,3096 1185,3097 1242,3097 1298,3097 1355,3097 1411,3096 1468,3095"/>
                <TextEquiv>
                    <Unicode>beibehaltene, öfters wiederkehrende Motive und ausgespon¬</Unicode>
                </TextEquiv>
            </TextLine>
            <TextLine id="r1l141" custom="readingOrder {index:140;}">
                <Coords points="1502,3095 2650,3112 2650,3054 1502,3063"/>
                <Baseline points="1516,3095 1572,3095 1628,3096 1684,3096 1740,3097 1796,3098 1852,3099 1908,3100 1964,3101 2020,3102 2076,3102 2132,3103 2188,3104 2244,3104 2300,3105 2356,3105 2412,3105 2468,3105 2524,3104 2580,3104 2636,3103"/>
                <TextEquiv>
                    <Unicode>wenigen Strichen. Ich erinnere da u. a. an die leicht</Unicode>
                </TextEquiv>
            </TextLine>
            <TextLine id="r1l142" custom="readingOrder {index:141;}">
                <Coords points="2653,3121 3307,3131 3351,3108 3351,3077 2653,3078"/>
                <Baseline points="2667,3110 2700,3109 2733,3109 2767,3109 2800,3108 2834,3108 2867,3108 2901,3107 2934,3107 2968,3107 3001,3107 3034,3107 3068,3108 3101,3108 3135,3109 3168,3109 3202,3110 3235,3111 3269,3112 3302,3114 3336,3115"/>
                <TextEquiv>
                    <Unicode>schüchtern einsetzten, sehr reserviert.</Unicode>
                </TextEquiv>
            </TextLine>
            <TextLine id="r1l143" custom="readingOrder {index:142;}">
                <Coords points="328,3118 1452,3155 1479,3095 328,3092"/>
                <Baseline points="342,3117 398,3118 454,3120 510,3121 566,3122 622,3123 678,3125 734,3126 790,3128 846,3129 903,3130 959,3131 1015,3132 1071,3134 1127,3134 1183,3135 1239,3135 1295,3136 1351,3136 1407,3135 1464,3135"/>
                <TextEquiv>
                    <Unicode>nene Melodien, von denen einige als Erinnerungsmotive auch</Unicode>
                </TextEquiv>
            </TextLine>
            <TextLine id="r1l144" custom="readingOrder {index:143;}">
                <Coords points="1502,3140 2415,3167 2619,3152 2651,3104 1503,3097"/>
                <Baseline points="1516,3131 1572,3131 1628,3132 1684,3133 1740,3133 1796,3134 1852,3135 1908,3136 1964,3137 2020,3138 2076,3139 2132,3140 2188,3141 2244,3141 2300,3142 2356,3143 2412,3143 2468,3143 2524,3144 2580,3144 2636,3143"/>
                <TextEquiv>
                    <Unicode>hüpfenden Motive, die der sorglosen, munteren Mizi und dem</Unicode>
                </TextEquiv>
            </TextLine>
            <TextLine id="r1l145" custom="readingOrder {index:144;}">
                <Coords points="314,3159 1485,3184 1486,3146 316,3104"/>
                <Baseline points="328,3154 385,3156 442,3157 499,3158 556,3160 613,3161 670,3163 727,3164 784,3165 841,3167 899,3168 956,3169 1013,3171 1070,3172 1127,3173 1184,3174 1241,3175 1298,3176 1355,3176 1412,3177 1470,3177"/>
                <TextEquiv>
                    <Unicode>im leitmotivischen Sinne benutzt werden, so z. B. dasjenige,</Unicode>
                </TextEquiv>
            </TextLine>
            <TextLine id="r1l146" custom="readingOrder {index:145;}">
                <Coords points="1501,3185 2634,3206 2652,3135 1501,3133"/>
                <Baseline points="1515,3170 1571,3170 1627,3170 1683,3171 1739,3172 1795,3173 1851,3174 1907,3175 1963,3176 2019,3177 2075,3178 2131,3180 2187,3181 2243,3182 2299,3183 2355,3183 2411,3184 2467,3185 2523,3185 2579,3185 2636,3184"/>
                <TextEquiv>
                    <Unicode>fidelen Theodor mitgegeben sind, und anderseits an die ernsten,</Unicode>
                </TextEquiv>
            </TextLine>
            <TextLine id="r1l147" custom="readingOrder {index:146;}">
                <Coords points="320,3208 1367,3237 1479,3219 1480,3185 321,3153"/>
                <Baseline points="334,3194 390,3195 447,3196 503,3197 560,3198 616,3200 673,3201 729,3202 786,3204 842,3206 899,3207 955,3208 1012,3209 1068,3211 1125,3212 1181,3213 1238,3214 1294,3215 1351,3216 1407,3216 1464,3217"/>
                <TextEquiv>
                    <Unicode>das zum ersten Male bei der Fritz drohenden Entdeckung</Unicode>
                </TextEquiv>
            </TextLine>
            <TextLine id="r1l148" custom="readingOrder {index:147;}">
                <Coords points="1495,3209 2427,3243 2557,3213 2645,3237 2646,3180 1495,3186"/>
                <Baseline points="1510,3210 1566,3211 1622,3212 1678,3213 1734,3214 1790,3215 1846,3215 1902,3216 1958,3217 2014,3218 2071,3218 2127,3219 2183,3220 2239,3220 2295,3221 2351,3221 2407,3222 2463,3222 2519,3223 2575,3223 2632,3223"/>
                <TextEquiv>
                    <Unicode>gemütvollen Töne, mit denen Vater Weiring gezeichnet ist.</Unicode>
                </TextEquiv>
            </TextLine>
            <TextLine id="r1l149" custom="readingOrder {index:148;}">
                <Coords points="317,3241 1480,3256 1480,3219 318,3186"/>
                <Baseline points="332,3238 388,3238 445,3238 501,3238 558,3239 615,3240 671,3241 728,3242 784,3243 841,3245 898,3246 954,3248 1011,3249 1067,3250 1124,3251 1181,3253 1237,3253 1294,3254 1350,3254 1407,3254 1464,3253"/>
                <TextEquiv>
                    <Unicode>ganz pp erklingt, um in der Szene zwischen ihm und „dem</Unicode>
                </TextEquiv>
            </TextLine>
            <TextLine id="r1l150" custom="readingOrder {index:149;}">
                <Coords points="1495,3251 2585,3282 2642,3277 2643,3234 1495,3222"/>
                <Baseline points="1510,3247 1568,3248 1627,3249 1686,3250 1745,3251 1804,3252 1863,3253 1922,3254 1981,3255 2040,3256 2098,3257 2157,3257 2216,3258 2275,3259 2334,3259 2393,3260 2452,3260 2511,3260 2570,3260 2629,3260"/>
                <TextEquiv>
                    <Unicode>Daß einige Anklänge, u. a. ein sehr auffallender an „Tief¬</Unicode>
                </TextEquiv>
            </TextLine>
            <TextLine id="r1l151" custom="readingOrder {index:150;}">
                <Coords points="313,3277 1478,3299 1455,3249 313,3243"/>
                <Baseline points="326,3278 382,3277 439,3276 496,3276 553,3276 610,3277 667,3278 723,3279 780,3280 837,3282 894,3283 951,3285 1008,3286 1065,3288 1121,3289 1178,3290 1235,3290 1292,3290 1349,3290 1406,3289 1463,3288"/>
                <TextEquiv>
                    <Unicode>Herrn“ zu dräuender Macht anzuwachsen. In den Liebes¬</Unicode>
                </TextEquiv>
            </TextLine>
            <TextLine id="r1l152" custom="readingOrder {index:151;}">
                <Coords points="1495,3293 2217,3323 2264,3295 2424,3327 2550,3315 2580,3266 1495,3244"/>
                <Baseline points="1510,3283 1562,3285 1615,3286 1668,3288 1721,3289 1773,3291 1826,3292 1879,3293 1932,3294 1984,3296 2037,3297 2090,3298 2143,3299 2195,3300 2248,3300 2301,3301 2354,3301 2406,3301 2459,3301 2512,3301 2565,3300"/>
                <TextEquiv>
                    <Unicode>land“, vorkommen, sei der Vollständigkeit halber erwähnt.</Unicode>
                </TextEquiv>
            </TextLine>
            <TextLine id="r1l153" custom="readingOrder {index:152;}">
                <Coords points="310,3310 1405,3347 1474,3345 1475,3291 310,3281"/>
                <Baseline points="324,3316 380,3315 437,3314 494,3314 551,3314 608,3315 664,3316 721,3318 778,3319 835,3321 892,3322 948,3324 1005,3326 1062,3327 1119,3328 1176,3330 1232,3330 1289,3330 1346,3330 1403,3330 1460,3328"/>
                <TextEquiv>
                    <Unicode>szenen stehen Neumann innige Töne zur Verfügung, die sich</Unicode>
                </TextEquiv>
            </TextLine>
            <TextLine id="r1l154" custom="readingOrder {index:153;}">
                <Coords points="1560,3335 2639,3353 2619,3298 1560,3294"/>
                <Baseline points="1574,3333 1626,3334 1679,3335 1731,3336 1784,3337 1836,3338 1889,3340 1941,3341 1994,3342 2046,3343 2099,3344 2151,3345 2204,3346 2256,3346 2309,3347 2361,3347 2414,3347 2466,3347 2519,3347 2571,3346 2624,3346"/>
                <TextEquiv>
                    <Unicode>Die Aufführung stand unter einem sehr glücklichen</Unicode>
                </TextEquiv>
            </TextLine>
            <TextLine id="r1l155" custom="readingOrder {index:154;}">
                <Coords points="319,3357 1481,3384 1481,3332 319,3326"/>
                <Baseline points="332,3354 388,3354 445,3354 502,3355 559,3356 615,3356 672,3357 729,3359 786,3360 842,3361 899,3362 956,3363 1013,3364 1069,3365 1126,3366 1183,3367 1240,3368 1296,3368 1353,3368 1410,3368 1467,3367"/>
                <TextEquiv>
                    <Unicode>zu schön geschwungenen Kantilenen verdichten und von ein¬</Unicode>
                </TextEquiv>
            </TextLine>
            <TextLine id="r1l156" custom="readingOrder {index:155;}">
                <Coords points="1485,3378 2650,3403 2651,3348 1485,3343"/>
                <Baseline points="1500,3375 1556,3375 1613,3376 1670,3376 1727,3377 1784,3378 1840,3379 1897,3380 1954,3382 2011,3383 2068,3384 2124,3385 2181,3386 2238,3387 2295,3388 2352,3389 2408,3390 2465,3390 2522,3391 2579,3391 2636,3390"/>
                <TextEquiv>
                    <Unicode>Zeichen. An der Szenerie der Oper war mit ganz besonderem</Unicode>
                </TextEquiv>
            </TextLine>
            <TextLine id="r1l157" custom="readingOrder {index:156;}">
                <Coords points="320,3397 1485,3420 1485,3368 1373,3361 320,3348"/>
                <Baseline points="334,3392 390,3393 447,3394 504,3395 561,3396 617,3397 674,3398 731,3399 788,3400 844,3401 901,3401 958,3402 1015,3403 1071,3404 1128,3404 1185,3405 1242,3405 1298,3405 1355,3405 1412,3405 1469,3405"/>
                <TextEquiv>
                    <Unicode>fachster Harmonik getragen sind. Die F=Dur=Melodie (Klavier¬</Unicode>
                </TextEquiv>
            </TextLine>
            <TextLine id="r1l158" custom="readingOrder {index:157;}">
                <Coords points="1486,3408 2640,3436 2617,3395 1487,3377"/>
                <Baseline points="1500,3413 1556,3414 1612,3414 1668,3415 1725,3417 1781,3418 1837,3419 1893,3420 1950,3421 2006,3422 2062,3424 2118,3425 2175,3426 2231,3427 2287,3428 2343,3428 2400,3429 2456,3429 2512,3429 2568,3428 2625,3428"/>
                <TextEquiv>
                    <Unicode>Fleiße gearbeitet. Das mit vornehmer, gediegener Eleganz</Unicode>
                </TextEquiv>
            </TextLine>
            <TextLine id="r1l159" custom="readingOrder {index:158;}">
                <Coords points="315,3444 1486,3462 1487,3419 316,3401"/>
                <Baseline points="331,3430 388,3430 445,3431 502,3432 559,3433 616,3434 673,3435 730,3437 787,3438 844,3439 902,3440 959,3442 1016,3443 1073,3443 1130,3444 1187,3445 1244,3445 1301,3446 1358,3445 1415,3445 1473,3444"/>
                <TextEquiv>
                    <Unicode>auszug S. 33), ich möchte sie das „Liebesmotio“ nennen, ist</Unicode>
                </TextEquiv>
            </TextLine>
            <TextLine id="r1l160" custom="readingOrder {index:159;}">
                <Coords points="1495,3451 2655,3471 2647,3433 1496,3413"/>
                <Baseline points="1509,3450 1565,3451 1622,3451 1678,3452 1735,3453 1792,3455 1848,3456 1905,3457 1961,3459 2018,3460 2075,3462 2131,3463 2188,3464 2244,3465 2301,3466 2358,3467 2414,3467 2471,3467 2527,3467 2584,3466 2641,3465"/>
                <TextEquiv>
                    <Unicode>ausgestattete Nimmer Fritzens wirkte noch nicht einmal so</Unicode>
                </TextEquiv>
            </TextLine>
            <TextLine id="r1l161" custom="readingOrder {index:160;}">
                <Coords points="314,3458 1479,3492 1479,3451 1399,3441 314,3427"/>
                <Baseline points="328,3465 384,3467 441,3469 498,3470 555,3472 612,3474 668,3476 725,3477 782,3478 839,3479 896,3480 952,3481 1009,3482 1066,3482 1123,3483 1180,3483 1236,3484 1293,3484 1350,3484 1407,3483 1464,3483"/>
                <TextEquiv>
                    <Unicode>ebenso zart wie stimmungsvoll; es beherrscht die ganze</Unicode>
                </TextEquiv>
            </TextLine>
            <TextLine id="r1l162" custom="readingOrder {index:161;}">
                <Coords points="1484,3492 2545,3520 2651,3518 2652,3472 1484,3455"/>
                <Baseline points="1497,3488 1554,3490 1611,3491 1668,3493 1725,3494 1782,3496 1839,3497 1896,3498 1953,3499 2010,3500 2067,3502 2124,3502 2181,3503 2238,3504 2295,3504 2352,3505 2409,3505 2466,3505 2523,3505 2580,3504 2637,3504"/>
                <TextEquiv>
                    <Unicode>überzeugend, Hie das Mansardenzimmer Weirings. Hier</Unicode>
                </TextEquiv>
            </TextLine>
            <TextLine id="r1l163" custom="readingOrder {index:162;}">
                <Coords points="305,3496 1470,3530 1470,3489 1241,3471 305,3470"/>
                <Baseline points="320,3506 376,3507 433,3507 490,3508 547,3509 604,3510 660,3511 717,3513 774,3514 831,3515 888,3517 944,3518 1001,3520 1058,3521 1115,3522 1172,3522 1228,3523 1285,3524 1342,3524 1399,3524 1456,3523"/>
                <TextEquiv>
                    <Unicode>Wiedersehensszene beider mit glücklichster Beibehaltung. Auch</Unicode>
                </TextEquiv>
            </TextLine>
            <TextLine id="r1l164" custom="readingOrder {index:163;}">
                <Coords points="1479,3545 2655,3567 2656,3495 1479,3488"/>
                <Baseline points="1494,3526 1551,3529 1608,3530 1665,3532 1723,3534 1780,3535 1837,3537 1895,3538 1952,3539 2009,3540 2067,3540 2124,3541 2181,3542 2238,3542 2296,3542 2353,3543 2410,3543 2468,3543 2525,3543 2582,3543 2640,3543"/>
                <TextEquiv>
                    <Unicode>war alles so durch und durch spießbürgerlich=gemütlich bis</Unicode>
                </TextEquiv>
            </TextLine>
            <TextLine id="r1l165" custom="readingOrder {index:164;}">
                <Coords points="310,3543 1481,3575 1482,3529 311,3492"/>
                <Baseline points="325,3542 382,3543 439,3544 496,3545 553,3546 610,3546 667,3548 724,3549 781,3551 838,3552 895,3554 952,3555 1009,3556 1066,3558 1123,3559 1180,3560 1237,3561 1294,3563 1351,3564 1408,3564 1466,3565"/>
                <TextEquiv>
                    <Unicode>die letzte Szene des ersten Aufzuges wird von einer glücklich</Unicode>
                </TextEquiv>
            </TextLine>
            <TextLine id="r1l166" custom="readingOrder {index:165;}">
                <Coords points="1485,3581 2452,3596 2639,3582 2639,3536 1485,3547"/>
                <Baseline points="1498,3569 1554,3569 1610,3569 1666,3570 1723,3571 1779,3571 1835,3573 1892,3573 1948,3575 2004,3576 2061,3577 2117,3578 2173,3580 2229,3581 2286,3582 2342,3582 2398,3582 2455,3583 2511,3582 2567,3582 2624,3581"/>
                <TextEquiv>
                    <Unicode>zum quinkelierenden Piepmatz und den billigen Bildern an</Unicode>
                </TextEquiv>
            </TextLine>
            <TextLine id="r1l167" custom="readingOrder {index:166;}">
                <Coords points="315,3576 1477,3615 1458,3562 316,3541"/>
                <Baseline points="330,3577 386,3578 443,3580 499,3581 556,3582 613,3583 669,3585 726,3586 782,3587 839,3589 896,3590 952,3592 1009,3593 1065,3594 1122,3596 1179,3597 1235,3598 1292,3599 1348,3601 1405,3602 1462,3603"/>
                <TextEquiv>
                    <Unicode>erfundenen melodischen Linie (2. Liebesmotiv) durchzogen, die</Unicode>
                </TextEquiv>
            </TextLine>
            <TextLine id="r1l168" custom="readingOrder {index:167;}">
                <Coords points="1488,3612 2450,3620 2478,3647 2639,3621 2640,3586 1489,3569"/>
                <Baseline points="1503,3602 1559,3603 1615,3604 1671,3606 1727,3606 1783,3607 1839,3608 1895,3609 1951,3610 2007,3611 2063,3612 2119,3613 2175,3614 2231,3614 2287,3615 2343,3617 2399,3618 2455,3619 2511,3620 2567,3622 2624,3623"/>
                <TextEquiv>
                    <Unicode>der Wand, daß man sich beinahe hineinsetzen mochte und mit</Unicode>
                </TextEquiv>
            </TextLine>
            <TextLine id="r1l169" custom="readingOrder {index:168;}">
                <Coords points="314,3616 1480,3629 1457,3602 315,3576"/>
                <Baseline points="329,3617 385,3617 442,3618 499,3619 556,3621 613,3622 670,3623 726,3625 783,3627 840,3629 897,3630 954,3632 1011,3633 1068,3635 1124,3636 1181,3637 1238,3638 1295,3639 1352,3639 1409,3639 1466,3639"/>
                <TextEquiv>
                    <Unicode>durch kurze, unruhvolle Unterbrechungen immer wieder wie</Unicode>
                </TextEquiv>
            </TextLine>
            <TextLine id="r1l170" custom="readingOrder {index:169;}">
                <Coords points="1480,3640 2556,3672 2642,3665 2643,3633 1481,3606"/>
                <Baseline points="1495,3642 1551,3643 1608,3644 1664,3645 1721,3646 1778,3647 1834,3648 1891,3649 1947,3651 2004,3652 2061,3653 2117,3654 2174,3655 2230,3656 2287,3657 2344,3657 2400,3658 2457,3658 2513,3658 2570,3658 2627,3658"/>
                <TextEquiv>
                    <Unicode>den gemütlichen Weanern a bissel plauschen; gelt? Sogar</Unicode>
                </TextEquiv>
            </TextLine>
            <TextLine id="r1l171" custom="readingOrder {index:170;}">
                <Coords points="314,3660 1370,3687 1473,3684 1474,3644 315,3617"/>
                <Baseline points="328,3651 384,3655 441,3657 497,3660 554,3662 610,3665 667,3666 723,3668 780,3669 836,3670 893,3672 950,3673 1006,3674 1063,3675 1119,3676 1176,3677 1232,3678 1289,3680 1345,3681 1402,3682 1459,3684"/>
                <TextEquiv>
                    <Unicode>der tröstende Mondschein durch finstere Wolken bricht. Während</Unicode>
                </TextEquiv>
            </TextLine>
            <TextLine id="r1l172" custom="readingOrder {index:171;}">
                <Coords points="1483,3687 2470,3711 2634,3704 2635,3670 1484,3650"/>
                <Baseline points="1497,3684 1553,3685 1609,3686 1665,3688 1721,3689 1777,3691 1833,3691 1890,3693 1946,3694 2002,3695 2058,3696 2114,3697 2170,3697 2226,3698 2283,3698 2339,3698 2395,3698 2451,3698 2507,3698 2563,3697 2620,3696"/>
                <TextEquiv>
                    <Unicode>der Regulatör an der Wand hatte sich der in der Oper vor¬</Unicode>
                </TextEquiv>
            </TextLine>
            <TextLine id="r1l173" custom="readingOrder {index:172;}">
                <Coords points="319,3712 2643,3766 2642,3691 320,3660"/>
                <Baseline points="333,3694 447,3698 562,3701 677,3704 792,3707 906,3709 1021,3712 1136,3714 1251,3716 1365,3718 1480,3720 1595,3722 1710,3724 1824,3726 1939,3728 2054,3729 2169,3732 2283,3733 2398,3735 2513,3737 2628,3739"/>
                <TextEquiv>
                    <Unicode>die Oper ohne Vorspiel beginnt, hat Neumann dem zweiten I geschriebenen=Zeit# is schlägt 12 Uhr mittag) fügen müssen,</Unicode>
                </TextEquiv>
            </TextLine>
            <TextEquiv>
                <Unicode>5. Liebelei box 12/2
Büro-Ausstellung Wien 8.—19. November
siehe Rückseite.
Telephon 12.801.
Die 2
„OUSEIVEN
. Isterr. behördl. konz. Unternehmen für Zeitungs-Ausschaltte
Wien, I., Concordiaplatz 4.
Vertretungen
 in Berlin, Budapest, Chicago, Christiania, Genf, Kopen¬
agen, London, Madrid, Mailand, Minneapolis, Hew-Vork.
Paria, Rom, San Francisco, Stockholm, St. Petersburg.
(Ouellenangabe chae Gewähr).
Ausschnitt aus:
Nannoverscher Courier
EnLMnk 111—


und dritten Aufzuge größere selbständige Orchestersätze vor= und war auf 12 gestellt. Das mö
Königliche Schauspiele.
gegeben. Das des zweiten Aufzuges bringt zuerst ein sanft!
beweisen aber die Sorgfalt der R
klagendes, gemütvolles Thema, das nachher bei Weirings
Sorgfalt hatte die musikalische Sei
Zum ersten Male: „Liebelei"; Oper von Franz Neumann.
(Vater Christinens) Erinnerung an seine verstorbene Frau
fahren. Kapellmeister Ger
Unter Benutzung des gleichnamigen Schauspiels von
erklingt, worauf eine rexuläre vierstimmige Fuge folgt, deren
holung der musikalischen
#.
Sümißzler ha##der in Frankfurt a. M. als Kapellmeister
Einflechtung mir allertings wenig gerechtfertigt erscheint. Das
das Orchester zu glänzer
lebende Komponist ein Wort=Tondrama geschaffen, das in
Vorspiel zum dritten Aufzuge bildet eine Art sinfonisches
seits auch gehörig zurüc
iner Beziehung eine völlige Neuerscheinung auf diesem
Intermezzo, in welchem das Nachemotiv und das zweite
Christine. Anfänglich kl
Gebiete bedeutet. Der Tegt der „Oper“ (wie Neumann sein
Liebesmotiv die Hauptrolle spielen. Leider werden diese
beiden letzten Aufzügen
Werk nennt) ist nämlich vom ersten bis zum letzten Wort in
Themen aber nur nacheinander gebracht, ohne kontrapunktisch¬
und genügte den Dramat
Prosa gehalten; nicht ein einziger Ansatz zu ge¬
organischen Zusammenhang. Dieses Vorspiel ist betitelt:
trefflich gelang ihr die Wiet
schlossenem Vers, nicht einmal zum Versmaß ist vorhanden,
„Duell und Fritz' Ende“; Neimann will a
ihm diesen
dieser Rolle, die sie mit er
alles in schlicht bürgerlichem Unterhaltungston, selbst in den
Vorgang und die letzten Gedacken
ine ge¬
wußte. Die in Verzweiflun
Szenen mit gesteigertem Gefühlsausdruck. Dabei ist der
hören, schildern. Neumanns
esszenen
um den erschoffenen Geliebten
Text oft von einer für die musikalische Einkleidung auf¬
einfach, in den dramatischen
Eine lecke kleine Mondaine
matik
fallenden Sprödigkeit und Unbedeutendheit, indem die aller¬
und Kühnheiten, ohne aller
n Vor¬
Gardens, die ihren Gesangsp
gewöhnlichsten und alltäglichsten Sachen besprochen werden,
bilder (Puccini?) an Origin
u errc
des vorherrschenden Sprechgesanges
so daß man den Mut Neumanns bewundern muß, den Text
gereicht seiner Musik zum Vorteil; sie trifft
eweilig:
flott vertrat. Ihr wü
ur Seite
in dieser Fassung benutzt zu haben. Ihn reizte wohl der in
Stimmung mit großer Treue. Wie er den im ersten Auf¬
urfideler Wiener,
eicht ni
seiner Entwicklung eigenartig=packende Stoff. Fritz und
zuge vorherrschenden leichten Konversationston, die Un¬
ernsten Stunden
nüh
Theodor sind zwei junge Leben önner, von denen jener mit
gebundenheit und launige Frische bei dem improvisierten
Ton und Gesten
einer Dame, der Gattin des in dem Drama auftretenden
Souper und Tänzchen musitalisch außerordentlich treffend
Entdeckung zitt
Herrn, ein intimes Verhältnis hat. Nebenbei haben beide
schildert, so gelingen ihm nicht minder innig
Geschmack
ackende
mit den Mädchen Chriftine und Mizi ein kleines Techtel¬
Schilderungen. Die große Szene Christin
troffene
mechtel, das sich aber zwischen Fritz und Christine zu einer
Aufzuge schwingt sich zu ergreifendem?
mit vie
ind
ernsten Neigung verstärkt. Die Furcht Fritzens vor Ent¬
wächst bei Fritzens Abschied zu großer d
voll=ern
dickung seines Verhältnisses durch den Gatten seiner „Dame“
kraft an. Im dritten Aufzuge,
Klatschba
edessen Auftreten und Duellforderung, Fritzens Abschied von
das im ersten Aufzuge von Chr
¬
gab den
der nichtsahnenden Christine und die schließliche Nachricht von
liche Lied stimmungsvoll beginn
zum zweit
sch
Fritzens Tode, die Christinc ebenfalls in den Tod treibt, bilden
ganz köstlich gezeichnete Stimmun
oben angef
etrachten
Fuge ges
„die= Handlung der Oper.
von Fritz' Briefen enthält, ist die
Schluß
Maßnahme! Die Aufnahme
furchtbar an¬
In der musikalischen Anlage des Werkes geht
wachsende Spannung, die Christin
aber nicht begeistert. Das
herrscht, großartig ge¬
Neumann ungefähr denselben Weg wie d'Albert in
schildert. Neumann weiß geschick
applaudierte die Darsteller
u charakterisieren und
„Tiefland“. Die einzelnen Szenen wirken einheitlich durch
zeichnet Situationen und Personen mit sicheren, oft nur
Hervorrufen des Kapellmeiste
un
beibehaltene, öfters wiederkehrende Motive und ausgespon¬
wenigen Strichen. Ich erinnere da u. a. an die leicht
schüchtern einsetzten, sehr reserviert.
nene Melodien, von denen einige als Erinnerungsmotive auch
hüpfenden Motive, die der sorglosen, munteren Mizi und dem
im leitmotivischen Sinne benutzt werden, so z. B. dasjenige,
fidelen Theodor mitgegeben sind, und anderseits an die ernsten,
das zum ersten Male bei der Fritz drohenden Entdeckung
gemütvollen Töne, mit denen Vater Weiring gezeichnet ist.
ganz pp erklingt, um in der Szene zwischen ihm und „dem
Daß einige Anklänge, u. a. ein sehr auffallender an „Tief¬
Herrn“ zu dräuender Macht anzuwachsen. In den Liebes¬
land“, vorkommen, sei der Vollständigkeit halber erwähnt.
szenen stehen Neumann innige Töne zur Verfügung, die sich
Die Aufführung stand unter einem sehr glücklichen
zu schön geschwungenen Kantilenen verdichten und von ein¬
Zeichen. An der Szenerie der Oper war mit ganz besonderem
fachster Harmonik getragen sind. Die F=Dur=Melodie (Klavier¬
Fleiße gearbeitet. Das mit vornehmer, gediegener Eleganz
auszug S. 33), ich möchte sie das „Liebesmotio“ nennen, ist
ausgestattete Nimmer Fritzens wirkte noch nicht einmal so
ebenso zart wie stimmungsvoll; es beherrscht die ganze
überzeugend, Hie das Mansardenzimmer Weirings. Hier
Wiedersehensszene beider mit glücklichster Beibehaltung. Auch
war alles so durch und durch spießbürgerlich=gemütlich bis
die letzte Szene des ersten Aufzuges wird von einer glücklich
zum quinkelierenden Piepmatz und den billigen Bildern an
erfundenen melodischen Linie (2. Liebesmotiv) durchzogen, die
der Wand, daß man sich beinahe hineinsetzen mochte und mit
durch kurze, unruhvolle Unterbrechungen immer wieder wie
den gemütlichen Weanern a bissel plauschen; gelt? Sogar
der tröstende Mondschein durch finstere Wolken bricht. Während
der Regulatör an der Wand hatte sich der in der Oper vor¬
die Oper ohne Vorspiel beginnt, hat Neumann dem zweiten I geschriebenen=Zeit# is schlägt 12 Uhr mittag) fügen müssen,</Unicode>
            </TextEquiv>
        </TextRegion>
    </Page>
</PcGts>
