3436 4320
273 219 700 318 5. Liebe
411 216 1414 330 Sei box 10/4
1808 1397 1931 1514 12
933 1519 1580 1601 „Schlesische Morgenzeitung“:
1913 1515 3187 1596 gezeichnet, keine kraß geschilderten Ausnahmeerscheinungen, sondern Ver¬
1902 1570 3190 1632 treter einer leider nur zu breiten Schicht in der großen Masse des
687 1566 1885 1638 Lobetheater. Als zweite Novität wurde am Sonnabend „Liebelei“,
1902 1610 3187 1673 Volkes. Die Wiener Lokalfärbung kommt mit ihrem gemüthlichen Tone
621 1621 1893 1659 Schauspiel in drei Akten von A. Schnitzler, gegeben, welches zwar
1910 1656 3182 1695 dem Ganzen sehr zu statten. Das zahlreich erschienene Publikum
613 1661 1892 1737 nicht reich an Abwechselung oder Verwickelungen ist, dafür aber eine
1901 1691 3173 1760 nahm auch diese zweite Novität der neuen Direktion bei¬
623 1694 1415 1768 tiefernste und ergreifende Tendenz verfolgt.
1918 1727 2168 1795 fällig auf.
1009 1744 1499 1822 „Schlesische Zeitung":
2289 1752 2785 1826 Breslauer=Zeitung“:
694 1791 1897 1862 Der Verfasser der am Sonnabend in Scene gegangenen zweiten
1985 1803 3179 1867 Schnitzler gehört zu der Klasse derer, die wie Hartleben (mit
617 1837 1887 1906 Novität der Lobebühne, des dreiaktigen Schauspiels „Liebelei“
1897 1841 3189 1906 dem er die meisten Berührungspunkte haben dürfte), Hirschfeld, Reu¬
611 1872 1892 1935 Dr. Arthur Schnitzler, seinem eigentlichen Berufe nach praktischer Arzt
1894 1894 3186 1954 ling u. A. noch nicht gänzlich der moralisirenden Tendenz abgesagt
606 1923 1891 1970 in Wien, hat einen Stoff aus dem vollen modernen Leben heraus¬
1911 1934 3200 1981 haben, mit welcher bis zum Auftauchen der jüngstdeutschen Richtung die
616 1955 1897 2009 gegriffen. Es ist die Dramatisirung einer leider ziemlich alltäglichen
1916 1972 3186 2019 nordländischen Dichter dominirten. Er ist eine vorwiegend sentimentale
628 2008 1898 2059 Geschichte, die ebenso oder ganz ähnlich in den Lokalnachrichten oder
1909 2006 3183 2055 Natur, aber viel zu sehr Künstler und mit viel zu gutem Erfolge bei
617 2041 1894 2089 Polizeiberichten einer Großstadt nur zu oft gemeldet wird. Beweist
1900 2048 3179 2099 Maupassant in die Schule gegangen. Für Mängel werden wir aber
614 2077 1880 2131 Schnitzler in zder Darstellung dieser drei Charaktere, des Geigers,
1905 2078 3188 2134 reichlich durch ungleich wichtigere Vorzüge entschädigt. Das kleine Werk
616 2122 1899 2169 seiner Tochter und des ungetreuen Liebhabers, eine hervorragende Be¬
1906 2123 3185 2170 bekundet durchweg den echten Dichter, eine eigene künstlerische
622 2160 1899 2216 gabung zu scharfer, tiefgehender Beobachtung der im Strome des Lebens
1897 2159 3176 2215 Persönlichkeit. Ob man Anlehnungen und Aehnlichkeiten mit anderen
612 2201 1895 2250 auftauchenden Erscheinungen, der Menschen wie der die Entwickelung
1904 2202 3176 2250 Dichtern und Dichtwerken in ihm findet, will dabei wenig besagen.
617 2240 1887 2285 und die Geschicke derselben wesentlich beeinflussenden und bestimmenden
1907 2237 3168 2291 Bezeichnend ist, daß die „Liebelei“ in derselben Weise denselben Stoff,
611 2282 1883 2328 Verhältnisse, so liefert er in der Schilderung der Nebenpersonen auch
1900 2280 3176 2328 wenn auch mit anderem Schluß und anderen Schlüssen, behandelt wie
601 2317 1891 2364 erfreuliche Proben eines glücklichen Humors, obwohl diesem bei der Un¬
1906 2314 3178 2375 Reulings „Gerechte Welt“. Aber dabei sind die zwei Werke von der
616 2358 1884 2404 erquicklichkeit des ganzen Themas nur wenig Gelegenheit zu ausgiebtger
1894 2358 3171 2419 denkbar größten Verschiedenheit. Das Wort duo quum idem faciunt,
611 2393 1884 2450 Entfaltung gewährt wird. Der lustige Freund Lobheimer's, Theodor Kaiser,
1899 2400 3183 2449 non est idem bewährt sich eben auch beim Naturalismus trotz allem
612 2436 1887 2480 ist ebenfalls ein Lebemann, der es mit Sitte und Moral nicht genau
1903 2431 3182 2498 Gerede von Photographentechnik. Mag man dem Naturalismus nach¬
606 2473 1885 2529 nimmt, doch er ist von harmloserem Schlage. Er hat auch eine Liebelei
1897 2476 3182 2521 sagen was man will — und ich bin der letzte, der ihn blindlings als
607 2512 1884 2559 und zwar mit einer kleinen drolligen Modistin, aber er macht dieser keine
1903 2516 3178 2568 eine Gabe des Himmels hinnehmen möchte — so wird man ihm doch
607 2556 1891 2598 Hoffnung auf Verlöbniß und Heirath, und die fesche Mizi, der vorzüglich
1899 2556 3175 2596 das Eine nicht absprechen können, daß er uns in einer Zeit, als die
606 2594 1889 2639 getroffene Typus der in der Wahl der Mittel zur Befriedigung ihrer
1889 2586 3181 2644 deutsche Literatur ganz zu versimpeln und zu vertroddeln drohte, eine
603 2635 1887 2682 jugendlichen Lebenskust nicht gerade wählerischen „Confektioneuse“, nimmt
1898 2630 3174 2679 Schule gebracht hat, deren Jünger wie Schnitzler das volle Menschen¬
614 2671 1893 2736 die Geschichte auch nicht tragisch. Sie amüfiren sich heute köstlich zu¬
1895 2673 3171 2710 leben zu packen, es in vollblütg lebenswahren Verkörperungen und
611 2712 1885 2755 sammen, und morgen werden sie sich vielleicht auf Nimmerwiedersehen
1902 2711 3190 2761 gehüllt in eine bannende Stimmungsatmosphäre von überzeugender Wahr¬
611 2752 1881 2800 trennen. Der Autor hat sich nicht verleiten lassen, in Hauptmann's
1898 2740 3188 2803 heit auf der Bühne wiederzugeben verstehen. Was für bedeutende Künstler
613 2786 1879 2837 Fußtapfen zu treten und das Thema zu einem Tendenzdrama in
1904 2786 3180 2847 besitzen wir heute, die nicht aus oder durch den Naturalismus hervor¬
614 2827 1882 2871 socialistischem Sinne auszubeuten, sondern die Verschuldung auf beiden
1895 2827 3174 2881 gegangen sind. Das Schnitzler'sche Werk macht von Anfang an bis
618 2866 1881 2918 Seiten gerecht vertheilt. Auch hat er es mit anerkennenswerthem Geschick
1900 2866 3179 2920 auf den erörterten Schlußdialog überall den Eindruck des Erlebten,
605 2905 1877 2957 verstanden, die Klippen zu umgehen, die ihn bei der Behandlung dieses
1891 2904 3168 2959 Geschauten, es enthält Figuren von strotzender Lebensfülle, wie die Mizi,
602 2938 1893 2984 heiklen Stoffes auf dem Schlüpfrigen und Gemeinen leicht hätten stranden
1895 2946 3179 2998 den Theodor, und in der harmlos übermüthigen Souperscene in der
613 2983 1883 3026 lassen und dem gesund empfindenden Zuschauer das Werk hätten wider¬
1897 2980 3169 3039 Junggesellenwohnung einen überaus liebenswürdigen Humer. In der
603 3023 1875 3078 wärtig machen können. Er weiß vielmehr für die einzelnen Gestalten,
1898 3029 3174 3074 einfachen und gewöhnlichen, aber bedeutungsvollen Handlung des
610 3063 1883 3112 so wenig wir ihr Thun und Treiben. gutzuheißen und uns für die freie
1901 3057 3180 3109 Dramas hat Schnitzler nach dem Vorbilde Maupassants aus dem
611 3095 1881 3142 Liebe zu erwärmen vermggen, unser Interesse, ja für die vom Schicksale
1892 3098 3182 3154 Gegensatze naiver Hingebung und sich gleichsam naiv als selbstverständlich
612 3138 1888 3185 schwer Getroffenen sogar unser Mitgefühl zu erwecken Alle Charaktere¬
1893 3144 3183 3187 gebärdender frivoler Selbstsucht an vielen Stellen eine immanent ver¬
609 3181 1881 3246 sind menschlich wahr, ohne naturalistische Uebertreibung nach dem Leben
1887 3180 2948 3231 haltene tragische Ironie von erschütternder Wirkung erzielt.
976 3279 2796 3349 In Vorbereitung am Königlichen Schauspielhaus in Berlin:
