3344 4256
416 151 794 221 Liebelei
244 140 1385 263 5. „ box 11/2
1715 52 3201 125 ee e ien en 1e 1n . en eee ee seee en enenseene eesece
2503 112 3281 167 tue, and guarded his sister down the joyless
1717 116 2487 164 of those of the life beneath it. The idea
2501 146 3282 195 pathof her life to a dreary age and death.
1714 149 2497 199 that gives form to the play and color to its
2507 189 3292 233 The experience saddened him and made
1710 194 2497 241 atmosphere is not the narrow creed of a
2501 225 3277 271 him tender. He doubts the sterner morali¬
1720 228 2489 281 propagandist, but the large, the all embrac¬
2513 267 3283 310 ties. Youth comes but once. Why should
1721 265 2121 318 ing vision of a poet.
2502 301 3292 353 not Catherine taste of the natural joysofthe
1751 292 2494 358 One of the scenes, that of the third of the
2505 333 3288 389 senses, indulge the natural promptings of
1720 346 2484 395 four acts, has a breadth and intensity of
2509 378 3290 423 her heart? When temptation comes he
1726 380 2493 430 effect which must have escaped those who
2513 407 3289 455 knows it, but pretends not to know. She
1726 416 2492 464 found the piece undramatic. The fishing
2498 440 3287 511 falls in love with a young student and gives
1724 458 2497 504 fleet is at sea, and a tempest has sprung up
2506 487 2891 550 berself up to him.
1721 493 2499 551 more terrible than any in living memory.
2539 512 3293 573 But to him love is a pastime, and he takes
1713 529 2500 583 The woren folk gather about the hearth
2502 566 3287 620 up with Catherine only as a means of escape
1709 571 2491 613 of old Kniertie, and with the wind howling
1717 613 2495 661 about the rude hut and shaking its roof
2511 600 3292 660 from an amour that threatened to prove
1716 650 2487 694 they beguile their fears with tales of ancient
2511 649 3281 702 dangerous. It does, in fact, become most
1710 687 2495 737 fatalities. At first these are grotesquely
2503 686 3288 750 dangerous. The husband of his former mis¬
1715 725 2492 766 humorous—mad efforts to exorcise present
2504 726 3291 778 tress finds a package of letters, and kills
1720 764 2487 809 terrors with rude laughter at past perils.
2513 762 3287 815 him in the inevitable duel. After he is dead
1719 804 2493 860 Then they become grimly matter of fact
2508 806 3278 844 Christina learns the truth. She cannot go
1716 849 1956 892 and awful.
2508 844 3280 891 to his funeral, though the privilege is given
1764 853 2501 925 Old Kniertje, who long ago lost her hus¬
2503 883 3284 934 to mere friends. She cannot even go to his
1725 918 2493 978 band and two sons, has sent her remaining
2503 914 3294 984 grave without risk of there confronting the
1717 960 2495 1004 two sons to sea. One is a mere lad, with a
2508 958 3277 1010 dishonored wife. Chance seems to play a
1709 988 2498 1056 congenital horror of the ocean sprung from
2509 1002 3277 1049 part here, but sooner or later the affair must
1722 1037 2482 1083 the fatalities among which he was born.
2507 1043 3281 1082 have come to just about this—the love of a
1722 1078 2496 1120 Kniertie, heroic of spirit, but dully unre¬
2506 1077 3283 1123 woman’s lifetime sacrificed to a man's ca¬
1721 1120 2497 1166 sponsive to the pity of the lad’s plight, has
2516 1117 3281 1168 price. With fine irony the author called this
1717 1158 2484 1204 with her #wn hands given him over to the
2515 1155 3286 1222 play Caresses.? To our more rigid moral¬
1713 1191 2499 1238 officers to be forced on board. The other
2502 1194 2974 1245 ity it is The Reckoning.“
1710 1236 2506 1275 son is the socialist and jailbird, who has
2527 1238 3284 1285 For two acts it seems rather familiar and
1713 1271 2498 1316 made it a test of his mother’s forgiveness
2513 1262 3290 1326 slight. The time is long past when sym¬
1718 1314 2487 1358 that she come to the dock to say good-by.
2509 1315 3281 1370 pathy can be aroused in the theatre over
1714 1349 2495 1401 She has not done so, having been prevented
2515 1354 3290 1398 Continental amours and duels. It is, I
1718 1385 2498 1430 by the effort to force the younger to what
2511 1391 3294 1434 think, a mistake in dramaturgy that the
1716 1422 2498 1478 she regarded as his duty. She has now
2508 1429 3293 1477 story is told from the point of view of the
1721 1460 2487 1513 come to suspect, what the audience has
2499 1470 3293 1520 man, who is a very ordinary fellow at best.
1721 1495 2495 1555 all along known, thatthe ship in which they
2511 1510 3283 1564 It is only with the disclosure of the soul of
1716 1538 2490 1584 are laboring through this storm is rotten
2507 1546 3290 1610 the old musician that the tragedy becomes
1720 1577 2487 1624 in every plank and timber, and has been
2505 1580 3316 1646 authentic and poignant. There are cases,  1
1712 1614 2497 1669 sent out by the smack owner in the hppe
2509 1628 3285 1666 he makes us feel, in which virtue is
1716 1659 2492 1707 of collecting the insurance on her, Still
2512 1663 3296 1714 its only reward—a Barmecide feast that
1714 1694 2496 1752 the stories go on, mounting by insensible
2504 1703 3289 1752 brings starvation of the body and the soul.
1709 1736 2496 1785 gradations from fearto a horror that ourdlee
2500 1741 3287 1795 But the alternative? Would you choose to
1718 1774 2498 1818 the blood. At last a young girl cries oht
2515 1782 3298 1844 grow lean and gray in purity, or to perish in
1719 1811 2497 1860 against it all in agony. The room is
2503 1823 3279 1862 the flames of passion? It is a sentimental,
1720 1857 2500 1902 cleared, and it transpires that she is with
2509 1859 3296 1923 if you will, an unmoral question, but Vienna
1718 1891 2494 1940 child by the elder son, who has delayed
2505 1899 3188 1963 is the town of sentimental unmorals.
1718 1930 2298 1979 their marriage until his return.
1758 1956 2497 2017 The quality of drama, it has been said
2528 1973 3288 2031 Not all of novelty in the drama is to be
1722 2004 2489 2055 is to present character in action to the
2508 2005 3293 2067 found in the püblictheatres. Last Thurs¬
1718 2039 2497 2094 eye. But the measure of the greatness of
2508 2052 3287 2095 day evening before the Barnard Club Miss
1721 2084 2497 2130 a scene is rather what it suggests to the
2518 2093 3297 2142 Florence Farr gave a lecture on Greek
1727 2120 2493 2173 vision of heart and mind. Throughout
2514 2137 3282 2183 choruses, in reality a recital inwhat is sup¬
1711 2159 2500 2210 that scene ono sees out beyond the miser¬
2504 2162 3292 2226 posed to be the manner of the Greeks; and
1705 2194 2498 2250 able hut and the tortured women the form
2504 2216 3287 2276 next Wednesday afternoon before the same
1716 2241 2495 2285 of the rotten smack Good Hope—the pious
2517 2253 3295 2301 club she will take up lyric poetry in the
1715 2279 2498 2324 English translator has apparently thought
2514 2284 2805 2340 same manner.
1720 2316 2498 2366 it unmeet to give it the full irony of its
2541 2307 3288 2383 Miss Farr is already recognized in Eng¬
1720 2357 2498 2412 Dutch name, The Hopeof Salration—break¬
2499 2377 3290 2429 land astheexponent of anew art in reading
1722 2392 2497 2443 ing up under the impactof wind and waves,
2507 2395 3294 2456 verse. She calls it lilting.“ It is neither
1722 2435 2494 2483 the one son drowning with a heart full of
2512 2443 3282 2491 singing nor what the Germans call melo¬
1721 2473 2495 2513 his mother’s unforgiving severity and of
2508 2486 3282 2538 drame'—a system of "speaking through
1713 2516 2504 2563 his swectheart’s ruin and disgrace, and
2517 2526 3291 2576 music,“ but consists in reciting poetic num¬
1715 2554 2494 2598 the other crushed by the actual horrors
2517 2566 3284 2610 bers with an irregular, sometimes inter¬
1716 2590 2497 2639 which all his life he has suffered in imagina¬
2518 2591 3295 2650 mittent, cadencethat is at once musical and
1705 2631 2492 2670 tion. If the piece that makes all this live
2511 2637 3294 2703 quite natural to the speaking voice. W. B.
1719 2671 2495 2726 for us is not a play let us be thankful that
2508 2675 3297 2737 Teats is the begetter of the idea of lilting,
1713 2706 1918 2753 it is not.
2509 2717 3292 2766 and Arnold Dolmetch has furnished forth#
1748 2735 2498 2799 It is customary to say that the play de¬
2506 2760 3278 2802 with the musicianly skill Mr. Yeats lacks.
1717 2779 2498 2830 rives from lbsen, in whose Pillars of
2506 2799 3293 2848 The experiment, which is already much
1716 2824 2493 2868 Society' there is an incident closely re¬
2501 2821 3294 2885 more than an experiment, deserves the
1723 2862 2492 2914 sembling that of the smack owner and the
2514 2863 3286 2936 attention of all who are interested in the
1713 2898 2498 2953 death ship. But realist though Ibsen is
2508 2918 3097 2960 subtler phrases of dramatio art.
1716 2938 2500 2991 he has never given us a picture of life as
2544 2941 3284 3002 Atthe end of the month Miss Farr leaves
1721 2981 2500 3018 detailed or as redolent of actuality as this.
2508 2984 3293 3045 us to goto Boston, but promises to return
1709 3013 2496 3062 The direct ancestor of The Hope of Salva¬
2510 3031 3274 3082 for further illustrative talks and confé¬
1710 3054 2495 3109 tion' is Gerhart Hauptmann. What the
2504 3065 2665 3120 rences.
2956 3065 3251 3125 JoHN CoRBIN.
1714 3092 2503 3133 Silesian realist has done for his weavere
1712 3128 2504 3185 the Dutchman has done for his fisher folk.
2619 3142 3144 3190 Poacher Outwitted Keeper.
1720 3172 2499 3216 Die Weber“ is the stage epicof starvation,
2633 3169 3141 3231 From the London Standard.
1721 3208 2495 3255 Die Hoffnung auf Segen' that of death in
2528 3209 3283 3273 A French provincial paper has a story of a
1707 3248 2483 3299 thesea. And with their morethan Ibsenian
2499 3248 3281 3306 gamekeeper who, going his rounds one night,
1716 3284 2481 3337 power of creating the form and pressure
2505 3293 3270 3337 saw a poacher and pursued him, but lost
2507 3331 3165 3383 him on the highway in the darkness.
1708 3327 2482 3378 of the life of a people they have a wealth
2537 3338 3282 3407 Soon a motor car came up, and the keep¬
1712 3368 2491 3415 of tenderness, afeeling for the blind heroism,
2502 3396 3285 3427 er accepted an offer from the occupants
1712 3402 2482 3449 the mute endurance of humanity, denied
2501 3426 3279 3462 to get in for the purpose of following the#
2505 3449 3274 3492 poacher. But nothing could be seen of the
1723 3439 2257 3496 to the grim old Norwegian.
2505 3476 3268 3512 culprit, and when the keeper asked to be
1753 3475 2494 3538 Nothing could be further removed than
2498 3500 3271 3544 put down there was a burst of laughter, and
1708 3522 2497 3574 auch a piece from the traditions of English
2514 3534 3288 3581 an intimation he would find himself in Paris
2509 3561 2808 3599 before morning.
2820 3560 3277 3599 nthe twilight the motor
1714 3563 2492 3604 acting, the powers of English actors.
2506 3584 3267 3619 stopped in the Place de la Concorde, the
1720 3592 2492 3639 Hans Landsberg has drawn this distinction
2502 3616 3274 3653 keeper was thrown out, and the party—
2510 3631 3269 3669 Which of course included the poscher—
1716 3633 2490 3696 between North German and Parisian acting
2516 3670 3264 3707 drove away. The unlucky keeper had to
1717 3679 2491 3728 that one is a darstellung, the other a vor¬
2508 3694 3305 3758 pawn his gun in order to pay his train fare
1707 3707 2637 3779 stellung—words only inadequately trans-] back.
