3436 4256
366 145 690 221 Liebele
180 156 766 260 5. L 21
879 138 1316 234 box 10/4
696 291 1484 518 u
2355 327 2848 549 #####. G.#.
1722 444 2121 531 Liebelei.
1384 520 2439 616 Schauspiel in drei Akten von Artkur Schnitsler.
830 522 1348 629 D
993 618 2868 747 Während der Aufführung von Arthur Schnitzlers „Liebelei“ am hiesigen „Neuen Theater“
1110 685 2863 761 sass in meiner Nähe ein reizendes Mädchen oder, wenn es eine Frau wwar, eine
974 742 2864 804 entzückend schöne Frau. Man sah es den schwarzen, leuchtenden Augen an, wie lebhaft
980 757 2859 844 das junge Herz der Dichtung entgegenschlug, wie es so warm und so innig in der Stim¬
976 789 2863 878 mung des Werkes lebte und aufging. Und in den beiden ersten Akten beneidete ich den¬
982 875 2871 923 glücklichen, über Nacht berühmt gewordenen Autor mehr noch um diesen herrlichen
996 894 2875 945 Widerschein seines Werkes als um sein Werk, trotzdem es mich selbst in der tiefsten
987 923 2852 1002 Seele ergriff. Als aber der letzte Akt kam und die arme Christine da oben verzweif¬
991 995 2869 1034 lungsvoll den Tod des Geliebten betrauert und immer wieder betrauert und so entsetzlich
989 1003 2858 1078 lange jammert und wehklagt, bis sie selber in den Tod geht, da beneidete ich den Dichter
994 1073 2733 1111 nur mehr um die Thränen, welche das schöne Wesen neben mir bitterlich weinte.
1100 1066 2889 1157 Auf dem Heimwege hatte ich die grosse Ehre, aus dem Munde einer hiesigen
986 1128 2871 1210 litterarischen Tagesgrösse kritische Aufklärungen über das vorher gesehene Stück zu
984 1159 2874 1223 erhalten. Zu meiner Verwunderung vernahm ich, dass dieses Schauspiel überhaupt kein
985 1214 2857 1280 Schauspiel wäre, sondern höchstens eine willkürliche Zusammenstellung dreier „Kata¬
983 1275 2870 1321 strophen“, ohne jeden seelischen Konflikt und innerlichen Zusammenhang, ein Konglo¬
982 1277 2896 1353 merat von sehr viel Stimmung und geschickter Kleinmalerei, aber eben alles andere ener,
983 1315 2856 1396 nur kein Schauspiel. Die alten Grundsätze des alten Aristoteles wurden mir wieder
995 1357 2872 1425 einmal aufgetischt, der ehrliche Gustav Freitag wurde citiert und aus Gottschalls Poetik
990 1396 2879 1471 wurde gepredigt. Zu meinem Erstaunen erfuhr ich gleichfalls, dass Schnitzler den schön¬
1810 1722 1986 1803 1383
932 1849 2826 1889 sten Teil seines zweiten Aktes einfach aus Goethes Faust „entlehnt“ hätte, nämlich jene
931 1901 2818 1927 Scene, wo Faust im Zimmer Gretchens alles so anheimelnd, so wohlbekannt findet. Ich¬
945 1907 2817 1963 sehe noch jetzt das triumphierende Gesicht meines Kritikers, dieses stolze, durch die
947 1946 2805 1998 eigene grossartige Entdeckung verklärte Gesicht. Der Weg nach Hause war weit, und
951 1986 2818 2051 infolgedessen erfuhr ich noch mehr, sellsamerweise Dinge, die mir im Theater gar nicht
950 2028 2791 2081 aufgefallen waren. So wurde ich z. B. belehrt, dass Frau Frank ihrer tief-leidenschaft
944 2059 2804 2116 lichen Rolle gar nicht gewachsen war. Das Kalte, Unsympathische ihrer Stimme sei durch
945 2105 2811 2159 ihre Kurzatmigkeit noch viel störender aufgefallen wie sonst, ähnlich wie bei Herrn Otto,
938 2151 2805 2204 dessen häufige Unbeholfenheit den übrigen guten Eindruck seines Spieles wieder ver¬
947 2177 2782 2227 wischte. Wie im Traume ging ich bei all' diesen Auseinandersetzungen neben meinen
938 2225 2773 2282 Kritiker her und bewunderte stellenweise den grossen Scharfsinn dieses Mannes, der sie
950 2266 2780 2317 in lauter Berufstreue durch nichts hatte beeinflussen lassen, durch keine Stimmung de
942 2303 2788 2352 Bühne und keine Regung des eigenen Herzens. Er kam mir manchmal vor wie en
943 2343 2782 2403 Botaniker, der die Schönheit einer herrlichen Rose dadurch zu ergründen glaubt, dasse
944 2391 2823 2432 ihre einzelnen Blätter mit hungrigen Fingern auf die geheimsten Bestandteile untersücht
942 2418 2813 2479 Ich wandelte, wie gesagt, wie im Traume, denn meine Gedanken schweiften stets aufs
936 2463 2818 2528 neue zu den wunderbaren Erlebnissen des Abends zurück, und dazwischen sahich immer.
952 2496 2834 2566 wieder das schöne, leidenschaftliche Gesicht neben mir, das beim Tode der armen
955 2545 1616 2615 Christine so bitterlich weinte.
1068 2582 2831 2632 Endlich war ich zu Hause und sass an meinem Schreibtische, um meinem Auftrag
951 2613 2831 2664 gemäss Arthur Schnitzlers „Liebelei“ zu besprechen. Aber was sollte ich schreiben:
951 2643 2830 2704 Mein Freund, der Kritiker, ist ein kluger Kopf, das wusste ich so. gut wie viele andere,
955 2701 2818 2737 und seine Aussprüche sind von einer geradezu mathematischen Logik. Aber schon der
950 2737 2832 2793 Gedanke, das kalte Resultat seiner Gehirnthätigkeit auf dieses Schauspiel anzuwenden,
959 2778 2817 2836 erschien mir wie ein grosses Unrecht gegen den Dichter und gegen das reizende Ge¬
948 2818 2830 2878 schöpf neben mir, das beim Tode der armen Christine so bitterlich weinte. In diesem
956 2861 2830 2911 Dilemma überlegte ich lange, lange, bis ich plötzlich statt des Schauspiels die Kritik
940 2889 2830 2951 kritisierte. Und da kam ich zu der festen Uberzeugung, dass die kalte logische Ver¬
956 2956 2829 2991 nunft in ihrer ganzen Isoliertheit und ohne Kontakt mit dem Herzen kein Recht hat, ein
951 2966 2826 3027 poetisches Meisterwerk zu beurteilen, dass in erster Linie das warme, menschliche Em¬
956 3002 2836 3066 pfinden entscheidet, geläutert durch den Verstand, kurzum, dass man einem Botaniker
947 3051 2831 3101 keine frischen, lebensfreudigen Rosen überlassen soll, sondern höchstens vergilbte, aus¬
952 3088 2839 3151 gepresste, zwecklose Blätter. Ja, Schnitzlers Schauspiel ist wie ein ganzer Garten blühen¬
954 3132 2833 3191 der Blumen, und sind sie auch nicht in die traditionellen Beete gezwängt, so duften sie
947 3163 2838 3217 doch nicht minder schön wie die schönsten in- und ausländischen Treibhauspflanzen. Hier
958 3209 2832 3266 nicken in stiller Heimlichkeit die treuesten Veilchen, hier lachen herrlich entfaltet die
953 3251 2827 3312 freudigsten Rosen, und über den Schwestern schwankt ernst und schweigsam die stolze
957 3302 1339 3357 Lilie des Todes.
1078 3303 2834 3378 In meiner heutigen Stimmung muss ich es mir versagen, auf den Inhalt des Stückes
1843 3371 1888 3393 1
958 3364 2840 3426 näher einzugehen. Ich möchte kaum erwännen, dass für mein Empfinden der letzte Akt
961 3396 2840 3470 etwas gewaltsam gedehnt erscheint, denn ich fürchte mit dieser Ansicht vielleicht ebenso
950 3448 2839 3494 unrecht zu haben wie mein kritischer Freund mit seiner Gesamtbeurteilung. Was die
950 3476 2832 3538 Leistungen der Schauspieler und des Regisseurs anbelangt, so wiederhole ich, dass mir
961 3528 2838 3578 nicht der geringste Fehler auffiel, der nur einen Augenblick die wunderbare Stimmung
953 3563 2839 3616 des Ganzen zu trüben vermocht hätte. Nach meinem Gefühl passte alles vortrefflich zu¬
955 3613 2887 3656 sammen, und gerade Frau Frank fesselte mich durch die tiefe Innigkeit, mit der sie ihre
956 3644 2146 3712 schwierige Rolle bis zum Schlusse darzustellen wusste.
1069 3680 2839 3737 Beim Lesen dieser Zeilen wird mein Freund, der Kritiker, verächtlich mit den
958 3711 2835 3766 Achseln zucken — ich sehe es deutlich voraus — und wenn gerade ein Gesinnungsgenosse
949 3760 2826 3808 bei ihm weilt, so wird er ihm diese Blätter hinschleudern mit den Worten: „Lies einmal!
949 3812 2841 3869 Das soll eine Kritik sein!“ So hat eben jeder seine eigene Anschauung und verteidigt
957 3832 2830 3898 sie als die rechte. Aber, offen gestanden, tausendmal lieber als diese mathematische,
959 3881 2827 3935 kalt berechnende Gehirnarbeit ist mir und, ich glaube auch dem Dichter, das ursprüng¬
957 3928 2839 3977 liche, leidenschaftliche Empfinden, tausendmal lieber sind mir jene Thränen, welche das
962 3960 2689 4027 schöne Wesen neben mir über den Tod der armen Christine so bitterlich weinte.
2317 3991 2754 4055 Dietrich Eckart.
