<?xml version="1.0" encoding="UTF-8" standalone="yes"?>
<PcGts xmlns="http://schema.primaresearch.org/PAGE/gts/pagecontent/2013-07-15" xmlns:xsi="http://www.w3.org/2001/XMLSchema-instance" xsi:schemaLocation="http://schema.primaresearch.org/PAGE/gts/pagecontent/2013-07-15 http://schema.primaresearch.org/PAGE/gts/pagecontent/2013-07-15/pagecontent.xsd">
    <Metadata>
        <Creator>prov=University of Rostock/Institute of Mathematics/CITlab/Gundram Leifert/gundram.leifert@uni-rostock.de:name=ONB_Newseye_GT_M1+(htr_id=10810)::::v=2.4.2
prov=University of Rostock/Institute of Mathematics/CITlab/Tobias Gruening/tobias.gruening@uni-rostock.de:name=de.uros.citlab.module.baseline2polygon.B2PSeamMultiOriented:v=2.4.2
prov=University of Rostock/Institute of Mathematics/CITlab/Tobias Gruening/tobias.gruening@uni-rostock.de:name=/mnt/transkribus/LA/DEA/URO/LA_news_onb_att.pb:de.uros.citlab.segmentation.CITlab_LA_ML:v=2.4.2
Transkribus</Creator>
        <Created>2019-10-07T11:50:53.422+02:00</Created>
        <LastChange>2019-10-09T01:55:56.157+02:00</LastChange>
        <TranskribusMetadata docId="223992" pageId="9506968" pageNr="304" tsid="16618637" status="IN_PROGRESS" userId="40391" imgUrl="https://files.transkribus.eu/Get?id=TQRYQYKPYNTAWQHIRFKWOCWV&amp;fileType=view" xmlUrl="https://files.transkribus.eu/Get?id=PCFIDVJDUYMCDMKJXZXXETIO" imageId="6196777"/>
    </Metadata>
    <Page imageFilename="223992_0304.jpeg" imageWidth="3484" imageHeight="4224">
        <ReadingOrder>
            <OrderedGroup id="ro_1711445766759" caption="Regions reading order">
                <RegionRefIndexed index="0" regionRef="r1"/>
                <RegionRefIndexed index="1" regionRef="r2"/>
                <RegionRefIndexed index="2" regionRef="r3"/>
            </OrderedGroup>
        </ReadingOrder>
        <TextRegion orientation="0.0" id="r1" custom="readingOrder {index:0;}">
            <Coords points="296,214 296,273 889,273 889,214"/>
            <TextLine id="r1l1" custom="readingOrder {index:0;}">
                <Coords points="491,249 647,241 703,251 742,239 765,249 787,237 812,247 861,239 861,225 814,203 740,197 709,182 653,203 596,187 570,204 490,216"/>
                <Baseline points="496,242 521,240 547,239 572,237 598,236 624,235 649,235 675,234 701,234 726,234 752,234 778,235 803,235 829,237 855,238"/>
                <TextEquiv>
                    <Unicode>Tebelen</Unicode>
                </TextEquiv>
            </TextLine>
            <TextLine id="r1l2" custom="readingOrder {index:1;}">
                <Coords points="290,257 698,279 880,269 895,234 481,245 400,227 343,182 291,209"/>
                <Baseline points="296,240 325,244 355,248 384,251 414,254 444,256 473,258 503,260 533,261 562,262 592,263 622,263 651,263 681,262 711,262 740,260 770,259 800,258 829,255 859,253 889,250"/>
                <TextEquiv>
                    <Unicode>5. Seennnnen</Unicode>
                </TextEquiv>
            </TextLine>
            <TextEquiv>
                <Unicode>Tebelen
5. Seennnnen</Unicode>
            </TextEquiv>
        </TextRegion>
        <TextRegion orientation="0.0" id="r2" custom="readingOrder {index:1;}">
            <Coords points="984,126 984,286 1406,286 1406,126"/>
            <TextLine id="r2l1" custom="readingOrder {index:0;}">
                <Coords points="979,238 1071,235 1136,255 1260,236 1290,248 1411,241 1411,184 1372,168 1318,181 1261,169 1196,195 1076,198 1024,176 979,202"/>
                <Baseline points="984,235 1010,234 1036,233 1063,233 1089,233 1115,233 1142,234 1168,235 1195,235 1221,235 1247,236 1274,235 1300,235 1326,234 1353,232 1379,230 1406,226"/>
                <TextEquiv>
                    <Unicode>box 10/4</Unicode>
                </TextEquiv>
            </TextLine>
            <TextEquiv>
                <Unicode>box 10/4</Unicode>
            </TextEquiv>
        </TextRegion>
        <TextRegion orientation="0.0" id="r3" custom="readingOrder {index:2;}">
            <Coords points="1975,517 1975,4147 2932,4147 2932,517"/>
            <TextLine id="r3l1" custom="readingOrder {index:0;}">
                <Coords points="2004,560 2840,530 2839,504 2772,490 2592,505 2540,485 2137,516 2065,497 2003,527"/>
                <Baseline points="2009,555 2050,554 2091,553 2132,552 2174,551 2215,550 2256,549 2297,548 2339,547 2380,546 2421,545 2462,545 2504,544 2545,543 2586,542 2627,541 2669,540 2710,539 2751,538 2792,538 2834,537"/>
                <TextEquiv>
                    <Unicode>IL SECOLO 6-7 Ottobre</Unicode>
                </TextEquiv>
            </TextLine>
            <TextLine id="r3l2" custom="readingOrder {index:1;}">
                <Coords points="2093,719 2454,697 2594,726 2759,697 2700,671 2669,683 2597,642 2524,646 2450,682 2345,643 2134,644 2093,663"/>
                <Baseline points="2098,703 2130,703 2163,703 2196,703 2229,703 2262,703 2294,703 2327,703 2360,703 2393,703 2426,702 2458,702 2491,702 2524,702 2557,701 2589,701 2622,701 2655,701 2688,700 2721,700 2754,700"/>
                <TextEquiv>
                    <Unicode>ECO DEr TEATn.</Unicode>
                </TextEquiv>
            </TextLine>
            <TextLine id="r3l3" custom="readingOrder {index:2;}">
                <Coords points="2061,775 2803,774 2881,741 2881,715 2538,751 2483,729 2060,744"/>
                <Baseline points="2066,774 2106,773 2147,772 2187,772 2228,772 2268,772 2309,772 2349,772 2390,772 2430,772 2471,772 2511,772 2552,772 2592,771 2633,770 2673,769 2714,766 2754,764 2795,760 2835,757 2876,752"/>
                <TextEquiv>
                    <Unicode>Questa sera al Lirico si rappresenta Lai!</Unicode>
                </TextEquiv>
            </TextLine>
            <TextLine id="r3l4" custom="readingOrder {index:3;}">
                <Coords points="2022,837 2156,812 2778,813 2868,798 2867,749 2753,786 2022,793"/>
                <Baseline points="2028,816 2069,814 2111,812 2153,811 2194,810 2236,810 2278,810 2319,810 2361,810 2403,811 2445,811 2486,811 2528,811 2570,810 2611,810 2653,808 2695,806 2736,804 2778,800 2820,795 2862,789"/>
                <TextEquiv>
                    <Unicode>Navarrese di Massenet, della qualo la si¬“</Unicode>
                </TextEquiv>
            </TextLine>
            <TextLine id="r3l5" custom="readingOrder {index:4;}">
                <Coords points="2029,863 2458,845 2654,866 2890,825 2841,791 2727,822 2152,813 2028,837"/>
                <Baseline points="2035,859 2077,856 2119,854 2162,853 2204,851 2247,851 2289,850 2332,850 2374,850 2417,850 2459,850 2501,850 2544,849 2586,848 2629,847 2671,845 2714,843 2756,839 2799,835 2841,830 2884,824"/>
                <TextEquiv>
                    <Unicode>gnora Nouvina fa una vera creazione, e ile</Unicode>
                </TextEquiv>
            </TextLine>
            <TextLine id="r3l6" custom="readingOrder {index:5;}">
                <Coords points="2036,902 2599,892 2585,860 2458,845 2434,863 2036,865"/>
                <Baseline points="2041,891 2068,891 2096,892 2123,893 2151,893 2179,893 2206,893 2234,893 2261,892 2289,892 2317,891 2344,891 2372,890 2399,889 2427,888 2455,887 2482,887 2510,886 2537,885 2565,884 2593,883"/>
                <TextEquiv>
                    <Unicode>Maestro di cappella di Paer.</Unicode>
                </TextEquiv>
            </TextLine>
            <TextLine id="r3l7" custom="readingOrder {index:6;}">
                <Coords points="2033,958 2832,959 2890,919 2834,898 2149,901 2033,923"/>
                <Baseline points="2038,949 2080,948 2122,948 2164,947 2207,947 2249,946 2291,946 2334,945 2376,945 2418,945 2461,945 2503,945 2545,945 2587,945 2630,945 2672,945 2714,946 2757,946 2799,947 2841,947 2884,948"/>
                <TextEquiv>
                    <Unicode>Amoreggiamenti, dramma insc</Unicode>
                </TextEquiv>
            </TextLine>
            <TextLine id="r3l8" custom="readingOrder {index:7;}">
                <Coords points="2055,995 2201,1015 2612,1002 2611,965 2582,953 2213,957 2055,977"/>
                <Baseline points="2061,999 2088,1000 2115,1001 2142,1001 2170,1002 2197,1002 2224,1001 2251,1001 2279,1000 2306,999 2333,998 2360,997 2388,996 2415,995 2442,994 2469,993 2497,992 2524,992 2551,991 2578,991 2606,992"/>
                <TextEquiv>
                    <Unicode>tre alli, di A. Schnitzler.</Unicode>
                </TextEquiv>
            </TextLine>
            <TextLine id="r3l9" custom="readingOrder {index:8;}">
                <Coords points="2826,1021 2837,1019 2846,1027 2857,1031 2869,1025 2878,1027 2886,1018 2894,1019 2894,980 2881,977 2869,984 2861,982 2857,986 2849,983 2836,970 2826,971"/>
                <Baseline points="2832,1020 2860,1020 2888,1020"/>
                <TextEquiv>
                    <Unicode>8</Unicode>
                </TextEquiv>
            </TextLine>
            <TextLine id="r3l10" custom="readingOrder {index:9;}">
                <Coords points="2061,1059 2831,1052 2830,1005 2802,999 2061,1026"/>
                <Baseline points="2067,1057 2104,1057 2142,1057 2180,1057 2218,1057 2256,1057 2294,1056 2332,1056 2370,1055 2408,1055 2446,1054 2483,1053 2521,1052 2559,1052 2597,1051 2635,1050 2673,1050 2711,1049 2749,1049 2787,1048 2825,1048"/>
                <TextEquiv>
                    <Unicode>La catastrofe soltanto ha scosso il pub¬</Unicode>
                </TextEquiv>
            </TextLine>
            <TextLine id="r3l11" custom="readingOrder {index:10;}">
                <Coords points="2042,1104 2903,1099 2813,1050 2042,1057"/>
                <Baseline points="2048,1096 2090,1097 2133,1097 2175,1097 2218,1097 2260,1097 2303,1096 2345,1095 2388,1094 2430,1093 2473,1093 2515,1092 2558,1092 2600,1091 2643,1091 2685,1091 2728,1092 2770,1093 2813,1095 2855,1096 2898,1099"/>
                <TextEquiv>
                    <Unicode>blico e strappato l’applauso. Due elementi</Unicode>
                </TextEquiv>
            </TextLine>
            <TextLine id="r3l12" custom="readingOrder {index:11;}">
                <Coords points="2048,1140 2792,1140 2827,1131 2826,1088 2047,1108"/>
                <Baseline points="2053,1138 2091,1138 2129,1137 2168,1137 2206,1136 2245,1136 2283,1136 2322,1136 2360,1135 2399,1135 2437,1135 2475,1134 2514,1133 2552,1133 2591,1133 2629,1132 2668,1131 2706,1129 2745,1129 2783,1127 2822,1126"/>
                <TextEquiv>
                    <Unicode>essenziali ed eterni dell’arte, la veritä e il</Unicode>
                </TextEquiv>
            </TextLine>
            <TextLine id="r3l13" custom="readingOrder {index:12;}">
                <Coords points="2046,1177 2831,1166 2830,1139 2721,1129 2045,1150"/>
                <Baseline points="2051,1175 2089,1175 2128,1175 2167,1175 2205,1174 2244,1174 2283,1174 2321,1174 2360,1173 2399,1173 2438,1172 2476,1171 2515,1170 2554,1169 2592,1168 2631,1168 2670,1167 2708,1165 2747,1164 2786,1162 2825,1160"/>
                <TextEquiv>
                    <Unicode>dolore, hanno vinto ancora una volta, hanno</Unicode>
                </TextEquiv>
            </TextLine>
            <TextLine id="r3l14" custom="readingOrder {index:13;}">
                <Coords points="2041,1210 2129,1227 2835,1202 2834,1169 2040,1178"/>
                <Baseline points="2047,1214 2086,1214 2125,1214 2164,1214 2203,1213 2242,1213 2281,1213 2320,1212 2359,1212 2398,1211 2438,1211 2477,1210 2516,1209 2555,1209 2594,1208 2633,1206 2672,1205 2711,1204 2750,1203 2789,1202 2829,1200"/>
                <TextEquiv>
                    <Unicode>dissipato il tedio delle scene monotone e</Unicode>
                </TextEquiv>
            </TextLine>
            <TextLine id="r3l15" custom="readingOrder {index:14;}">
                <Coords points="2047,1260 2827,1245 2803,1206 2047,1223"/>
                <Baseline points="2053,1251 2091,1251 2129,1251 2168,1251 2206,1251 2245,1251 2283,1251 2321,1250 2360,1250 2398,1249 2437,1249 2475,1248 2513,1248 2552,1247 2590,1246 2629,1245 2667,1244 2705,1243 2744,1241 2782,1240 2821,1238"/>
                <TextEquiv>
                    <Unicode>tristi fra cui si trascina il nuovo dramma</Unicode>
                </TextEquiv>
            </TextLine>
            <TextLine id="r3l16" custom="readingOrder {index:15;}">
                <Coords points="2048,1295 2683,1302 2836,1285 2836,1256 2047,1260"/>
                <Baseline points="2053,1291 2091,1290 2130,1289 2169,1289 2208,1289 2247,1288 2286,1288 2325,1288 2364,1287 2403,1287 2442,1287 2480,1287 2519,1287 2558,1286 2597,1286 2636,1285 2675,1285 2714,1284 2753,1284 2792,1283 2831,1282"/>
                <TextEquiv>
                    <Unicode>di A. Schnitzler, rappresentato ieri sera al</Unicode>
                </TextEquiv>
            </TextLine>
            <TextLine id="r3l17" custom="readingOrder {index:16;}">
                <Coords points="2049,1340 2102,1341 2116,1332 2135,1339 2151,1330 2183,1340 2216,1326 2236,1330 2235,1307 2214,1312 2188,1290 2179,1299 2157,1296 2152,1301 2143,1294 2127,1299 2119,1292 2089,1292 2072,1301 2047,1294"/>
                <Baseline points="2054,1332 2079,1330 2104,1327 2129,1326 2154,1325 2179,1325 2204,1325 2230,1326"/>
                <TextEquiv>
                    <Unicode>Manzoni.</Unicode>
                </TextEquiv>
            </TextLine>
            <TextLine id="r3l18" custom="readingOrder {index:17;}">
                <Coords points="2078,1371 2753,1372 2894,1357 2893,1315 2316,1316 2077,1343"/>
                <Baseline points="2083,1369 2123,1368 2163,1367 2203,1366 2244,1365 2284,1365 2324,1364 2364,1364 2405,1364 2445,1364 2485,1363 2525,1363 2566,1362 2606,1362 2646,1361 2686,1359 2727,1357 2767,1356 2807,1354 2847,1351 2888,1348"/>
                <TextEquiv>
                    <Unicode>Anoreggiamenti, cost il dramma pocol P</Unicode>
                </TextEquiv>
            </TextLine>
            <TextLine id="r3l19" custom="readingOrder {index:18;}">
                <Coords points="2847,1399 2856,1395 2864,1397 2869,1385 2875,1384 2881,1387 2887,1378 2890,1379 2892,1375 2897,1373 2889,1354 2878,1358 2868,1355 2858,1356 2855,1362 2850,1362 2844,1379 2839,1382"/>
                <Baseline points="2851,1396 2893,1377"/>
                <TextEquiv>
                    <Unicode>3</Unicode>
                </TextEquiv>
            </TextLine>
            <TextLine id="r3l20" custom="readingOrder {index:19;}">
                <Coords points="2044,1408 2834,1398 2834,1373 2769,1359 2044,1371"/>
                <Baseline points="2049,1408 2088,1407 2127,1406 2166,1405 2205,1405 2244,1405 2283,1404 2322,1404 2361,1404 2400,1404 2439,1404 2478,1403 2517,1403 2556,1403 2595,1402 2634,1402 2673,1401 2712,1400 2751,1398 2790,1397 2829,1395"/>
                <TextEquiv>
                    <Unicode>felicemonte ha preso nome in italiano, 6 la</Unicode>
                </TextEquiv>
            </TextLine>
            <TextLine id="r3l21" custom="readingOrder {index:20;}">
                <Coords points="2042,1446 2839,1432 2830,1398 2042,1417"/>
                <Baseline points="2047,1449 2086,1447 2125,1446 2164,1446 2204,1445 2243,1445 2282,1444 2322,1444 2361,1444 2400,1443 2440,1443 2479,1443 2518,1442 2557,1442 2597,1441 2636,1440 2675,1440 2715,1438 2754,1437 2793,1436 2833,1433"/>
                <TextEquiv>
                    <Unicode>storia dei due ultimi amori di un giovane</Unicode>
                </TextEquiv>
            </TextLine>
            <TextLine id="r3l22" custom="readingOrder {index:21;}">
                <Coords points="2036,1508 2162,1482 2835,1476 2834,1447 2800,1437 2035,1448"/>
                <Baseline points="2041,1487 2080,1486 2119,1486 2159,1485 2198,1484 2238,1484 2277,1483 2316,1483 2356,1483 2395,1482 2435,1481 2474,1481 2513,1481 2553,1480 2592,1479 2632,1478 2671,1478 2710,1476 2750,1475 2789,1474 2829,1472"/>
                <TextEquiv>
                    <Unicode>ricco, bello, invidiato, che dall’uno é passato</Unicode>
                </TextEquiv>
            </TextLine>
            <TextLine id="r3l23" custom="readingOrder {index:22;}">
                <Coords points="2048,1523 2766,1525 2836,1515 2836,1489 2589,1474 2048,1498"/>
                <Baseline points="2053,1523 2091,1523 2130,1522 2169,1522 2208,1521 2247,1521 2286,1521 2325,1520 2364,1520 2403,1520 2442,1519 2480,1519 2519,1519 2558,1518 2597,1517 2636,1516 2675,1515 2714,1514 2753,1512 2792,1511 2831,1508"/>
                <TextEquiv>
                    <Unicode>all'altro, colla spensieratezza, la incoscienza</Unicode>
                </TextEquiv>
            </TextLine>
            <TextLine id="r3l24" custom="readingOrder {index:23;}">
                <Coords points="2054,1568 2662,1570 2773,1548 2847,1579 2846,1508 2054,1543"/>
                <Baseline points="2059,1567 2098,1564 2137,1562 2176,1560 2215,1558 2254,1557 2293,1556 2332,1556 2371,1556 2410,1556 2450,1556 2489,1556 2528,1556 2567,1556 2606,1556 2645,1556 2684,1555 2723,1555 2762,1554 2801,1553 2841,1551"/>
                <TextEquiv>
                    <Unicode>egoista e crudele della maggior parte dei</Unicode>
                </TextEquiv>
            </TextLine>
            <TextLine id="r3l25" custom="readingOrder {index:24;}">
                <Coords points="2049,1608 2074,1617 2112,1599 2148,1610 2218,1599 2242,1612 2272,1598 2293,1611 2333,1610 2377,1598 2376,1567 2341,1560 2284,1572 2267,1559 2193,1574 2178,1563 2107,1577 2048,1572"/>
                <Baseline points="2055,1605 2081,1602 2107,1600 2134,1598 2160,1598 2186,1597 2213,1597 2239,1597 2265,1597 2292,1597 2318,1597 2344,1596 2371,1594"/>
                <TextEquiv>
                    <Unicode>glovani suoi pari.</Unicode>
                </TextEquiv>
            </TextLine>
            <TextLine id="r3l26" custom="readingOrder {index:25;}">
                <Coords points="2083,1641 2849,1637 2848,1600 2798,1575 2664,1609 2566,1590 2083,1614"/>
                <Baseline points="2088,1637 2125,1636 2163,1636 2201,1636 2239,1635 2276,1634 2314,1634 2352,1633 2390,1633 2427,1632 2465,1632 2503,1631 2541,1630 2578,1630 2616,1629 2654,1629 2692,1628 2729,1628 2767,1628 2805,1627 2843,1627"/>
                <TextEquiv>
                    <Unicode>Dopo la conquista di una dama rubata al</Unicode>
                </TextEquiv>
            </TextLine>
            <TextLine id="r3l27" custom="readingOrder {index:26;}">
                <Coords points="2046,1694 2848,1664 2836,1631 2192,1654 2045,1632"/>
                <Baseline points="2051,1680 2090,1678 2130,1677 2169,1676 2209,1674 2248,1674 2288,1674 2327,1673 2367,1673 2406,1673 2446,1673 2486,1673 2525,1672 2565,1672 2604,1672 2644,1671 2683,1670 2723,1669 2762,1668 2802,1667 2842,1664"/>
                <TextEquiv>
                    <Unicode>marito, Fritz Lebner si consola illudendosi</Unicode>
                </TextEquiv>
            </TextLine>
            <TextLine id="r3l28" custom="readingOrder {index:27;}">
                <Coords points="2054,1720 2837,1711 2836,1675 2742,1669 2054,1684"/>
                <Baseline points="2059,1719 2097,1717 2136,1715 2174,1714 2213,1714 2252,1713 2290,1713 2329,1713 2367,1713 2406,1713 2445,1713 2483,1713 2522,1713 2560,1713 2599,1712 2638,1712 2676,1710 2715,1709 2753,1708 2792,1706 2831,1703"/>
                <TextEquiv>
                    <Unicode>d’amare una buona e bella ragazza del po¬</Unicode>
                </TextEquiv>
            </TextLine>
            <TextLine id="r3l29" custom="readingOrder {index:28;}">
                <Coords points="2465,1734 2472,1734 2478,1739 2487,1740 2492,1737 2497,1737 2502,1741 2505,1739 2513,1741 2518,1741 2520,1738 2528,1739 2527,1710 2521,1710 2518,1713 2512,1711 2510,1714 2501,1714 2495,1718 2482,1713 2473,1722 2464,1722"/>
                <Baseline points="2470,1736 2496,1734 2522,1734"/>
                <TextEquiv>
                    <Unicode>ar</Unicode>
                </TextEquiv>
            </TextLine>
            <TextLine id="r3l30" custom="readingOrder {index:29;}">
                <Coords points="2052,1768 2770,1757 2840,1746 2840,1711 2616,1710 2499,1739 2400,1714 2052,1729"/>
                <Baseline points="2057,1758 2095,1757 2134,1756 2173,1755 2212,1754 2251,1754 2290,1753 2329,1753 2368,1753 2407,1752 2446,1752 2484,1752 2523,1751 2562,1751 2601,1750 2640,1749 2679,1748 2718,1746 2757,1745 2796,1742 2835,1740"/>
                <TextEquiv>
                    <Unicode>polo, che 1 Jui tutto sagrinca, ebbra quasi di</Unicode>
                </TextEquiv>
            </TextLine>
            <TextLine id="r3l31" custom="readingOrder {index:30;}">
                <Coords points="2048,1789 2791,1792 2850,1786 2850,1758 2047,1768"/>
                <Baseline points="2053,1797 2092,1796 2132,1794 2171,1793 2211,1792 2251,1792 2290,1791 2330,1791 2369,1791 2409,1790 2449,1790 2488,1790 2528,1790 2567,1789 2607,1788 2647,1787 2686,1786 2726,1784 2765,1782 2805,1781 2845,1777"/>
                <TextEquiv>
                    <Unicode>ammirazicne e di passione per Jui. Ma quando</Unicode>
                </TextEquiv>
            </TextLine>
            <TextLine id="r3l32" custom="readingOrder {index:31;}">
                <Coords points="2054,1846 2837,1834 2844,1781 2053,1807"/>
                <Baseline points="2059,1833 2098,1832 2137,1831 2176,1830 2215,1830 2254,1829 2293,1829 2332,1829 2371,1828 2410,1828 2449,1828 2488,1827 2527,1827 2566,1826 2605,1825 2644,1825 2683,1824 2722,1822 2761,1821 2800,1818 2839,1816"/>
                <TextEquiv>
                    <Unicode>dal marito offeso egli é chiamato a dar conto</Unicode>
                </TextEquiv>
            </TextLine>
            <TextLine id="r3l33" custom="readingOrder {index:32;}">
                <Coords points="2054,1878 2841,1859 2840,1832 2721,1823 2053,1846"/>
                <Baseline points="2059,1871 2097,1870 2136,1868 2175,1867 2214,1867 2253,1866 2291,1866 2330,1865 2369,1865 2408,1865 2447,1864 2485,1864 2524,1864 2563,1863 2602,1863 2641,1863 2679,1861 2718,1861 2757,1860 2796,1859 2835,1857"/>
                <TextEquiv>
                    <Unicode>dell’oltraggio, il nuovo amore ridiventa un</Unicode>
                </TextEquiv>
            </TextLine>
            <TextLine id="r3l34" custom="readingOrder {index:33;}">
                <Coords points="2053,1919 2831,1911 2842,1858 2526,1865 2483,1887 2449,1866 2052,1878"/>
                <Baseline points="2058,1912 2097,1910 2136,1909 2175,1909 2214,1908 2253,1907 2292,1907 2331,1906 2370,1906 2409,1905 2448,1905 2487,1904 2526,1904 2565,1903 2604,1902 2643,1901 2682,1900 2721,1899 2760,1897 2799,1896 2838,1894"/>
                <TextEquiv>
                    <Unicode>incidente, un impaccio quasi, per lui: il</Unicode>
                </TextEquiv>
            </TextLine>
            <TextLine id="r3l35" custom="readingOrder {index:34;}">
                <Coords points="2060,1961 2782,1952 2850,1933 2850,1911 2059,1920"/>
                <Baseline points="2065,1951 2104,1950 2143,1949 2182,1948 2221,1947 2260,1946 2299,1945 2338,1945 2377,1944 2416,1944 2455,1943 2494,1943 2533,1942 2572,1942 2611,1941 2650,1940 2689,1939 2728,1938 2767,1936 2806,1935 2845,1933"/>
                <TextEquiv>
                    <Unicode>giovane eroe non sente, non sospetta d’a¬</Unicode>
                </TextEquiv>
            </TextLine>
            <TextLine id="r3l36" custom="readingOrder {index:35;}">
                <Coords points="1995,1968 2000,1968 2024,1980 2040,1978 2037,1925 2031,1926 2023,1932 2017,1931 2012,1926 2005,1932 1992,1932"/>
                <Baseline points="2000,1964 2034,1962"/>
                <TextEquiv>
                    <Unicode>5.</Unicode>
                </TextEquiv>
            </TextLine>
            <TextLine id="r3l37" custom="readingOrder {index:36;}">
                <Coords points="2066,1998 2849,1989 2848,1951 2801,1943 2066,1962"/>
                <Baseline points="2071,1986 2109,1986 2148,1986 2186,1985 2225,1985 2264,1984 2302,1984 2341,1983 2379,1983 2418,1982 2457,1982 2495,1981 2534,1981 2572,1980 2611,1979 2650,1978 2688,1978 2727,1977 2765,1976 2804,1975 2843,1974"/>
                <TextEquiv>
                    <Unicode>vere nnovi doveri. II stto onore gli impone,</Unicode>
                </TextEquiv>
            </TextLine>
            <TextLine id="r3l38" custom="readingOrder {index:37;}">
                <Coords points="2059,2031 2857,2014 2856,1979 2779,1977 2059,1999"/>
                <Baseline points="2065,2025 2104,2024 2143,2024 2183,2023 2222,2023 2261,2023 2301,2022 2340,2022 2379,2021 2419,2020 2458,2020 2497,2019 2537,2018 2576,2018 2615,2017 2655,2016 2694,2016 2733,2015 2773,2013 2812,2013 2852,2012"/>
                <TextEquiv>
                    <Unicode>non giä di umiliarsi per vivere e rendere</Unicode>
                </TextEquiv>
            </TextLine>
            <TextLine id="r3l39" custom="readingOrder {index:38;}">
                <Coords points="2054,2069 2747,2051 2847,2070 2846,2027 2766,2015 2054,2041"/>
                <Baseline points="2059,2065 2098,2064 2137,2064 2176,2063 2215,2063 2254,2062 2293,2061 2332,2060 2371,2059 2410,2058 2450,2057 2489,2057 2528,2056 2567,2055 2606,2054 2645,2054 2684,2054 2723,2053 2762,2053 2801,2054 2841,2054"/>
                <TextEquiv>
                    <Unicode>felice Cristina, la fanciulla che gli si 6 data,</Unicode>
                </TextEquiv>
            </TextLine>
            <TextLine id="r3l40" custom="readingOrder {index:39;}">
                <Coords points="2052,2127 2162,2100 2837,2102 2844,2069 2051,2065"/>
                <Baseline points="2057,2103 2096,2102 2135,2101 2174,2100 2213,2100 2252,2099 2291,2098 2330,2098 2369,2097 2408,2097 2448,2096 2487,2096 2526,2095 2565,2095 2604,2094 2643,2094 2682,2093 2721,2092 2760,2091 2799,2090 2839,2089"/>
                <TextEquiv>
                    <Unicode>bensi di battersi col marito dell'antica amante.</Unicode>
                </TextEquiv>
            </TextLine>
            <TextLine id="r3l41" custom="readingOrder {index:40;}">
                <Coords points="2085,2146 2858,2130 2840,2099 2765,2094 2084,2107"/>
                <Baseline points="2090,2140 2128,2139 2166,2139 2204,2138 2242,2138 2280,2137 2318,2137 2356,2136 2394,2136 2432,2135 2471,2134 2509,2133 2547,2132 2585,2132 2623,2131 2661,2130 2699,2129 2737,2129 2775,2128 2813,2128 2852,2127"/>
                <TextEquiv>
                    <Unicode>II duello ha un esito tragico: il seduttore</Unicode>
                </TextEquiv>
            </TextLine>
            <TextLine id="r3l42" custom="readingOrder {index:41;}">
                <Coords points="2070,2184 2850,2174 2849,2137 2775,2131 2226,2156 2069,2139"/>
                <Baseline points="2075,2178 2113,2179 2151,2179 2190,2178 2228,2178 2267,2178 2305,2177 2344,2176 2382,2175 2421,2174 2459,2173 2497,2172 2536,2171 2574,2170 2613,2169 2651,2168 2690,2167 2728,2167 2767,2167 2805,2166 2844,2166"/>
                <TextEquiv>
                    <Unicode>é uccisoe Cristina che lo apprende qualche</Unicode>
                </TextEquiv>
            </TextLine>
            <TextLine id="r3l43" custom="readingOrder {index:42;}">
                <Coords points="1997,2213 2006,2209 2019,2213 2020,2211 2023,2213 2035,2212 2042,2202 2052,2198 2044,2170 2036,2171 2034,2174 2031,2172 2022,2184 2007,2175 2000,2178 1997,2183 1989,2184"/>
                <Baseline points="2000,2204 2044,2192"/>
                <TextEquiv>
                    <Unicode>16</Unicode>
                </TextEquiv>
            </TextLine>
            <TextLine id="r3l44" custom="readingOrder {index:43;}">
                <Coords points="2063,2227 2848,2212 2847,2175 2803,2173 2062,2188"/>
                <Baseline points="2069,2221 2107,2220 2146,2219 2184,2218 2223,2217 2262,2216 2300,2215 2339,2214 2378,2214 2416,2213 2455,2212 2494,2211 2532,2210 2571,2210 2610,2209 2648,2208 2687,2208 2726,2207 2764,2207 2803,2206 2842,2206"/>
                <TextEquiv>
                    <Unicode>giorno dopo, capisce di non esscre stata per</Unicode>
                </TextEquiv>
            </TextLine>
            <TextLine id="r3l45" custom="readingOrder {index:44;}">
                <Coords points="2056,2255 2840,2255 2846,2214 2055,2227"/>
                <Baseline points="2061,2258 2100,2258 2139,2257 2178,2256 2217,2255 2256,2255 2295,2254 2334,2254 2373,2253 2412,2253 2451,2253 2490,2252 2529,2251 2568,2250 2607,2250 2646,2248 2685,2247 2724,2246 2763,2244 2802,2243 2841,2240"/>
                <TextEquiv>
                    <Unicode>Jui che un passatempo. E nell’esplosione di</Unicode>
                </TextEquiv>
            </TextLine>
            <TextLine id="r3l46" custom="readingOrder {index:45;}">
                <Coords points="2063,2298 2855,2291 2854,2252 2796,2247 2063,2266"/>
                <Baseline points="2069,2295 2108,2295 2147,2295 2186,2295 2225,2295 2264,2294 2303,2294 2342,2293 2381,2293 2420,2292 2459,2292 2498,2291 2537,2291 2576,2289 2615,2289 2654,2288 2693,2287 2732,2286 2771,2285 2810,2283 2849,2282"/>
                <TextEquiv>
                    <Unicode>dolore e di sdegno della vittima, l’essenza</Unicode>
                </TextEquiv>
            </TextLine>
            <TextLine id="r3l47" custom="readingOrder {index:46;}">
                <Coords points="2066,2342 2727,2342 2824,2330 2854,2301 2065,2307"/>
                <Baseline points="2071,2336 2109,2335 2148,2335 2187,2334 2226,2334 2265,2334 2304,2333 2343,2332 2382,2332 2421,2331 2460,2331 2498,2330 2537,2329 2576,2328 2615,2327 2654,2326 2693,2325 2732,2324 2771,2322 2810,2320 2849,2318"/>
                <TextEquiv>
                    <Unicode>vitale del dramma. la sua unica, ma robu¬</Unicode>
                </TextEquiv>
            </TextLine>
            <TextLine id="r3l48" custom="readingOrder {index:47;}">
                <Coords points="2058,2387 2811,2376 2857,2357 2856,2319 2057,2354"/>
                <Baseline points="2063,2374 2102,2374 2141,2373 2181,2372 2220,2371 2260,2371 2299,2370 2338,2370 2378,2369 2417,2369 2457,2368 2496,2368 2535,2367 2575,2367 2614,2366 2654,2365 2693,2364 2732,2363 2772,2362 2811,2360 2851,2359"/>
                <TextEquiv>
                    <Unicode>sta ed onesta originalitä di pensiero. - Si 6</Unicode>
                </TextEquiv>
            </TextLine>
            <TextLine id="r3l49" custom="readingOrder {index:48;}">
                <Coords points="2048,2442 2116,2414 2867,2413 2866,2373 2716,2363 2048,2391"/>
                <Baseline points="2053,2412 2093,2412 2133,2411 2174,2410 2214,2410 2255,2409 2295,2409 2335,2409 2376,2409 2416,2408 2457,2408 2497,2408 2537,2407 2578,2407 2618,2406 2659,2405 2699,2404 2739,2403 2780,2402 2820,2400 2861,2398"/>
                <TextEquiv>
                    <Unicode>fatto ammazzare per una donna che non</Unicode>
                </TextEquiv>
            </TextLine>
            <TextLine id="r3l50" custom="readingOrder {index:49;}">
                <Coords points="2068,2455 2825,2447 2848,2406 2067,2421"/>
                <Baseline points="2073,2449 2111,2450 2150,2450 2188,2451 2227,2451 2265,2451 2304,2451 2342,2450 2381,2450 2419,2449 2458,2448 2496,2447 2535,2446 2573,2445 2612,2444 2650,2443 2689,2442 2727,2441 2766,2440 2804,2439 2843,2439"/>
                <TextEquiv>
                    <Unicode>amava piü, dopo aver giurato a me da¬</Unicode>
                </TextEquiv>
            </TextLine>
            <TextLine id="r3l51" custom="readingOrder {index:50;}">
                <Coords points="2060,2500 2589,2478 2841,2494 2847,2449 2438,2460 2401,2439 2345,2463 2060,2463"/>
                <Baseline points="2065,2487 2103,2487 2142,2487 2181,2487 2220,2487 2259,2487 2298,2487 2336,2487 2375,2487 2414,2487 2453,2486 2492,2486 2531,2485 2570,2484 2608,2483 2647,2482 2686,2481 2725,2479 2764,2477 2803,2476 2842,2473"/>
                <TextEquiv>
                    <Unicode>marmi tanto!  Un dramma nuovo, tristis¬</Unicode>
                </TextEquiv>
            </TextLine>
            <TextLine id="r3l52" custom="readingOrder {index:51;}">
                <Coords points="1984,2502 1990,2503 2004,2497 2010,2497 2013,2500 2024,2493 2050,2494 2050,2456 2045,2456 2036,2450 2029,2455 2026,2453 2008,2455 1998,2451 1984,2454"/>
                <Baseline points="1989,2487 2017,2487 2045,2487"/>
                <TextEquiv>
                    <Unicode>ai</Unicode>
                </TextEquiv>
            </TextLine>
            <TextLine id="r3l53" custom="readingOrder {index:52;}">
                <Coords points="2047,2546 2643,2510 2845,2531 2845,2494 2813,2482 2047,2485"/>
                <Baseline points="2053,2523 2092,2525 2131,2526 2171,2526 2210,2527 2249,2527 2289,2527 2328,2527 2367,2527 2407,2526 2446,2525 2485,2524 2525,2524 2564,2523 2603,2522 2643,2520 2682,2519 2721,2518 2761,2517 2800,2515 2840,2514"/>
                <TextEquiv>
                    <Unicode>simo ed intimo comincia cosi con questo</Unicode>
                </TextEquiv>
            </TextLine>
            <TextLine id="r3l54" custom="readingOrder {index:53;}">
                <Coords points="2068,2576 2847,2562 2846,2525 2808,2519 2067,2532"/>
                <Baseline points="2073,2568 2111,2566 2149,2566 2188,2565 2226,2564 2265,2564 2303,2564 2341,2564 2380,2564 2418,2564 2457,2564 2495,2563 2533,2563 2572,2562 2610,2562 2649,2560 2687,2559 2725,2557 2764,2555 2802,2552 2841,2549"/>
                <TextEquiv>
                    <Unicode>grido, nell'animo della derelitta, allorché fi¬</Unicode>
                </TextEquiv>
            </TextLine>
            <TextLine id="r3l55" custom="readingOrder {index:54;}">
                <Coords points="1979,2559 1986,2560 1998,2571 2009,2570 2017,2575 2027,2570 2043,2573 2054,2565 2062,2567 2062,2540 2048,2530 2041,2535 2034,2528 2028,2529 2021,2525 2018,2529 2013,2524 2006,2527 2003,2525 1998,2529 1980,2525"/>
                <Baseline points="1984,2563 2020,2560 2056,2565"/>
                <TextEquiv>
                    <Unicode>gi</Unicode>
                </TextEquiv>
            </TextLine>
            <TextLine id="r3l56" custom="readingOrder {index:55;}">
                <Coords points="2059,2608 2769,2623 2856,2602 2856,2571 2059,2574"/>
                <Baseline points="2065,2603 2104,2602 2143,2602 2182,2602 2222,2601 2261,2601 2300,2601 2340,2601 2379,2601 2418,2601 2458,2601 2497,2600 2536,2600 2575,2600 2615,2599 2654,2599 2693,2598 2733,2596 2772,2595 2811,2593 2851,2592"/>
                <TextEquiv>
                    <Unicode>nisce, o meglio, si interrompe il dramma sce¬</Unicode>
                </TextEquiv>
            </TextLine>
            <TextLine id="r3l57" custom="readingOrder {index:56;}">
                <Coords points="1969,2644 2026,2652 2054,2635 2080,2652 2236,2646 2236,2611 2221,2617 2179,2600 2166,2610 2121,2608 2095,2620 2065,2609 2037,2620 2005,2603 1969,2610"/>
                <Baseline points="1975,2641 2000,2642 2026,2642 2051,2642 2077,2641 2103,2641 2128,2640 2154,2639 2179,2639 2205,2638 2231,2639"/>
                <TextEquiv>
                    <Unicode>In-Ineggiato.</Unicode>
                </TextEquiv>
            </TextLine>
            <TextLine id="r3l58" custom="readingOrder {index:57;}">
                <Coords points="2097,2686 2862,2669 2778,2626 2689,2649 2601,2628 2561,2650 2457,2634 2426,2657 2097,2652"/>
                <Baseline points="2103,2678 2140,2678 2178,2678 2216,2678 2253,2679 2291,2679 2329,2679 2366,2679 2404,2679 2442,2679 2480,2678 2517,2678 2555,2678 2593,2677 2630,2677 2668,2676 2706,2675 2743,2673 2781,2672 2819,2671 2857,2669"/>
                <TextEquiv>
                    <Unicode>Nessuna tesi, ma una severa rampogiia</Unicode>
                </TextEquiv>
            </TextLine>
            <TextLine id="r3l59" custom="readingOrder {index:58;}">
                <Coords points="1984,2708 2172,2732 2852,2717 2852,2689 2817,2681 2059,2693 1984,2671"/>
                <Baseline points="1990,2718 2032,2718 2075,2718 2118,2718 2161,2718 2204,2718 2247,2718 2289,2718 2332,2718 2375,2718 2418,2718 2461,2718 2504,2717 2547,2717 2589,2717 2632,2716 2675,2715 2718,2713 2761,2712 2804,2710 2847,2709"/>
                <TextEquiv>
                    <Unicode>hel ci é parso d’intravvedere in questo dramma,</Unicode>
                </TextEquiv>
            </TextLine>
            <TextLine id="r3l60" custom="readingOrder {index:59;}">
                <Coords points="2061,2755 2855,2767 2854,2721 2821,2714 2061,2724"/>
                <Baseline points="2067,2757 2106,2758 2145,2758 2184,2758 2223,2759 2262,2759 2301,2759 2340,2759 2379,2759 2418,2759 2458,2758 2497,2758 2536,2757 2575,2757 2614,2756 2653,2755 2692,2754 2731,2754 2770,2752 2809,2751 2849,2750"/>
                <TextEquiv>
                    <Unicode>o quanto meno la constatazione della fatuitä,</Unicode>
                </TextEquiv>
            </TextLine>
            <TextLine id="r3l61" custom="readingOrder {index:60;}">
                <Coords points="1978,2754 1989,2752 1996,2757 2000,2754 2004,2759 2019,2762 2021,2765 2027,2760 2049,2764 2050,2722 2043,2721 2037,2725 2030,2723 2020,2728 2012,2723 2002,2727 1991,2738 1979,2740"/>
                <Baseline points="1984,2757 2014,2758 2044,2758"/>
                <TextEquiv>
                    <Unicode>ati</Unicode>
                </TextEquiv>
            </TextLine>
            <TextLine id="r3l62" custom="readingOrder {index:61;}">
                <Coords points="1974,2794 2055,2816 2855,2803 2825,2753 1974,2784"/>
                <Baseline points="1979,2794 2022,2795 2066,2796 2109,2796 2153,2797 2196,2797 2240,2797 2283,2797 2327,2797 2370,2797 2414,2797 2457,2796 2501,2796 2544,2795 2588,2794 2631,2794 2675,2793 2718,2792 2762,2791 2805,2789 2849,2788"/>
                <TextEquiv>
                    <Unicode>in- della frivolczza, della irresponsabilitä quasi,</Unicode>
                </TextEquiv>
            </TextLine>
            <TextLine id="r3l63" custom="readingOrder {index:62;}">
                <Coords points="1981,2821 2081,2847 2852,2836 2825,2793 1981,2807"/>
                <Baseline points="1987,2832 2030,2833 2073,2834 2116,2835 2159,2835 2202,2836 2245,2836 2288,2837 2331,2837 2374,2837 2417,2836 2460,2836 2503,2836 2546,2835 2589,2834 2632,2833 2675,2831 2718,2829 2761,2828 2804,2825 2847,2823"/>
                <TextEquiv>
                    <Unicode>ri-con cui oggidi si accumulano lagrime e ro¬</Unicode>
                </TextEquiv>
            </TextLine>
            <TextLine id="r3l64" custom="readingOrder {index:63;}">
                <Coords points="2072,2876 2856,2872 2855,2837 2726,2827 2072,2846"/>
                <Baseline points="2077,2873 2115,2874 2154,2874 2192,2875 2231,2875 2270,2875 2308,2875 2347,2875 2386,2875 2424,2875 2463,2874 2502,2874 2540,2874 2579,2873 2618,2872 2656,2871 2695,2870 2734,2868 2772,2867 2811,2865 2850,2864"/>
                <TextEquiv>
                    <Unicode>vine, pur di avere gioie e sorrisi. Del va¬</Unicode>
                </TextEquiv>
            </TextLine>
            <TextLine id="r3l65" custom="readingOrder {index:64;}">
                <Coords points="2079,2918 2844,2915 2855,2875 2078,2877"/>
                <Baseline points="2084,2912 2122,2912 2160,2912 2198,2912 2237,2912 2275,2912 2313,2912 2352,2912 2390,2912 2428,2912 2467,2912 2505,2912 2543,2911 2581,2911 2620,2910 2658,2910 2696,2909 2735,2907 2773,2906 2811,2905 2850,2903"/>
                <TextEquiv>
                    <Unicode>lore d’artista dello Schnitzler, é prova, piu</Unicode>
                </TextEquiv>
            </TextLine>
            <TextLine id="r3l66" custom="readingOrder {index:65;}">
                <Coords points="1981,2925 1992,2924 2002,2932 2017,2937 2022,2937 2029,2932 2032,2934 2036,2930 2045,2932 2053,2927 2049,2892 2039,2888 2035,2890 2025,2882 2014,2890 2005,2889 1992,2901 1978,2904"/>
                <Baseline points="1986,2924 2016,2920 2047,2917"/>
                <TextEquiv>
                    <Unicode>gio</Unicode>
                </TextEquiv>
            </TextLine>
            <TextLine id="r3l67" custom="readingOrder {index:66;}">
                <Coords points="2069,2954 2729,2959 2854,2951 2854,2912 2069,2918"/>
                <Baseline points="2075,2949 2113,2950 2152,2951 2191,2951 2229,2951 2268,2951 2307,2951 2345,2951 2384,2950 2423,2950 2462,2949 2500,2949 2539,2948 2578,2948 2616,2947 2655,2947 2694,2946 2732,2946 2771,2945 2810,2945 2849,2944"/>
                <TextEquiv>
                    <Unicode>ancora dei tipi dei due amanti protagonisti,</Unicode>
                </TextEquiv>
            </TextLine>
            <TextLine id="r3l68" custom="readingOrder {index:67;}">
                <Coords points="2067,2996 2833,2994 2854,2951 2067,2969"/>
                <Baseline points="2073,2991 2111,2991 2150,2990 2189,2990 2228,2989 2267,2989 2305,2989 2344,2988 2383,2988 2422,2987 2461,2987 2499,2986 2538,2986 2577,2985 2616,2985 2655,2984 2693,2984 2732,2983 2771,2983 2810,2982 2849,2982"/>
                <TextEquiv>
                    <Unicode>quello genialmente nuovo e audacemente</Unicode>
                </TextEquiv>
            </TextLine>
            <TextLine id="r3l69" custom="readingOrder {index:68;}">
                <Coords points="1987,2998 1994,2998 2012,3009 2019,3005 2027,3009 2041,3008 2041,2965 2034,2967 2029,2962 2024,2964 2019,2961 2008,2970 2001,2968 1996,2973 1987,2970"/>
                <Baseline points="1992,2994 2036,2994"/>
                <TextEquiv>
                    <Unicode></Unicode>
                </TextEquiv>
            </TextLine>
            <TextLine id="r3l70" custom="readingOrder {index:69;}">
                <Coords points="2066,3039 2859,3030 2858,2996 2775,2982 2066,3008"/>
                <Baseline points="2071,3028 2110,3028 2149,3028 2188,3028 2227,3027 2266,3027 2305,3026 2344,3026 2383,3025 2422,3025 2462,3024 2501,3023 2540,3023 2579,3022 2618,3022 2657,3021 2696,3021 2735,3020 2774,3020 2813,3020 2853,3020"/>
                <TextEquiv>
                    <Unicode>umano, del vecchio padre della Cristina,</Unicode>
                </TextEquiv>
            </TextLine>
            <TextLine id="r3l71" custom="readingOrder {index:70;}">
                <Coords points="1992,3042 2006,3041 2023,3052 2033,3046 2036,3048 2040,3046 2045,3051 2047,3048 2049,3050 2059,3047 2056,3003 2047,3001 2033,3009 2020,3005 2013,3009 2002,3002 1989,3003"/>
                <Baseline points="1997,3039 2025,3037 2053,3035"/>
                <TextEquiv>
                    <Unicode>tiel</Unicode>
                </TextEquiv>
            </TextLine>
            <TextLine id="r3l72" custom="readingOrder {index:71;}">
                <Coords points="2070,3063 2322,3082 2658,3073 2716,3048 2840,3072 2860,3026 2676,3015 2606,3045 2504,3026 2454,3049 2385,3028 2070,3035"/>
                <Baseline points="2075,3066 2114,3066 2153,3066 2192,3066 2231,3066 2270,3066 2309,3066 2348,3066 2387,3066 2426,3065 2465,3065 2504,3064 2543,3063 2582,3063 2621,3062 2660,3061 2699,3061 2738,3060 2777,3059 2816,3059 2855,3058"/>
                <TextEquiv>
                    <Unicode>un umile musicista che a suoi capegli</Unicode>
                </TextEquiv>
            </TextLine>
            <TextLine id="r3l73" custom="readingOrder {index:72;}">
                <Coords points="2059,3106 2864,3108 2864,3075 2722,3055 2653,3077 2059,3072"/>
                <Baseline points="2065,3102 2104,3102 2144,3103 2183,3103 2223,3103 2263,3104 2302,3104 2342,3104 2382,3104 2421,3104 2461,3103 2501,3103 2540,3103 2580,3102 2620,3101 2659,3101 2699,3099 2739,3098 2778,3097 2818,3096 2858,3094"/>
                <TextEquiv>
                    <Unicode>bianchi serba il conforto di proclamare</Unicode>
                </TextEquiv>
            </TextLine>
            <TextLine id="r3l74" custom="readingOrder {index:73;}">
                <Coords points="1977,3114 1990,3116 2012,3130 2024,3128 2041,3134 2049,3132 2047,3082 2041,3083 2035,3078 2018,3091 2011,3086 2008,3089 2000,3089 1990,3101 1977,3098"/>
                <Baseline points="1983,3123 2013,3123 2043,3121"/>
                <TextEquiv>
                    <Unicode>tto</Unicode>
                </TextEquiv>
            </TextLine>
            <TextLine id="r3l75" custom="readingOrder {index:74;}">
                <Coords points="2076,3152 2813,3149 2863,3140 2863,3106 2076,3112"/>
                <Baseline points="2081,3140 2119,3141 2158,3141 2197,3141 2236,3142 2275,3142 2313,3142 2352,3142 2391,3142 2430,3141 2469,3141 2507,3141 2546,3141 2585,3140 2624,3139 2663,3138 2701,3137 2740,3136 2779,3135 2818,3133 2857,3132"/>
                <TextEquiv>
                    <Unicode>candidamente l'amore della vita e i diritti</Unicode>
                </TextEquiv>
            </TextLine>
            <TextLine id="r3l76" custom="readingOrder {index:75;}">
                <Coords points="1977,3179 1990,3178 1998,3170 2010,3176 2016,3169 2026,3167 2035,3167 2058,3175 2057,3132 2041,3134 2024,3129 2012,3138 2000,3136 1994,3141 1976,3141"/>
                <Baseline points="1982,3164 2017,3162 2052,3162"/>
                <TextEquiv>
                    <Unicode>nte</Unicode>
                </TextEquiv>
            </TextLine>
            <TextLine id="r3l77" custom="readingOrder {index:76;}">
                <Coords points="2083,3186 2734,3195 2863,3175 2863,3145 2082,3150"/>
                <Baseline points="2088,3182 2126,3182 2165,3182 2203,3182 2242,3182 2280,3182 2319,3182 2357,3182 2396,3182 2434,3182 2473,3181 2511,3181 2550,3180 2588,3180 2627,3179 2665,3178 2704,3178 2742,3177 2781,3176 2819,3175 2858,3174"/>
                <TextEquiv>
                    <Unicode>dell'amore, di adorare, sovra tutto, senza</Unicode>
                </TextEquiv>
            </TextLine>
            <TextLine id="r3l78" custom="readingOrder {index:77;}">
                <Coords points="2068,3224 2102,3234 2132,3220 2207,3231 2306,3220 2338,3234 2366,3221 2487,3219 2487,3193 2452,3180 2368,3194 2344,3179 2308,3201 2276,3180 2202,3194 2068,3186"/>
                <Baseline points="2073,3220 2098,3219 2124,3219 2149,3219 2175,3219 2200,3219 2226,3220 2251,3220 2277,3221 2302,3221 2328,3221 2353,3221 2379,3220 2404,3219 2430,3218 2455,3216 2481,3213"/>
                <TextEquiv>
                    <Unicode>invidiarla, la gioventü.</Unicode>
                </TextEquiv>
            </TextLine>
            <TextLine id="r3l79" custom="readingOrder {index:78;}">
                <Coords points="2097,3249 2228,3271 2479,3253 2865,3270 2865,3228 2736,3210 2097,3231"/>
                <Baseline points="2103,3258 2140,3258 2178,3258 2216,3258 2254,3258 2292,3258 2330,3258 2367,3257 2405,3257 2443,3257 2481,3257 2519,3256 2557,3256 2595,3255 2632,3255 2670,3254 2708,3253 2746,3252 2784,3250 2822,3249 2860,3248"/>
                <TextEquiv>
                    <Unicode>II soverchio indugio nella pittura di am¬</Unicode>
                </TextEquiv>
            </TextLine>
            <TextLine id="r3l80" custom="readingOrder {index:79;}">
                <Coords points="2069,3300 2860,3295 2833,3255 2069,3268"/>
                <Baseline points="2075,3296 2116,3297 2157,3298 2198,3298 2239,3298 2280,3298 2321,3298 2362,3298 2403,3298 2444,3298 2485,3297 2526,3296 2567,3296 2608,3295 2649,3295 2690,3294 2731,3294 2772,3294 2813,3293 2854,3293"/>
                <TextEquiv>
                    <Unicode>bienti non nuovi, ha nuociuto al successo</Unicode>
                </TextEquiv>
            </TextLine>
            <TextLine id="r3l81" custom="readingOrder {index:80;}">
                <Coords points="1995,3339 2007,3337 2018,3325 2021,3328 2024,3328 2027,3324 2033,3328 2051,3327 2046,3290 2026,3291 2020,3296 2017,3294 2010,3299 2008,3298 2004,3303 1990,3302"/>
                <Baseline points="1998,3322 2044,3316"/>
                <TextEquiv>
                    <Unicode>a</Unicode>
                </TextEquiv>
            </TextLine>
            <TextLine id="r3l82" custom="readingOrder {index:81;}">
                <Coords points="2065,3329 2195,3350 2870,3346 2850,3297 2065,3295"/>
                <Baseline points="2071,3338 2110,3338 2150,3338 2190,3338 2229,3338 2269,3337 2309,3337 2348,3337 2388,3337 2428,3337 2468,3336 2507,3336 2547,3336 2587,3335 2626,3335 2666,3335 2706,3334 2745,3334 2785,3333 2825,3332 2865,3331"/>
                <TextEquiv>
                    <Unicode>dei primi attie gli applausi all'ultime scene</Unicode>
                </TextEquiv>
            </TextLine>
            <TextLine id="r3l83" custom="readingOrder {index:82;}">
                <Coords points="2081,3388 2834,3378 2856,3340 2080,3338"/>
                <Baseline points="2086,3376 2124,3376 2162,3376 2200,3376 2238,3376 2277,3376 2315,3376 2353,3376 2391,3376 2429,3376 2468,3375 2506,3375 2544,3375 2582,3374 2620,3374 2659,3373 2697,3372 2735,3370 2773,3369 2811,3368 2850,3365"/>
                <TextEquiv>
                    <Unicode>si dovettero in gran parte auche al talento</Unicode>
                </TextEquiv>
            </TextLine>
            <TextLine id="r3l84" custom="readingOrder {index:83;}">
                <Coords points="1987,3404 1997,3405 2008,3400 2011,3402 2014,3400 2023,3406 2032,3401 2036,3403 2038,3400 2048,3405 2055,3404 2054,3361 2048,3361 2031,3369 2026,3364 2013,3369 2008,3365 2002,3368 1995,3364 1985,3364"/>
                <Baseline points="1992,3396 2021,3396 2050,3394"/>
                <TextEquiv>
                    <Unicode>un</Unicode>
                </TextEquiv>
            </TextLine>
            <TextLine id="r3l85" custom="readingOrder {index:84;}">
                <Coords points="2086,3429 2855,3408 2824,3373 2086,3383"/>
                <Baseline points="2092,3414 2129,3414 2167,3415 2205,3415 2243,3415 2281,3415 2319,3416 2356,3416 2394,3416 2432,3416 2470,3415 2508,3415 2546,3415 2584,3414 2621,3414 2659,3413 2697,3412 2735,3411 2773,3410 2811,3409 2849,3407"/>
                <TextEquiv>
                    <Unicode>meraviglioso di semplicitä di cui ha dato</Unicode>
                </TextEquiv>
            </TextLine>
            <TextLine id="r3l86" custom="readingOrder {index:85;}">
                <Coords points="1991,3459 1996,3458 2006,3462 2015,3452 2023,3452 2028,3445 2032,3448 2035,3445 2037,3447 2044,3437 2050,3438 2063,3430 2059,3406 2052,3408 2039,3400 2036,3402 2033,3400 2025,3406 2017,3404 2010,3406 2005,3402 1999,3402 1990,3411 1982,3411"/>
                <Baseline points="1993,3439 2025,3433 2057,3427"/>
                <TextEquiv>
                    <Unicode>ri¬</Unicode>
                </TextEquiv>
            </TextLine>
            <TextLine id="r3l87" custom="readingOrder {index:86;}">
                <Coords points="2075,3456 2857,3448 2849,3408 2075,3428"/>
                <Baseline points="2081,3457 2119,3456 2158,3455 2196,3455 2235,3454 2273,3454 2312,3454 2350,3453 2389,3453 2427,3453 2466,3453 2504,3453 2543,3453 2581,3452 2620,3452 2658,3451 2697,3451 2735,3449 2774,3449 2812,3447 2851,3445"/>
                <TextEquiv>
                    <Unicode>prova, come sempre del resto, la Mariani.</Unicode>
                </TextEquiv>
            </TextLine>
            <TextLine id="r3l88" custom="readingOrder {index:87;}">
                <Coords points="2079,3509 2479,3485 2856,3500 2864,3453 2079,3459"/>
                <Baseline points="2085,3492 2123,3491 2162,3491 2200,3490 2239,3490 2278,3490 2316,3490 2355,3490 2394,3491 2432,3491 2471,3491 2510,3491 2548,3491 2587,3491 2626,3491 2664,3490 2703,3489 2742,3488 2780,3487 2819,3485 2858,3482"/>
                <TextEquiv>
                    <Unicode>Tipico ed eflicacissimo fu anche il Calabresi</Unicode>
                </TextEquiv>
            </TextLine>
            <TextLine id="r3l89" custom="readingOrder {index:88;}">
                <Coords points="2072,3530 2860,3545 2860,3487 2072,3507"/>
                <Baseline points="2077,3527 2115,3528 2154,3529 2193,3530 2232,3530 2271,3530 2310,3531 2349,3531 2388,3530 2427,3530 2466,3530 2504,3530 2543,3529 2582,3529 2621,3528 2660,3528 2699,3527 2738,3527 2777,3526 2816,3526 2855,3525"/>
                <TextEquiv>
                    <Unicode>ed afliatati, corretti la Venturi, il Zampieri</Unicode>
                </TextEquiv>
            </TextLine>
            <TextLine id="r3l90" custom="readingOrder {index:89;}">
                <Coords points="1999,3560 2078,3585 2091,3575 2141,3578 2155,3568 2181,3582 2273,3578 2274,3544 2254,3546 2241,3533 2197,3542 2138,3532 2106,3544 2083,3535 2068,3543 2048,3527 2000,3535"/>
                <Baseline points="2004,3559 2030,3561 2056,3563 2083,3565 2109,3566 2136,3568 2162,3569 2188,3570 2215,3570 2241,3570 2268,3570"/>
                <TextEquiv>
                    <Unicode>33se il Talli.</Unicode>
                </TextEquiv>
            </TextLine>
            <TextLine id="r3l91" custom="readingOrder {index:90;}">
                <Coords points="1981,3596 1993,3597 2007,3609 2009,3607 2016,3612 2026,3604 2041,3610 2054,3602 2067,3604 2067,3582 2053,3579 2038,3568 2007,3565 2004,3561 1998,3567 1993,3563 1987,3567 1982,3566"/>
                <Baseline points="1986,3599 2011,3599 2036,3599 2062,3601"/>
                <TextEquiv>
                    <Unicode>dde</Unicode>
                </TextEquiv>
            </TextLine>
            <TextLine id="r3l92" custom="readingOrder {index:91;}">
                <Coords points="2073,3622 2868,3620 2868,3589 2836,3580 2654,3589 2550,3557 2476,3590 2073,3584"/>
                <Baseline points="2079,3617 2118,3618 2157,3618 2196,3617 2235,3617 2275,3617 2314,3616 2353,3616 2392,3615 2431,3615 2471,3614 2510,3613 2549,3613 2588,3613 2627,3612 2667,3612 2706,3611 2745,3611 2784,3611 2823,3611 2863,3612"/>
                <TextEquiv>
                    <Unicode>I flaschie i successi di Sudermann.</Unicode>
                </TextEquiv>
            </TextLine>
            <TextLine id="r3l93" custom="readingOrder {index:92;}">
                <Coords points="1971,3653 1985,3647 1989,3641 2001,3650 2009,3651 2022,3647 2035,3649 2042,3644 2046,3645 2050,3640 2056,3640 2053,3608 2040,3610 2022,3605 2016,3613 2000,3610 1982,3627 1969,3632"/>
                <Baseline points="1975,3643 2000,3641 2025,3637 2051,3635"/>
                <TextEquiv>
                    <Unicode>ras¬</Unicode>
                </TextEquiv>
            </TextLine>
            <TextLine id="r3l94" custom="readingOrder {index:93;}">
                <Coords points="2104,3662 2863,3678 2863,3632 2803,3623 2427,3623 2355,3649 2104,3629"/>
                <Baseline points="2110,3663 2147,3664 2184,3665 2222,3665 2259,3666 2297,3666 2334,3666 2371,3666 2409,3665 2446,3665 2484,3665 2521,3664 2558,3664 2596,3663 2633,3663 2671,3663 2708,3662 2745,3662 2783,3662 2820,3662 2858,3662"/>
                <TextEquiv>
                    <Unicode>Sabato sera a Vienna, al Burgtheater,</Unicode>
                </TextEquiv>
            </TextLine>
            <TextLine id="r3l95" custom="readingOrder {index:94;}">
                <Coords points="1974,3696 1985,3694 1997,3702 2012,3687 2019,3691 2031,3690 2037,3685 2042,3686 2045,3682 2051,3683 2052,3680 2060,3679 2057,3656 2048,3657 2030,3648 2021,3647 2014,3651 2004,3649 1995,3657 1985,3657 1982,3660 1976,3656 1969,3657"/>
                <Baseline points="1979,3687 2004,3684 2029,3678 2055,3679"/>
                <TextEquiv>
                    <Unicode>Dor¬</Unicode>
                </TextEquiv>
            </TextLine>
            <TextLine id="r3l96" custom="readingOrder {index:95;}">
                <Coords points="2085,3712 2868,3703 2841,3666 2777,3663 2085,3679"/>
                <Baseline points="2091,3704 2129,3704 2168,3704 2206,3704 2245,3705 2284,3705 2322,3705 2361,3705 2399,3705 2438,3705 2477,3705 2515,3705 2554,3705 2592,3705 2631,3704 2670,3704 2708,3704 2747,3703 2785,3703 2824,3702 2863,3701"/>
                <TextEquiv>
                    <Unicode>ebbe luogo la prima rappresentazione di tre</Unicode>
                </TextEquiv>
            </TextLine>
            <TextLine id="r3l97" custom="readingOrder {index:96;}">
                <Coords points="1981,3727 1996,3727 2000,3730 2009,3726 2018,3729 2024,3727 2028,3730 2040,3728 2044,3732 2054,3730 2051,3683 2044,3683 2030,3696 2021,3691 2013,3695 2010,3693 1996,3702 1988,3697 1979,3697"/>
                <Baseline points="1986,3722 2017,3718 2048,3718"/>
                <TextEquiv>
                    <Unicode>Sce</Unicode>
                </TextEquiv>
            </TextLine>
            <TextLine id="r3l98" custom="readingOrder {index:97;}">
                <Coords points="2082,3749 2816,3754 2868,3718 2082,3721"/>
                <Baseline points="2087,3747 2125,3746 2164,3745 2203,3745 2242,3745 2281,3745 2319,3744 2358,3744 2397,3744 2436,3744 2475,3744 2513,3744 2552,3744 2591,3743 2630,3743 2669,3742 2707,3742 2746,3741 2785,3740 2824,3738 2863,3736"/>
                <TextEquiv>
                    <Unicode>commedie in un atto di Sudermann, il ce¬</Unicode>
                </TextEquiv>
            </TextLine>
            <TextLine id="r3l99" custom="readingOrder {index:98;}">
                <Coords points="2076,3797 2177,3778 2813,3792 2861,3782 2861,3744 2076,3747"/>
                <Baseline points="2081,3782 2119,3782 2158,3782 2197,3782 2235,3782 2274,3782 2313,3782 2351,3782 2390,3782 2429,3782 2468,3782 2506,3782 2545,3782 2584,3782 2622,3782 2661,3781 2700,3781 2738,3780 2777,3779 2816,3779 2855,3777"/>
                <TextEquiv>
                    <Unicode>lebre autore dell’Onore. Le tre nuove com¬</Unicode>
                </TextEquiv>
            </TextLine>
            <TextLine id="r3l100" custom="readingOrder {index:99;}">
                <Coords points="1970,3818 1980,3818 1990,3811 1998,3815 2000,3812 2006,3814 2015,3810 2021,3814 2028,3811 2035,3816 2058,3815 2058,3775 2050,3775 2046,3770 2028,3776 2008,3772 2001,3773 1991,3781 1970,3775"/>
                <Baseline points="1975,3805 2001,3805 2027,3806 2053,3803"/>
                <TextEquiv>
                    <Unicode>Ina</Unicode>
                </TextEquiv>
            </TextLine>
            <TextLine id="r3l101" custom="readingOrder {index:100;}">
                <Coords points="2086,3830 2766,3835 2881,3820 2881,3773 2817,3793 2086,3796"/>
                <Baseline points="2092,3821 2131,3821 2170,3821 2209,3821 2248,3822 2288,3822 2327,3822 2366,3822 2405,3822 2444,3822 2484,3822 2523,3822 2562,3822 2601,3822 2640,3822 2680,3821 2719,3821 2758,3821 2797,3820 2836,3820 2876,3819"/>
                <TextEquiv>
                    <Unicode>medie erano intitolate Teja, Fritschen e</Unicode>
                </TextEquiv>
            </TextLine>
            <TextLine id="r3l102" custom="readingOrder {index:101;}">
                <Coords points="2084,3875 2133,3863 2189,3871 2212,3859 2344,3874 2393,3862 2422,3869 2438,3862 2438,3833 2117,3826 2084,3836"/>
                <Baseline points="2089,3861 2115,3859 2141,3858 2168,3858 2194,3857 2221,3857 2247,3858 2274,3858 2300,3859 2327,3859 2353,3859 2380,3859 2406,3858 2433,3857"/>
                <TextEquiv>
                    <Unicode>Eterno mascolino.</Unicode>
                </TextEquiv>
            </TextLine>
            <TextLine id="r3l103" custom="readingOrder {index:102;}">
                <Coords points="1985,3904 1996,3903 2007,3894 2011,3896 2017,3890 2025,3892 2029,3897 2034,3897 2042,3890 2058,3892 2058,3865 2034,3860 2026,3852 2023,3853 2020,3850 2001,3855 1996,3861 1990,3856 1985,3856"/>
                <Baseline points="1990,3881 2021,3881 2052,3881"/>
                <TextEquiv>
                    <Unicode>im¬</Unicode>
                </TextEquiv>
            </TextLine>
            <TextLine id="r3l104" custom="readingOrder {index:103;}">
                <Coords points="2105,3911 2849,3910 2867,3864 2105,3875"/>
                <Baseline points="2110,3897 2147,3897 2185,3897 2222,3898 2260,3898 2298,3898 2335,3898 2373,3899 2410,3899 2448,3899 2486,3899 2523,3899 2561,3899 2598,3899 2636,3899 2674,3899 2711,3898 2749,3898 2786,3897 2824,3896 2862,3895"/>
                <TextEquiv>
                    <Unicode>Le due prime furono accolte freldamente,</Unicode>
                </TextEquiv>
            </TextLine>
            <TextLine id="r3l105" custom="readingOrder {index:104;}">
                <Coords points="1977,3935 1994,3934 2000,3937 2009,3931 2023,3931 2028,3936 2040,3927 2049,3933 2059,3931 2059,3893 2050,3890 2029,3897 2022,3892 2016,3898 2007,3894 1990,3904 1977,3900"/>
                <Baseline points="1983,3923 2018,3923 2053,3923"/>
                <TextEquiv>
                    <Unicode>una</Unicode>
                </TextEquiv>
            </TextLine>
            <TextLine id="r3l106" custom="readingOrder {index:105;}">
                <Coords points="2088,3953 2867,3944 2867,3913 2823,3901 2088,3904"/>
                <Baseline points="2093,3938 2131,3938 2169,3938 2208,3938 2246,3938 2285,3938 2323,3939 2362,3939 2400,3939 2439,3939 2477,3940 2515,3940 2554,3940 2592,3940 2631,3940 2669,3940 2708,3940 2746,3939 2785,3939 2823,3938 2862,3938"/>
                <TextEquiv>
                    <Unicode>la terza sollevo una tempesta di fischi, fatto</Unicode>
                </TextEquiv>
            </TextLine>
            <TextLine id="r3l107" custom="readingOrder {index:106;}">
                <Coords points="1988,3964 1998,3963 2023,3976 2035,3971 2048,3978 2057,3978 2057,3933 2049,3933 2040,3927 2026,3938 2022,3935 2017,3936 2012,3931 2000,3937 1988,3934"/>
                <Baseline points="1993,3963 2022,3963 2051,3963"/>
                <TextEquiv>
                    <Unicode>nte</Unicode>
                </TextEquiv>
            </TextLine>
            <TextLine id="r3l108" custom="readingOrder {index:107;}">
                <Coords points="2080,3978 2839,3985 2858,3943 2135,3938 2080,3957"/>
                <Baseline points="2085,3981 2123,3980 2161,3979 2200,3978 2238,3978 2277,3978 2315,3978 2353,3978 2392,3979 2430,3979 2469,3980 2507,3981 2545,3981 2584,3981 2622,3981 2661,3981 2699,3981 2737,3980 2776,3979 2814,3977 2853,3974"/>
                <TextEquiv>
                    <Unicode>quasi inaudito al Burgtheater dove le mani¬</Unicode>
                </TextEquiv>
            </TextLine>
            <TextLine id="r3l109" custom="readingOrder {index:108;}">
                <Coords points="2086,4027 2837,4026 2862,4018 2862,3983 2086,3988"/>
                <Baseline points="2091,4019 2129,4017 2167,4016 2205,4015 2244,4015 2282,4015 2320,4015 2359,4015 2397,4016 2435,4017 2474,4017 2512,4018 2550,4018 2588,4019 2627,4019 2665,4019 2703,4019 2742,4018 2780,4017 2818,4016 2857,4015"/>
                <TextEquiv>
                    <Unicode>festazioni di disapprovazione sono strotta¬</Unicode>
                </TextEquiv>
            </TextLine>
            <TextLine id="r3l110" custom="readingOrder {index:109;}">
                <Coords points="1987,4057 2018,4049 2046,4061 2055,4060 2065,4048 2073,4048 2068,4010 2060,4012 2046,4006 2035,4008 2029,4013 2022,4011 2014,4015 2001,4012 1993,4018 1981,4016"/>
                <Baseline points="1990,4044 2015,4040 2040,4039 2066,4032"/>
                <TextEquiv>
                    <Unicode>Mn-</Unicode>
                </TextEquiv>
            </TextLine>
            <TextLine id="r3l111" custom="readingOrder {index:110;}">
                <Coords points="2066,4076 2113,4075 2143,4057 2202,4072 2274,4071 2308,4058 2361,4061 2360,4026 2344,4021 2279,4015 2211,4031 2154,4021 2128,4032 2065,4020"/>
                <Baseline points="2071,4060 2096,4058 2122,4058 2148,4057 2174,4056 2200,4055 2225,4055 2251,4055 2277,4055 2303,4054 2329,4054 2355,4055"/>
                <TextEquiv>
                    <Unicode>mente proibite.</Unicode>
                </TextEquiv>
            </TextLine>
            <TextLine id="r3l112" custom="readingOrder {index:111;}">
                <Coords points="2104,4082 2245,4108 2901,4092 2901,4061 2726,4048 2618,4072 2436,4051 2104,4069"/>
                <Baseline points="2110,4094 2149,4094 2188,4094 2227,4094 2267,4095 2306,4095 2345,4095 2385,4095 2424,4095 2463,4095 2503,4095 2542,4095 2581,4094 2620,4094 2660,4094 2699,4093 2738,4093 2778,4092 2817,4091 2856,4090 2896,4089"/>
                <TextEquiv>
                    <Unicode>Per un contrasto bizzarro un dispaccio</Unicode>
                </TextEquiv>
            </TextLine>
            <TextLine id="r3l113" custom="readingOrder {index:112;}">
                <Coords points="2883,4136 2893,4136 2894,4138 2897,4135 2901,4138 2907,4136 2913,4138 2923,4134 2930,4138 2938,4136 2937,4100 2928,4101 2920,4105 2911,4098 2910,4100 2908,4098 2902,4099 2894,4095 2891,4095 2886,4100 2881,4100"/>
                <Baseline points="2888,4124 2932,4122"/>
                <TextEquiv>
                    <Unicode>0—</Unicode>
                </TextEquiv>
            </TextLine>
            <TextLine id="r3l114" custom="readingOrder {index:113;}">
                <Coords points="2068,4136 2854,4137 2853,4098 2797,4093 2248,4112 2067,4078"/>
                <Baseline points="2073,4137 2111,4136 2150,4135 2189,4134 2228,4134 2266,4133 2305,4133 2344,4133 2383,4132 2421,4132 2460,4132 2499,4132 2538,4132 2576,4132 2615,4132 2654,4132 2693,4132 2731,4131 2770,4131 2809,4131 2848,4130"/>
                <TextEquiv>
                    <Unicode>annuncia che le stesse tre commedie, date</Unicode>
                </TextEquiv>
            </TextLine>
            <TextEquiv>
                <Unicode>IL SECOLO 6-7 Ottobre
ECO DEr TEATn.
Questa sera al Lirico si rappresenta Lai!
Navarrese di Massenet, della qualo la si¬“
gnora Nouvina fa una vera creazione, e ile
Maestro di cappella di Paer.
Amoreggiamenti, dramma insc
tre alli, di A. Schnitzler.
8
La catastrofe soltanto ha scosso il pub¬
blico e strappato l’applauso. Due elementi
essenziali ed eterni dell’arte, la veritä e il
dolore, hanno vinto ancora una volta, hanno
dissipato il tedio delle scene monotone e
tristi fra cui si trascina il nuovo dramma
di A. Schnitzler, rappresentato ieri sera al
Manzoni.
Anoreggiamenti, cost il dramma pocol P
3
felicemonte ha preso nome in italiano, 6 la
storia dei due ultimi amori di un giovane
ricco, bello, invidiato, che dall’uno é passato
all'altro, colla spensieratezza, la incoscienza
egoista e crudele della maggior parte dei
glovani suoi pari.
Dopo la conquista di una dama rubata al
marito, Fritz Lebner si consola illudendosi
d’amare una buona e bella ragazza del po¬
ar
polo, che 1 Jui tutto sagrinca, ebbra quasi di
ammirazicne e di passione per Jui. Ma quando
dal marito offeso egli é chiamato a dar conto
dell’oltraggio, il nuovo amore ridiventa un
incidente, un impaccio quasi, per lui: il
giovane eroe non sente, non sospetta d’a¬
5.
vere nnovi doveri. II stto onore gli impone,
non giä di umiliarsi per vivere e rendere
felice Cristina, la fanciulla che gli si 6 data,
bensi di battersi col marito dell'antica amante.
II duello ha un esito tragico: il seduttore
é uccisoe Cristina che lo apprende qualche
16
giorno dopo, capisce di non esscre stata per
Jui che un passatempo. E nell’esplosione di
dolore e di sdegno della vittima, l’essenza
vitale del dramma. la sua unica, ma robu¬
sta ed onesta originalitä di pensiero. - Si 6
fatto ammazzare per una donna che non
amava piü, dopo aver giurato a me da¬
marmi tanto!  Un dramma nuovo, tristis¬
ai
simo ed intimo comincia cosi con questo
grido, nell'animo della derelitta, allorché fi¬
gi
nisce, o meglio, si interrompe il dramma sce¬
In-Ineggiato.
Nessuna tesi, ma una severa rampogiia
hel ci é parso d’intravvedere in questo dramma,
o quanto meno la constatazione della fatuitä,
ati
in- della frivolczza, della irresponsabilitä quasi,
ri-con cui oggidi si accumulano lagrime e ro¬
vine, pur di avere gioie e sorrisi. Del va¬
lore d’artista dello Schnitzler, é prova, piu
gio
ancora dei tipi dei due amanti protagonisti,
quello genialmente nuovo e audacemente

umano, del vecchio padre della Cristina,
tiel
un umile musicista che a suoi capegli
bianchi serba il conforto di proclamare
tto
candidamente l'amore della vita e i diritti
nte
dell'amore, di adorare, sovra tutto, senza
invidiarla, la gioventü.
II soverchio indugio nella pittura di am¬
bienti non nuovi, ha nuociuto al successo
a
dei primi attie gli applausi all'ultime scene
si dovettero in gran parte auche al talento
un
meraviglioso di semplicitä di cui ha dato
ri¬
prova, come sempre del resto, la Mariani.
Tipico ed eflicacissimo fu anche il Calabresi
ed afliatati, corretti la Venturi, il Zampieri
33se il Talli.
dde
I flaschie i successi di Sudermann.
ras¬
Sabato sera a Vienna, al Burgtheater,
Dor¬
ebbe luogo la prima rappresentazione di tre
Sce
commedie in un atto di Sudermann, il ce¬
lebre autore dell’Onore. Le tre nuove com¬
Ina
medie erano intitolate Teja, Fritschen e
Eterno mascolino.
im¬
Le due prime furono accolte freldamente,
una
la terza sollevo una tempesta di fischi, fatto
nte
quasi inaudito al Burgtheater dove le mani¬
festazioni di disapprovazione sono strotta¬
Mn-
mente proibite.
Per un contrasto bizzarro un dispaccio
0—
annuncia che le stesse tre commedie, date</Unicode>
            </TextEquiv>
        </TextRegion>
    </Page>
</PcGts>
