3248 4320
360 210 711 286 Liebele
209 207 1342 332 3.— box 10/1
2864 752 3065 816 Nr. 54
2147 756 2550 830 12 Ocrober 1895.
1667 768 1912 837 Die Zeit
1054 774 1400 843 Wien, Samstag,
572 776 793 849 Seite 28
1821 875 3109 938 übung des wichtigsten constitutionellen Rechtes, verübte man am Volke, den
653 897 1815 965 Das Schauspiel war schlecht insceniert; das wienerische Wort
1826 926 3099 986 friedlichsten, treuen Landesbewohneri nicht nur die früheren Missbräuche,
541 954 1814 1003 ist hier am Platze: schlampert. Die Schauspieler standen immer im
1825 967 3103 1031 Pressionen, Drehungen und allerlei Demoralisation,
537 989 1746 1047 Rudel um den Souffleur, ohne je zu einer natürlichen Gruppe,
1823 1024 3098 1057 sondern begieng auch neue, Recht und Freiheit ins Antlitz schlagende Unge¬
546 1034 1813 1087 einem ruhigen Bilde zu komm. Die angenehme Laune des eisten
1823 1046 3102 1097 rechtigkeiten, öffentliche Vergewaltigungen. Man fälschte den Willen
534 1086 1807 1144 Actes wurde durch eine sereierte und ungemüthliche Lustigkeit mit
1828 1088 3104 1137 ## Volkes und drängte ihm zu Vertretern Leute auf, die es absolut nicht
1833 1124 3102 1171 will und die es mehr für seine Feinde als Förderer ansieht. Und dabei
544 1133 1816 1187 Gepolter und Tapage gestört. Dem lieben Stübchen der Christin im
1837 1156 3105 1213 brüstet man sich vor dem kaiserlichen Throne, sowie vor den Völkern Oester¬
548 1163 1809 1243 zweiten, das hier eher einer Manége glich, fehlte jede Stimmung; ein
1829 1209 3113 1258 reichs und Europas mit dem Vertrauen des ruthenischen Volkes für seine
549 1212 1820 1277 „Kanari“, eine Nähmaschine. ein Spinett hätten dazu genügt und wenn
1829 1237 3107 1298 Unterdrücker! Die Ueberhebung unserer Gegner, die im Lande das Heft in
541 1236 1813 1313 man schon selber keinen Gedanken hatte, brauchte man doch nur das
1836 1281 3107 1341 der Hand haben und auch im Staate eine allmächtige Partei bilden, wächst
540 1293 1818 1366 fünfte Bild vom „Nazi“ wo dieselbe Situation sehr lieblic, dargestellt
1830 1319 2750 1385 unaufhörlich. Dulden wir kein Unrecht weiter!“ ...
537 1339 1811 1403 wird, nach dem Wiedener Theater zu copieren. Eine stille Lampe schien
552 1373 1823 1450 heller, als je die Sonne scheint, und wie dann der Mond kommen
1942 1399 3109 1459 Wohl um den Eindruck der Ledeburschikosen Worte gegen die Specu¬
549 1432 1814 1488 soll, wurden die Liebenden in einem lerlich grasgrünen Lichte komiss).
1836 1460 3104 1502 lation zu verwischen, ließ jemand — wer? ist in solchen Fällen nie zu er¬
541 1486 1817 1534 Alle Stellungen, Bewegungen, Beleuchtungen waren falsch. Durch duese
1834 1486 3117 1548 mitteln — den vielverheißenden ballon d’essai bezüglich der Vereins¬
550 1525 1815 1571 saloppe Regie wurden auch die unbeschreibliche Größe, Gewalt und
1833 1527 3109 1571 commission und mit ihm jenen Theil der Presse steigen, der, eben
547 1567 1823 1624 Pracht der Sandrock und die köstlichen Gestalten der Herren Zeska
1834 1573 3121 1625 noch über die Rede des einen Grasen zu Tode betrübt, über die „befreiende
1842 1610 2667 1678 That“ des anderen Grafen himmelhoch jauchzte.
538 1611 1102 1683 und Kutschera beschädigt.
664 1635 1826 1706 Vor der „Liebelei“ wurde, fein und intim insceniert, ein Act
1954 1684 3124 1736 Die Beseitigung der Vereinscommission, dieses altbewährten nur etwas
549 1706 1816 1754 von Giuseppe Giacosa gespielt, „Rechte der Seele“, deutsch von Otto
1842 1721 3109 1772 eingerosteten Sperrschiffes gegen Gründungs=Hochwasser
554 1740 1820 1794 Eisenschitz, der letzte Act einer Tragödie zwischen Gatten, dem nur leider
1833 1765 3120 1813 und die Übertragung ihrer Functionen in die bekannte „freie Hand“ ließe
544 1773 1822 1850 die nothwendigen Voraussetzungen und Vorbereitungen fehlen: so stört
1838 1810 3119 1863 vermuthen, dass man maßgebenden Orts endlich entschlossen sei, vom ver¬
543 1817 1829 1886 allerhand Exposition, die bereits erledigt sein müsste, da hier keine Zeit
1840 1845 3116 1898 hängnisvollen divide et impera! zum vielverheißenden dividende et im¬
547 1861 1819 1931 mehr ist, auch hat der Hörer Mühe, so geschwind von selber in die
1842 1887 2184 1947 peral überzugehen.
549 1915 1832 1978 Stimmung zu kommen, die von ihm verlangt wird, und daher mag
1960 1915 3102 1998 Woher mag es wohl kommen, dass die in polltischen Dingen als so
541 1960 1831 2016 an dem Stoffe manches gekünstelt und erklügelt scheinen, das doch sehr
1842 1980 3107 2040 hartgesottene Pessimisten verrufenen Wiener soeben zum drittenmal innerhalb
546 1998 1831 2052 wahr und lebendig ist. Herr Hartmann spielte eine heikle Rolle mit
1839 2010 3121 2070 zweier Jahre vom politischen Gründungsfieber ergriffen wer¬
553 2052 1831 2109 Verstand, Geschmack und einer behatsam lenkenden Routine. Frau
1841 2058 3115 2112 den? Weil wir schon längst keine publicistische Vereinscommission mehr
554 2090 1823 2148 Hohenfels gefiel den Leuten sehr, mir gar nicht: ganz subtile, ver¬
1852 2097 3119 2166 haben, die sich mit der sachlichen Prüfung neuer Regierungsprospecte
1841 2148 2012 2203 befasste.
557 2130 1821 2202 schämte und geheime Sachen schrie sie mit Gewalt ins Parterre;
546 2188 1234 2248 aber da es wirkte, hatte sie ja recht.
1958 2196 3108 2247 Die Aufmerksamkeit unserer bürgerlichen Presse wird von der Se¬
1486 2211 1800 2290 Hermann Bahr.
1837 2247 3112 2291 miten= und Antisemitenfrage derart absorbiert und die Unab¬
1850 2286 3128 2332 hängigkeit ihres Urtheils ist hievon in dem Maße beeinträchtigt, dass ein
1845 2325 3126 2365 halbes Wort, eine unverbürgte Aeußerung aus dem Munde des gerade im
940 2334 1421 2427 Die Woche.
1841 2356 3130 2410 Vordergrunde stehenden politischen Gründers genügt, um bei den einen oder
1843 2402 3120 2451 den anderen den wildesten Taumel zu entfesseln. Die Ernüchterung pflegt
1006 2414 1361 2482 Politische Notizen.
1853 2429 3119 2487 der officiellen Lesart des betreffenden „zündenden Wortes“ auf dem Fuße
1848 2488 3123 2534 zu folgen, doch die Phrenesie kehrt bei nächster Gelegenheit wieder.
665 2466 1831 2529 Auf das Regime der „Wahrheit und Offenheit“ folgt jetzt das des
1854 2513 3117 2554 Wer den Gründergewinn einstreichen wird, ist nicht zweifelhaft: der dritte.
557 2528 1831 2581 „reinen Gewissens“. Herradura que chacoloten clavo le faita
1857 2561 3127 2616 In die unausbleiblichen Verluste dürften sich die Streitenden so ziemlich
557 2552 1836 2637 (dem klappernden Hufeisen fehlt ein Nagel) lautet ein spanisches Sprichwort.
1847 2597 2191 2668 gleichmäßig theilen.
678 2636 1834 2705 Kiebitzeier werden seit einigen Tagen staatlich geschützt, den poli¬
2289 2649 2669 2724 Volkswirtschaftliches.
552 2679 1831 2739 #tischen G’wissenswurm sucht dagegen der Staatsanwalt mittelst
1964 2711 3132 2776 Der Verwaltungsrath der Oesterreichischen Nordwest¬
553 2725 1831 2777 Confiscationen um so eifriger auszurotten. Will das etwa darauf hinaus, dass
1842 2761 3136 2810 bahn hat soeben den bekannten Regierungserlafs, der ihn von der bevor¬
563 2771 1831 2820 es in der österreichischen Politik in Zukunft nur mehr Kiebitze geben soll,
1855 2808 3126 2855 stehenden Einlösung verständigt und aufgefordert hat, etwaige Wünsche auf
564 2801 1831 2865 für die das bekannte Grundgesetz gilt: Kiebitze haben das Maul zu halten!:
1854 2847 3125 2890 kürzestem Wege bekanntzugeben, dahin beantwortet, dass er sich in voll¬
1176 2843 1234 2897 *
1854 2897 3122 2942 ständiger Unkenntnis der Modalitäten befinde, welche für die Durchführung
680 2868 1785 2942 Dem politischen G’wissenswurm braucht deshalb nicht bange
1861 2922 3121 2969 der geplanten Einlösung in Aussicht genommen würden und ihm daher jeder
565 2943 1833 2980 werden. Es wird sich schon ein gesicherter Unterschlupf für ihn finden, bis zu dem
1852 2955 3126 3008 Anhaltspunkt fehle, um beurtheilen zu können, ob und eventuell welche
560 2975 1832 3024 die Hand des Wurmtödters nicht reicht. Am 22. October tritt das Parlament
1857 2992 3126 3044 Wünsche die Gesellschaft geltend zu machen Anlass habe. Man muss sich
560 3014 1839 3064 zusammen und im äußersten Falle läfst sich ja das „Politische Bei¬
1854 3033 3128 3087 wundern, dass die Verwaltung einen Monat gebraucht hat, um zu dem
556 3043 1836 3093 blatt“ wieder einführen, bei dem der aufs Nachsehen wahrlich nicht ein¬
1858 3082 3132 3136 Schlusse zu gelangen, dass sie nichts zu sagen wisse, und man muss
562 3087 1546 3161 geschulte Staatsanwalt doch nur das leexe Nachsehen hat.
1857 3109 3126 3168 zur Vermuthung kommen, dass man vor der Beantwortung des Regierungs¬
1858 3171 3136 3203 erlasses vor allem den Ministerwechsel abwarten wollte. Wenn sich der
673 3171 1836 3217 Das für unmöglich Gehaltene ist vom Wiener Pressgericht
1851 3184 3130 3252 Verwaltungsrath übrigens die Mühe gegeben hätte, über den Regierungs¬
570 3210 1834 3272 dennoch möglich gemacht worden. Es hat die vom Staatsanwalt verfügte
2480 3230 3128 3281 hätte er wohl auch seine Unkenntnis
1858 3248 2479 3291 erlass ein wenig nachzudenken, so
563 3255 1833 3306 Beschlagnahme der Nummer 53 der „Zeit“ bestätigt. Dr. Iwan Frankos
1858 3263 3134 3322 der geplanten Einlösungsmodalitäten beheben können. Die Einlösung soll
566 3289 1838 3342 Darstellung der galizischen Wahlvorgänge soll nach der richterlichen Sentenz
1854 3312 3133 3356 eine concessionsmäßige sein, und da ist kein Raum mehr für ein
567 3337 1837 3386 auf „unwahren Angaben und Entstellung von Thatsachen“ beruhen. Der
1856 3351 3127 3401 Kaufangebot seitens des Staates, dem die Gesellschaft eventuell ein Gegen¬
560 3376 1839 3428 confiscierte Artikel ist am 5. October erschienen und schon am 8. October
1852 3392 3129 3443 offert machen könnte; gerade bei der Nordwestbahn liegen die con#cessions¬
573 3415 1833 3463 hatte sich das Wiener Landesgericht darüber Gewissheit verschafft, dass die
1857 3422 3127 3467 mäßigen Einlösungsbedingungen so klar, wie bei kaum einer anderen Ge¬
567 3439 1839 3503 im Artikel „cum nomine et cognomine“ vorgebrachten galizischen That¬
1858 3483 3129 3523 sellschaft, und die Verwaltung ist in der Lage, die Einlösungsrente, welche
566 3494 1257 3564 sachen aus der Luft gegriffen seien. *
1866 3498 3125 3552 ihr der Staat zu gewähren hat, ebenso genau zu berechnen, wie die Re¬
1862 3543 3133 3594 gierungsorgane. Die Verwaltung scheint aber noch immer die Hoffnung zu
687 3540 1837 3618 Der bewundernswerten Geschwindigkeit des Gerichtes ist nur noch
1862 3583 3133 3640 hegen, dass es sich um Einlösungen à la Wurmbrand handle. Ob wohl die
564 3597 1847 3646 die Promptheit an die Seite zu stellen, mit welcher der Staatsanwalt die
1857 3618 3127 3669 neue Regierung sie diesbezüglich bald eines Besseren belehren wird? Wenn
564 3644 1846 3686 ihm durch den Justizministerialerlass vom 17. Juni d. J. eingeschärfte
1857 3659 3133 3713 noch derselbe Geist in unserem Handelsministerium herrschend ist, der sich in
571 3675 1839 3725 Pflicht, mit der Confiscation zugleich auch die subjective Verfolgung
1863 3696 3133 3753 der letzten Zeit dort geltend gemacht hat, dann kann man sich die Beant¬
568 3722 1845 3763 einzuleiten, nicht erfüllt hat. Die objectivierten Missethäter sind nun von dem
1866 3738 3133 3799 wortung der Note der Nordwestbahn ungefähr folgendermaßen vorstellen:
578 3752 1850 3800 im ordentlichen Gerichtsverfahren ihnen sich darbietenden Wege eines mühelosen
1862 3777 3135 3835 Die Regierung wird die gesellschaftlichen Linien ab 1. Jänner 1896 ablösen und
563 3797 1695 3862 Wahrheitsbeweises zurückgedrängt in die Sackgasse des Einspruches.
1861 3816 3137 3873 den Betrieb für eigene Rechnung übernehmen. Auf Grund der concessions¬
1866 3853 3136 3908 mäßigen Bestimmungen resultirt nach den Berechnungen der Regierungs¬
2645 3899 3136 3946 , vorbehalten eine eventuelle
680 3892 1851 3939 Fast zur selben Stunde als sein Artikel in Wien, wurde die Person
1858 3897 2538 3946 organe eine Ablösungsrente von fl.
571 3934 1841 3986 des Dr. Franko in Dobromil bei Lemberg in Beschlag genommen.
1870 3933 3134 3989 Richtigstellung nach Vorlegung der Schlufsrechnungen per 1895. Dies dürfte
571 3978 1837 4025 Diese Beschlagnahme wurde jedoch alsbald wieder aufgehoben. Die Rechts¬
1863 3980 3136 4024 die Grundlage des Ablösungserlasses bilden, insoweit es sich um die finan¬
574 4015 1839 4071 sicherheit in Galizien scheint somit doch noch die in Wien herrschende zu
1868 4010 3132 4067 zielle Frage handelt, welche der Verwaltung wohl am meisten am Herzen
572 4056 795 4112 übertreffen.
1867 4044 3132 4109 liegt. Diese wird dann wahrscheinlich den Wunsch nach gleichzeitiger Ein¬
1867 4098 3138 4146 lösung der Elbethalbahn aussprechen und darüber sowie über mehrere
684 4105 1856 4157 Dem Staatsanwalt ist übrigens bei der jüngsten Confiscation ein
2693 4128 3135 4168 dlungen eraeben. Aber ob
2653 4135 2692 4171 an
