3484 4256
335 129 552 210 Liebe
768 129 1316 255 box 13/8
193 137 752 265 5. Lsgelei
211 662 774 747 0
1951 682 2533 799 aus kressen, datan..
202 717 776 780 wendigkeit" von Dr. Friedrich
2583 694 3050 799 5-
767 712 1963 824 gänzung und Erhaltung der Wehrmacht unter den Einfluß
211 751 781 834 essor an der Wiener Universität.
2091 757 2438 844 )Konyi, III, 694.
865 784 1822 868 *) Konyi: „Reden Franz Deaks“, 2. Aufl., IV, 246.
2010 780 2453 875 **) Konyi, III, 692.
194 889 768 960 s betreiben. O jawohl, noch
759 898 1947 958 aus dem Kreis seiner Bemühungen ausschaltet. Die Dame
1949 914 3137 979 wiedersehen, die zu jener Zeit mein Entzücken waren, da
203 938 774 1007 ht, der dem Publikum im
766 954 1954 1012 lächelt und wirft einen zagen, fast verlegenen Blick zu mir
1947 960 3135 1064 ich noch in jeder Probiermamsell eine jüngere Verwandte
215 990 768 1058 bittere Wahrheiten in so
768 986 1942 1060 herüber, ob ich mich nicht etwa über die Torheit ihres
1939 1001 2398 1075 der Venus anbetete.
239 1035 773 1100 sagen weiß. Noch immer
772 1035 1949 1112 Buben lustig mache. „Frag' nicht so dumm“, sagt sie leise,
2028 1056 3128 1128 O, sie ist übrigens noch heute ein reizendes, ein
219 1078 764 1151 r vom Buch, vom Geschäft,
763 1073 1951 1166 „ich weiß nicht.“ Der Junge hat seine frühere Beschäftigung
1940 1089 3124 1191 überaus inniges Stück, diese „Liebelei“. Noch immer
198 1125 775 1202 eliebten fort in das Schau¬
777 1132 1951 1211 schon wieder aufgenommen und meint in starker Zuver¬
1944 1147 3125 1232 strömt, träumerisch und leicht verhauchend, jenes matte,
221 1175 770 1248 nun, erhitzt, übermüdet,
765 1167 1946 1253 sicht: „Hoffentlich wird es lange dauern.“ Ja, du hübscher,
1941 1200 3132 1275 müde, ein wenig sontimentale Parfüm daraus hervor, das
229 1219 771 1293 „Reinigung der Leiden¬
769 1223 1946 1288 lieber Bub, hoffentlich dauert es recht lange, und recht,
1947 1248 3125 1330 in manchen Augenblicken, wenn ein paar Worte recht tief
210 1264 769 1345 n einmal Zeit genommen,
775 1266 1948 1345 recht lange dauere dir auch die reine, heiße Freudigkeit
1947 1297 3131 1368 aus dem bebenden Herzen dieser schlichten Menschen
767 1305 1269 1396 deiner kindlichen Seele.
216 1320 761 1386 anzusehen? Hand aufs
1948 1344 3128 1398 emporzuströmen scheinen, von einem herberen, kräftigen
192 1359 770 1433 Wiener Opernhauses sind
840 1380 1949 1453 Still, der Vorhang geht in die Höhe. Mein Herz
1947 1397 3136 1465 Feldblumenduft übertäubt wird. Es ist einem, lauscht
183 1402 761 1483 Fresken von Schwind zu be¬
769 1426 1942 1510 klopft einen stürmischen Takt. Was wird sich zeigen? Was
1943 1442 3138 1526 man dem Stücke wieder, als schlüge man ein Album
202 1461 759 1527 tund farbenfroh in das
775 1480 1949 1547 werde ich hören? Man sieht einen kleinen, nicht übel
1941 1487 3125 1565 alter, kolorierter, leicht verblaßter Familienbildnisse auf
213 1498 755 1581 der Musik hinüberleiten?
766 1526 1946 1589 möblierten Salon, zur Zeit noch ohne das lebendige
1941 1535 3125 1616 oder ein Herbarium, in dessen Blättern Heckenrosen fried¬
197 1544 765 1615 starg, denn ach! wir alle
760 1572 1941 1643 Mobiliar, die Schauspieler. Es wird also ein modernes Stück
1951 1584 3128 1665 lich neben Chrysanthemen gepreßt worden sind. Ja, da
200 1596 770 1672 n. Aber welch unbilliges
767 1630 1943 1694 sein. Traurig oder lustig?. Dolchstich oder Verlobung?
1941 1630 3125 1698 haben wir es wieder, das schrille, unheilkündende Glocken¬
212 1641 754 1713 den ersten Tönen oder
757 1670 1945 1732 Und zu welchem Aktschluß, ihr Götter, darf ich die
1949 1682 3126 1746 läuten an der Tür, das so jäh in die laute Lustigkeit
191 1685 765 1765 emporgetragen zu werden!
762 1714 1951 1797 Hochzeitsgäste laden?. Die Türe öffnet sich, zwei junge
1931 1727 3126 1802 der jungen Leute und ihrer beiden Mädel hineinfährt,
190 1733 768 1820 Träumerei der Dichter und
761 1770 1938 1817 Leute erscheinen. Der eine hat seinen lichtgelben, kurz¬
1931 1766 3122 1844 das — man fühlt es — einem harten Verhängnis so¬
192 1784 760 1864 Fromme Kinder zu ihnen
765 1808 1934 1874 geschnittenen Surtout verzweifelt „schieberisch“ über die
1945 1827 3126 1891 gleich das Tor öffnen wird. Und da ist er auch schon,
204 1843 757 1914 in ihren Herzen zu lesen.
772 1855 1938 1938 Schultern geworfen, und noch ehe er den Mund zum
1945 1874 3118 1932 jener Herr, „Herr“ schlechtweg, dem der unvergeßliche
195 1885 762 1971 rben sahen und dazu die
757 1903 1948 1982 Bösen auftut, hat er uns auf diesem Wege erklärt, daß
1939 1905 3127 1983 Mitterwurzer in ein paar sparsamen Worten, Blicken und
199 1924 513 2000 ausrechneten.
783 1950 1945 2017 er ein Lebemann ist. Nun sprechen sie. Ich gewinne den
1945 1966 3115 2035 Gebärden einen schaurig dämonischen Schmerz zu geben
191 1967 776 2063 blikum meiner Nachmittags¬
755 1988 1946 2066 Eindruck, daß sie den Ehrgeiz haben, wienerisch zu sprechen.
1935 2011 3122 2082 wußte. Nun ists vorbei mit Gläserklang und Walzerlust.
208 2035 760 2107 Geiger im Orchester seine
765 2039 1938 2113 Das Stück spielt also in Wien. Laßt uns nun einmal
1943 2061 3120 2117 Gevatter Tod sitzt schon am gedeckten Tisch und rüstet
185 2064 763 2160 annt sich jene Erwartung
767 2100 1951 2162 khören, wovon die Rede ist. Von der Liebschaft mit einer
1936 2112 3116 2184 sein Besteck — da, was ist das für ein seltsames Getöse?
188 2127 773 2198 n Wunder glauben möchte.
767 2151 1933 2221 verheirateten Frau, von einem bevorstehenden Rigorosum,
1940 2154 3113 2214 Mein Gott, das hat man davon, wenn man in sonntäg¬
194 2184 765 2246 Tanz! Welche Fülle fremd¬
759 2187 1322 2244 von zwei kleinen Mädeln
1355 2192 1943 2263 .. Ach, wahrhaftig, das ist
1932 2200 3113 2263 lichen Nachmittagsvorstellungen Emotionen sucht. Eben
194 2225 768 2294 pm flimmernden Glanz des
745 2237 1933 2301 ja die „Liebelei“ von Schnitzler, die sie spielen werden.
1940 2247 3110 2322 als das schönste Entsetzen sich unser bemächtigen will,
203 2280 759 2342 Ja, dies ist der Schauer,
766 2285 1936 2349 Ja, nun erkenne ich schon die Worte. Und während der
1933 2296 3110 2347 schreit ein kleiner, etwa vierjähriger Bengel laut und be¬
191 2308 763 2390 lange nicht mehr ausgekostet
759 2321 1939 2390 zeine, der „Schieberische“, sich mit einem weltmännischen
1938 2337 3119 2409 harrlich aus einer Loge auf die Bühne herab. Erst ist
184 2357 774 2443 findes sie im Orchester eine
758 2390 1932 2448 Bogen auf das samtbekleidete Sofa schwingt, lehne ich
1934 2383 3122 2448 man unwillig und weist den Störenfried barsch zur Ruhe.
195 2404 777 2491 als Knaben wieder, wie
756 2429 1943 2502 mich in behaglicher Enttäuschung auf meinen Stuhl zu¬
1933 2428 3103 2505 Mit der Zeit, da sich seine Lunge als überaus kräftig,
181 2438 763 2528 angen, fast atemlos dem
766 2473 1950 2539 rück. Es wird also keine neue Entdeckung sein, die dieser
1926 2495 3111 2557 das Mißfallen der übrigen als erfolglos erweist, beginnt
191 2508 762 2575 itgegenharrte. Was galt mir
750 2504 1941 2593 Machmittag mir bescheert. Schade! Wie hübsch wäre es
1926 2536 3103 2601 man sich zu amüsieren. Auf der Bühne haben sie plötz¬
205 2552 765 2630 sterben anschickte oder der
748 2564 1940 2635 gewesen, ein unbekanntes, vortreffliches Stück zu sehen und
1931 2577 3112 2649 lich jene Heiterkeit gefunden, die ihnen der Dichter früher
225 2593 763 2674 im Loch zu „brummen“.
758 2624 1939 2684 bis zum Ende nicht zu wissen, wie das Stück, wie sein
1936 2625 3116 2681 ohne Erfolg abverlangt hatte. Gevatter Tob setzt sich ans
195 2632 766 2716 Exposition gut geführt war
756 2663 1936 2714 Dichter heiße; aus allerlei tiefsinnigen Regeln der Drama¬
1938 2681 3115 2750 Klavier und spielt einen „Picksüßen“. Und der Vorhang
197 2693 772 2770 unser Mitleiden verdiente!
768 2709 1934 2794 turgie den Schluß abzuleiten, ob dies Stück in Frank¬
1924 2706 3108 2789 senkt sich unter allgemeinem, zufriedenem Gelächter, das
182 2740 764 2820 liches, aufregendes Theater,
755 2755 1935 2821 reich, Skandinavien oder Deutschland, in unseren Jahren
1935 2770 3112 2839 jener junge Mann dadurch hervorrief, daß er sich schon
215 2789 767 2874 hatte, desto verehrungs¬
758 2811 1935 2863 oder zur Zeit unserer Großeltern das Licht der Welt er¬
1927 2813 3114 2890 in so frühen Jahren als Anhänger der modernen Dichtung
201 2821 765 2914 Dichter zu sein. „Wird
762 2850 1939 2929 blickt habe, genauer gesagt, das Licht jener Bretter, die
1932 2867 3120 2939 und als feinfühliger Versteher tragischer Situationen zu
191 2879 761 2958 ige dauern, Mama?“ fragt
754 2878 1934 2967 die Welt bedeuten. Es wäre hübsch gewesen und wahr¬
1925 2907 2242 2982 erkennen gab.
223 2925 1075 2998 Rechten die neben ihm scheinlich auch
1101 2927 1938 3014 blamabel. Nun, da aus solch pikantem
1996 2939 3105 3035 Meine pomadisierten Nachbarinnen eröffnennun ein
192 2987 3115 3097 Schienbein für ein Weilchen Rebus nichts geworden ist, werde ich statt dessen drei Akte. Gespräch, dessen Lautheit mich freundlich zum Lauschen
