3484 4352
475 250 841 325 Liebelei
995 249 1449 342 box 12/6
306 256 865 357 5. 1
699 405 1156 499 tOnchehangese önlie Ger
377 465 1453 616 Da
381 580 733 670 vom: 7. 72.
722 633 1004 714 B
1044 640 1293 733 709.
522 708 583 784 2
526 853 1411 957 Staditheater. Der Versuch der Theater¬
380 936 1402 984 kommission) in unserer kleinen Stadt nach dem
372 972 1405 1047 Beispiele giößerer Städte eine Art Sommertheater
372 1015 1406 1098 einzuführen, fand bei der Bevölkerung eine wider
372 1081 1402 1147 Erwarten günstige Aufnahme. Die Aufführung,
372 1144 1411 1201 mit der sich Mitglieder des Zürcher Stadttheaters
378 1181 1403 1229 unter der Leitung von Hrn. Oberregisseur Daneg¬
382 1229 1421 1280 ger gestern Abend in unserm Stadttheater einführ¬
378 1268 1420 1346 ten, erntete einen Besuch, welcher der Beteiligung
379 1336 1424 1392 an den Aufführungen des verflossenen Winters
374 1381 1413 1444 nicht zurückstand. Das Interesse galt vermutlich in
374 1427 1419 1478 erster Linie den engagierten Schauspielern, denen
377 1478 1410 1545 ein guter Ruf vorausging. Die beiden für die Auf¬
380 1522 1405 1592 führung gewählten Stücke, Schnitzler's „Liebelei“
370 1592 1411 1642 und Fulde's Lustspiel „Unter Vier-Augen“ waren
374 1626 1413 1685 dem theaterfreundlichen Publikum von Olten wohl
364 1675 1402 1724 z wenig bekannt, als daß ihre Auskündung eine
375 1723 1413 1776 große Anziehungskraft auszuüben vermocht hätte.
378 1777 1405 1837 Wenn das genannte Schnitzler'sche Schauspiel nicht
365 1823 1407 1884 zu den bekanntern „Marken“ kleinerer Bühnen ge¬
370 1875 1417 1925 hört, so kommt das offenbar nicht von ungefähr;
374 1914 1406 1983 das großstädtisch „verdorbene" Milieu, in das es ver¬
381 1975 1404 2024 setzt, ist weder auf den Geschmack noch das Ver¬
378 2026 1406 2085 ständnis schlichter braver Provinzler zugeschnitten.
368 2076 1404 2125 Dazu gesellt sich der Umstand, daß auch sein lite¬
376 2121 1415 2174 rarische: Wert nicht sehr hoch einzuschätzen ist. Viel
366 2181 1419 2232 Gehalt kann man darin mit dem besten Willen
367 2230 1403 2290 nicht entdecken; die Handlung ist dürftig, die Kon¬
368 2273 1416 2328 versation  namentlich im ersten Akt — banal und
362 2329 1410 2389 geistles, so daß man sich bisweilen versucht fühlt,
368 2369 1420 2443 zu fragen, ob die Herrschaften auf der Bühne
372 2423 1397 2490 eigentlich improvisièren oder einen Dramatiker in¬
373 2466 1404 2537 terpretieren. Könnte man somit an dem gewählten
370 2518 1418 2585 Stück eine Reihe berechtigter Aussetzungen
364 2564 1412 2639 machen, so verdient auf der andern Seite die Auf¬
374 2617 1412 2675 führung selber alles Lob. Was mit dem Werke
371 2665 1399 2724 des Dichters auf der Bühne erzielt werden kann,
370 2723 1409 2768 das haben sämtliche Spielenden restlos fertig ge¬
358 2773 1407 2827 bracht. Hervorgehoben zu werden verdient vor
371 2821 1408 2871 allen der Leiter der Aufführung, Hr. Danegger, der
358 2862 1412 2915 die Rolle von Vater Weiring auf ergreifende Weise
362 2914 1407 2991 zur Darstellung brachte. Die nicht leichte Rolle der
357 2975 1409 3033 unglücklichen Tochter Weirings führte Frl. Anny
355 3024 1399 3082 Ernst mit feinem Verständnis durch; in den senti¬
361 3063 1406 3109 mentalen Momenten schien sie sich freilich besser
358 3111 1405 3168 zurechtzufinden als in den heitern. Hr. Louis Rainer
359 3167 1404 3232 legte als Fritz Lobheimer durch seine souveräne
352 3222 1410 3272 Beherrschung der verschiedenartigsten Situationen
352 3265 1407 3328 große Vielseitigkeit an den Tag. Frl. Rosa Klaus
363 3318 1411 3380 brillierte als frisches lebensfrohes unternehmungs¬
359 3363 1404 3414 lustiges Wiener „Gspusi“ und Hr. Paul Marx war
357 3414 1405 3478 ihr als Theodor Kaiser ein ebenbürtiger Partner.
359 3474 1404 3533 Auch die beiden untergeordneten Rollen lagen in
361 3512 690 3575 zuten Händen.
450 3554 1400 3610 Auf einer künstlerisch entschieden höhern Stufe
366 3610 1394 3662 ils das Schnitzler'sche Schauspiel steht das Salon¬
365 3671 1405 3728 lustspiel, das nach jenem zur Aufführung gelangte.
360 3711 1405 3758 Fulda's Einakter „Unter vier Augen“ enthält Geist
352 3758 1397 3825 und Witz, ist geschickt arrangiert und darf, wenn
349 3810 1402 3875 er gut dargestellt wird, eines durchschlagenden Er¬
350 3858 1396 3919 folges immer sicher sein. Das hat sich gestern abend
358 3911 1387 3971 gezeigt; wenn das Publikum so zufrieden und ver¬
358 3964 1398 4017 gnügt das Theater verlassen hat, so ist das in er¬
362 3998 1411 4091 ster Linie auf die vorzüglich gelungene Aufführung
351 4053 1265 4124 des Fulda'schen Schwankes zurückzuführen.
2179 404 2671 478 Keuchenangabe onne Gewähr.)
1867 465 2854 545 Ausschnitt aus: Salzburger Clronik.
2447 530 2726 621 Salzburg
1865 570 2036 630 vom:
2135 584 2484 700 — D
1991 668 2757 802 Theater und Konzerte.
2881 726 2979 801 tä
1901 779 2985 864 Mit Schnitzlers „Liebelei“ eröffnete Direktorsste
1830 844 2979 917 Blase#k5. Juli die Sbinmerspielzeit un= W
1848 893 3000 970 seres Stadttheaters. Die langatmige Redereister
1850 929 2996 1013 der Schnitzler'schen Bühnenfiguren mit ihrer Fe
1846 989 2999 1060 falschen Rührseligkeit, die für Wienertum aus=me
1840 1033 3005 1111 gegeben wird, stellt stets an die Schauspieler auf
1840 1082 2986 1138 große Anspiüche. Es handelt sich auch in dieser M
1836 1134 3000 1200 „Liebelei“ scht darum, Menschen einer dich=tät
1833 1171 2911 1257 terischen Pheutasie darzustellen, sondern Thea¬
1850 1232 2983 1295 tergruppen zu glaubwürdigen Menschen um= 16.
1846 1287 2981 1352 zuformen. Gelang das dem neuen Personal?sfü
1839 1338 2987 1393 Man hätte vielleicht gut getan, mit einem ande¬ S
1844 1387 2971 1443 ren Bühnenwerk welches dankbare Rollen für S
1835 1423 2985 1506 Darstellung echted Menschen bietet, zu begin= M
1845 1481 2986 1529 nen, wenigstens wäre es dem Kritiker leichtersn
1841 1523 2979 1586 geworden, sich ein Urteil über die neuen Büh¬ze
1844 1573 2967 1622 nenkräfte zu bilden. Die „Liebelei“=Auffüh= is
1843 1620 2973 1692 rung verpflichtet zur Zurückhaltung im Urteil. S
1842 1673 2983 1743 Anna Kelsen konnte der „Christine“ noch di
1848 1720 2984 1785 kein rechtes Innenleben geben, mehr Schau= di
1842 1777 2973 1832 spielerei als Darstellung; hoffentlich zeigt sie ins di
1847 1821 2969 1871 würdigeren Aufgaben, daß sie über die Schab¬1?
1836 1871 2966 1917 lone in Sprache und Spiel hinaus kann. Ihrein
1837 1916 2963 1974 Christine berechtigt zu dieser Hoffnung.]1
1832 1971 2970 2040 [Lilly v. Astens „Mizzi Schlager“ zeigtesa
1838 2021 2907 2087 schöne Anlagen. Der „Fritz“ August Herbst's
1838 2061 2959 2131 ließ einen klugen und gewandten Schauspielers1
1828 2104 2906 2174 erkennen; seine Veranlagung scheint noch zwi¬
1833 2163 2911 2229 schen jugendlichem Liebhaber und Bonvivant
1832 2212 2898 2278 zu schwanken. Aus dem „Theodor“ Felix
1832 2247 2914 2309 Norfolks darf man auf die Verwendbarkeit
1826 2297 2911 2376 dieses Schauspielers erfreuliche Schlüsse ziehen.
1829 2368 2906 2420 Mit diesen Worten sind „erste Eindrücke“ wie¬
1822 2411 2904 2473 dergeben, die vorläufig der Sommer=Spiel¬
1827 2452 2899 2516 zeit ein verhältnismäßig gutes Gelingen vor¬
1837 2500 2899 2567 aussagen lassen. Alle die „Neuen“ überragt
1825 2554 2909 2602 unser braver Josef Weyrich mit dem alten
1830 2599 2904 2666 Vater Weiring. Wie viel Gemütswärme und
1832 2651 2907 2720 echtes Leben sprach aus dieser Figur Weyrichs!
1830 2689 2892 2762 (Nicht etwa Schnitzlers.) Die „Frau Binder“
1831 2748 2908 2799 [Marie Lerachs soll nicht ohne Lob bleiben.
1827 2805 2901 2856 Die Aufführung der „Liebelei“ fand Bei¬
1829 2847 2909 2908 fall — möge dieser den Schauspielern mit noch
1830 2894 2899 2957 mehr Recht bei Aufführung besserer Bühnen¬
1820 2940 2426 2997 werke auch zuteil werden.
2752 2945 2865 3002 dt.
1875 2995 2900 3053 Repertoire. Heute Mittwoch wird die Lust¬
1818 3028 2893 3095 spiel=Novität „Ein Paar nach der Mode“
1830 3095 2900 3149 von Paul Auerheimer zur ersten Darstellung
1827 3137 2040 3204 gebracht.
2135 3145 2895 3204 Morgen Donnerstag findet das
1815 3202 2903 3249 bereits angekündigte Gastspiel des bekannten
1827 3235 2889 3298 Wiener Künstlerpaares Frau Jenny Rein¬
1833 3285 2894 3333 gruber und Heren Eugen Jensen, statt. Zur
1830 3332 2899 3391 Aufführung gelangt der überaus lustige
1833 3388 2897 3439 Schwank „Die Welt ohne Männer“ von
1828 3430 2897 3478 Engel und Forst und spielt Frau Reingruber
1820 3464 2882 3541 die Rolle der „Gusti Brandl“ während Herr
1828 3513 2882 3576 Eugen Jensen die Rolle des Dr. Max Wal¬
1812 3582 2882 3635 dek inne hat. In den übrigen Rollen sind die
1811 3637 2892 3682 Damen Lerach, von Asten, Kelsen und die Hex
1817 3671 2878 3730 ren Herbst und Norfolk beschäftigt. Die Rogi¬
1816 3727 2520 3784 hat Herr August Herbst über.
2595 3715 2881 3783 Freitagsber
1817 3769 2868 3814 18. Juli beschließt Frau Jenny Reingrube
1811 3817 2876 3901 und Herr Jensen ihr Gastspiel und elang
1825 3861 2868 3918 Ludwig Anzengrubers Volksstück, „De
1811 3913 2697 4005 Meineidbauer“ zur Aufführung.
1967 4017 2417 4095 „r.  —
