3392 4320
474 236 841 307 Liebelei
296 251 1431 351 5.  box 11/5
2511 222 2887 303 Telephon 12.801.
2624 325 2667 399 1
1789 367 1833 418 2
1849 370 2618 467 — „ObeEiVen
1796 440 2885 521 I österr. behördl. konz. Unternehmen für Zeltunga-Ausschnitte
1930 509 2770 596 Wien, I., Concordiaplatz 4.
2127 590 2558 649 Vertretungen
1806 627 2895 694 in Berlin, Budapest, Chicago, Christiania, Genk, Kopen¬
1805 674 2895 751 sagen, London, Madrid, Mailand, Minneapolis, New-Vork,
1855 726 2864 776 Paris, Rom, San Francisco, Stockholm, St. Petersburg.
2147 762 2580 818 (Quellenangabe ehne Gewähz).
1804 823 2177 899 Ausschnitt aus:
1950 881 2751 995 1# APRRATAISPOST, WIEN
1808 937 1957 991 vom:
1789 1000 2831 1153 Theater, Kunst, Musik.
1881 1127 2428 1204 Hofburgtheater. Kann Sd
2551 1131 2924 1216 s „Liebelei“, die
1733 1162 2912 1263 ir gestern abend nach vielen wiedersahen, des
1724 1219 2914 1308 fAlters schleichenden Schritt nicht mehr verschminken oder
1728 1284 2903 1345 hat sich unser Geschmack indes so sehr gewandelt, daß sich
1733 1324 2924 1389 die Wirkungen von einst beim Anhören dieser Liebes¬
1737 1362 2920 1436 tragödie nicht mehr einstellen wollen? Man spürt nur zu
1723 1414 2907 1488 deutlich, wie viel bewußte und gesuchte Theatralik in
1730 1448 2923 1521 dem Stücke steckt, das freilich — wie sich gestern wieder
1726 1499 2908 1552 zeigte — auf das Publikum noch immer starken Eindruck
1726 1544 2920 1614 macht; aber es läßt sich nicht verhehlen, daß, von dem
1719 1573 2902 1653 vortrefflich exponierenden ersten Akte abgesehen, die
1726 1618 2936 1699 Handlung nur zu sehr von tränenreicher Sentimentalität
1730 1666 2892 1743 durchtränkt ist und die Geschehnisse bloß durch die ge¬
1718 1710 2905 1780 wagtesten Zuspitzungen zu dem Verlaufe, den sie nehmen,
1714 1753 2904 1816 gedrängt werden. Und schon in diesem Drama steckt
1715 1798 2908 1877 eigentlich, wie in den folgenden Werken Schnitzlers
1722 1843 2907 1904 immer, so viel des Problemhaften und leider auch des
1724 1889 2915 1966 Problematischen, daß man sich heute vergeblich fragt, wie
1711 1951 2898 2009 man seinerzeit die kräftige Begeisterung für den Autor
1721 1982 2905 2051 aufbringen konnte. Gewiß, Schnitzler ist unter den jünge¬
1714 2032 2889 2092 ren österreichischen Dramatikern — trotz vielem, was uns
1722 2061 2904 2136 von seinen Wegen scheidet! — einer der stärksten Könner!
1718 2108 2903 2180 und schon in der jugendlichen „Liebelei“ steckt vieles, was
1711 2166 2895 2231 dichterische Größe atmet; aber daneben gibt es doch so
1718 2214 2899 2274 viel Anfechtbares, so viel Schwaches und — Peinliches,
1718 2252 2898 2316 aß die Wirkung ganz und gar nicht einheitlich ist. Einen
1724 2292 2901 2356 großen Vorzug besitzt das Stück freilich, der auch seinen
1725 2344 2892 2391 großen Publikumserfolg leicht erklärt: es enthält durch¬
1717 2382 2901 2443 wegs dankbare Rollen. Von der seinerzeitigen Besetzung
1720 2429 2894 2486 war nur mehr Frau Walbeck übrig geblieben, die ihre
1719 2460 2903 2533 Partie mit Erfolg darstellte. Frau Medelsky war
1708 2498 2886 2567 ein rührend schlichtes Wiener Mädel, in ihren warmen
1705 2558 2885 2624 Liebesergüssen und ihrem tiefen Seelenschmerze von der¬
1719 2587 2880 2670 selben tiefen Wirkung. Ihr vortrefflicher Partner way
1708 2639 2541 2690 Herr Korff, der die schwierige Rolle
2542 2649 2896 2714 des gedrückten,
1721 2686 2888 2746 sentimentalen Fritz in ergreifendster Einfachheit und
1713 2734 2893 2798 Natürlichkeit spielte. Herr Treßler als sein lebens¬
1717 2775 2894 2840 lustiger Gegenspieler, hatte einen seiner besten Abende;
1705 2818 2889 2886 man konnte sich nach vielen Verirrungen seines pracht¬
1701 2864 2878 2927 vollen Talents wieder einmal voll erfreuen. Den „Herrn“
1700 2910 2899 2962 gab Devrient — Mitterwurzers Schatten schwebte um
1703 2960 2895 3014 diese Gestalt! — Die Wucht und Brutalität, mit der er
1707 2989 2892 3047 diese Figur ausgestattet hatte, das Raubtierartige, das
1700 3032 2896 3087 er ihr verliehen hatte — all das war in Devrients Dar¬
1711 3079 2889 3151 stellung verflüchtigt. Der Künstler war der Versuchung
1711 3120 2882 3186 „nachzuspielen“ bewußt aus dem Wege gegangen; in
1701 3162 2887 3240 ihm loderte verhaltene Wut, die sich nur mühsam zügeln
1698 3223 2884 3275 zu lassen schien. Diese Auffassung mag ihre Berechtigung
1696 3254 2890 3337 haben; starke Wirkung stellte sich jedenfalls ein. Frl.
1708 3304 2887 3353 Hofteufel spielte die Schlager=Mizzi fesch und de¬
1698 3351 2880 3403 gagiert; uns will scheinen, daß in der jungen Dame schon
1696 3404 2876 3462 zu viel kalte Routine stecke, die den Erfolg beeinträchtigt.
1701 3429 2883 3502 Herr Balajthy gab nach Sonnenthal den alten
1705 3481 2879 3544 Weiring. In ihm wurzelt so viel gesunde Kraft und
1704 3525 2878 3571 Männlichkeit, daß ihm diese tränenreiche Gestalt nicht
1695 3574 2825 3618 ganz gelingen konnte. Er schöpft — erfreulicherweise —
1704 3607 2870 3681 zu stark aus dem Borne seiner urkräftigen, bodenständigen
1702 3652 2870 3707 Gesundheit, als daß er das Weiche, Gedrückte, Entnervte,
1702 3701 2868 3765 woran die Rolle überreich ist, völlig herausarbeiten
1699 3734 2876 3807 könnte. Dagegen spielte er die zärtlichen Szenen mitz
1700 3781 2881 3858 seiner unglücklichen Tochter voll rührendster Innigkeis
1694 3833 2873 3886 und Schlichtheit. Aber im ganzen läßt sich nicht ver¬
1698 3875 2867 3926 schweigen, daß die Rolle, die seiner Eigenart nicht sehr
1685 3925 2859 3979 entgegenkommt, in seiner Darstellung nicht voll zur
1683 3947 2869 4029 Geltung golangen wollte. Nun, für Balajthys Künstler¬
1691 4005 2863 4054 schaft ist das weiter nicht von Bedeutung; er, der so viele
1688 4040 2872 4117 schauspkelerische Vorzüge besitzt, wird hoffentlich sehr bald
1688 4089 2872 4170 Gelegenheit finden, sein volles künstlerisches Können zu
1697 4129 1954 4193 offenbaren.
