3436 4256
470 178 785 253 Liebele
1017 178 1449 270 box 11/1
308 185 978 294 3. Mennenmmen
516 947 1829 1051 lang die rot=weiß= grüne Reklametrommel gerührt, und an.
530 998 1836 1078 Premièrentag waren die politischen Reporter der Wiener Zeitungen
529 1059 1833 1121 in furchtbarer Aufregung, denn der Ministerpräsident von jenseits
533 1108 1833 1190 der Leitha, Herr v. Szell, war eigens nach Wien gekommen, um
536 1150 1837 1217 der Aufführung beizuwohnen. Es nützte nicht viel. Um im Stil
536 1194 1833 1275 der Ausgleichsverhandlungen zu sprechen: Für das Volkstheater
538 1256 1831 1328 Ledeutete „Der Wein“ noch immer nicht die Aufnahme der Bar¬
536 1277 1832 1364 zahlungen, auf die ungeduldige Aktionäre warten. Daran konnte
533 1338 1827 1411 auch eine gute Aufführung, in deren Rahmen Frl. Wallentin,
530 1391 1841 1461 Frau Glöckner und Herr Kutschera glänzende Leistungen
531 1435 1846 1495 boten, nicht viel ändern. Der nächste Premièrenabend dieser Bühne
1794 1463 1846 1533 c
537 1477 1748 1537 brachte einen Einakter, „Der Arzt“ von Leo Hirschfeld —
1361 1524 1842 1582 und einen Dreiakter,
537 1530 1364 1587 behandelt einen traurigen Ehebruch —
535 1570 1837 1642 „Diskretion“, dessen Thema ein lustiger Ehebruch bildet, der aber
528 1606 1843 1683 womöglich noch trauriger wirkte. Die Frau des Arztes ist zwei
533 1675 1832 1730 Stunden vor dem Aufziehen des Vorhangs gestorben, — an den
528 1702 1827 1790 Folgen einer Landpartie, auf der sie mit einem ehebrecherischen Baror
534 1762 1827 1837 einen Hügel erstiegen hat. Sie war nämlich einigermaßen beleib:
537 1808 1824 1863 und hat einen Herzkrampf bekommen. Moral von der Geschichte
534 1849 1840 1905 Man unternehme mit dicken Frauen keine Hügelpartien. Das hat
545 1900 1829 1960 aber der Herr Baron nicht beachtet. Er ist auf den Hügel gestiegen,
537 1939 1851 2001 die Frau ist dann gestorben, und jetzt besucht er den Arzt, um diesen
544 1992 1854 2063 zu seinem diphtheritiskranken Kinde zu holen. Im Gespräch errät nun
537 2027 1839 2094 der Arzt die Todesursache der Frau Gemahlin und will zur Strafe
547 2085 1843 2144 das Kind nicht besuchen. Zum Glück mischt sich ein Diener in die
550 2137 1845 2193 Angelegenheit und meint, die beiden Herren sollten die Sache unter
543 2175 1835 2241 einander austragen, das Kind könne ja nichts dafür. Was der
536 2216 1840 2278 Arzt einsieht und wonach er handelt und womit das Stück zu Ende
653 2265 1843 2334 — Der Inhalt der anderen, auch theaterzettelgemäß als Lust¬
544 2312 1851 2395 sp..! gemeinten Läpperei erzähle ich Ihnen nicht. Genug, daß es
540 2359 1841 2418 eines der nach französischer Manier zusammengebeutelten Permu¬
543 2413 1841 2478 tationsstücke ist, wo die bekannten Elemente: betrügerischer Ehegatte,
541 2462 1844 2524 Provinzgänschen als Ehefrau und Pariser Kokotte, durcheinander¬
548 2491 1840 2566 gewürfelt werden. Das einzige Originelle an „Diskretion“ ist, daß
541 2537 1835 2615 die Autoren, übrigens eine nicht gerade schlecht akkreditierte Wiener
549 2596 1829 2649 Schwankfirma, sich hinter erfundenen französischen Autorennamer
541 2646 1841 2711 versteckten. Der Durchfall der „Diskretion“ ist übrigens zum
541 2687 1826 2764 „mindesten gleichen Teil der unzulänglichen Darstellung zuzuschreiben.
543 2728 1829 2812 Herr Tewele kannte seine Rolle nicht, und fügte der gewöhnlichen
550 2780 1835 2847 Coulissenreißerei die peinlichste Zotenreißerei hinzu, Frl. Dewal
550 2819 1826 2898 war von einschläfernder Monotonie und Langweiligkeit, Fräulein
547 2871 1828 2945 Wallentin mußte eine Rolle spielen, die ihr nicht recht gelegen
541 2915 1828 2979 war, und Herr Kramer schien empfunden zu haben, daß es sein
543 2958 1839 3044 Grundfehler ist, in allen Rollen stets eine zum Ueberdruß oft gehörte
545 3007 1839 3075 Note anzuschlagen. Leider hielt es dieser sonst recht verwendbare
548 3056 1837 3143 Schauspieler für einen originellen Jux, sich einen unförmigen Kaut¬
547 3113 991 3183 FA.#. X beienlegen
1838 2579 1950 2647 Porr
1904 2591 3152 2682 Jene ungarische Excellenz wird bei ihrem nächsten Wiener Auf¬
1840 2660 3152 2720 enthalt nicht wenig überrascht sein, wie herrlich weit wir es unter¬
1845 2702 3139 2775 dessen gebracht haben. Ueber Nacht zu einem Nachtleben. So be¬
1851 2749 3127 2820 haupten wenigstens die reklamefreudigen Begründer eines neuen Ver¬
1840 2801 3126 2884 gnügungsetablissements „Maxime in Wien“, das seinen Namen der
1852 2836 3131 2912 allbekannten Pariser Posse „La dame de chez maxime“ entlehnt
1843 2885 3140 2963 hat. Ich bin ein eingefleischter Skeptiker, ein unverbesserlicher
1854 2943 3134 3010 Thomas. Es gibt Kleinigkeiten, die sich von Cholerabazillen dadurch
1852 2990 3132 3061 unterscheiden, daß sie sich nicht züchten lassen. Dazu rechne ich
1841 3034 3127 3089 Kunst, Literatur und Nachtleben. Und ebensowenig, wie wir es trotz
1839 3079 3132 3164 aller pomphaften Ankündigungen bis zur Stunde zu einer Wiener
1835 3127 3129 3202 Kunst gebracht haben, dürfte uns in nächster Zukunft ein Wiener
1848 3174 3136 3245 Nachtleben erstehen. Daran werden weder „Maxime in Wien“ etwas
1851 3225 3133 3282 ändern, noch ein zweites Nachtlokal, das der Wiener Operette zu
1853 3278 3139 3337 Ehren mit dem verführerischen Titel „Zum süßen Mädel“ ausge¬
2437 3315 3077 3397 Dr. Julian Sternberg.
1848 3328 2250 3410 stattet werden von.
