3484 4256
283 179 858 271 5. Liebelei
981 183 1423 275 box 12/1
464 229 867 299 A L. —  —
1102 796 1509 890 Telephon 12.801.
1300 884 1357 972 4
551 838 1307 1041 „OBSERVER
382 1008 1496 1106 1. österr. beh. konz. Unternehmen für Zeitungs¬
593 1078 1279 1139 Ausschnitte und Bibliographie.
567 1126 1323 1206 Wien, I., Concordiaplatz 4.
779 1184 1120 1264 Vertretungen
384 1212 1494 1309 in Berlin, Brüssel, Budapest, Chicago, Cleveland, Christiania,
388 1282 1495 1351 Genf, Kopenhagen, London, Madrid, Mailand, Minneapolis,
388 1318 1497 1398 New-Vork, Paris, Rom, San Francisco, Stockholm, St. Peters¬
777 1347 1109 1415 burg, Toronto.
729 1398 1143 1465 gelienangabe ohne Gewähr,)
979 1408 1415 1504 Zeitung, Berlis
369 1438 791 1537 Ausschnitt aus:
376 1567 659 1677 ——
644 1564 950 1645 22 OAR1911
1552 1667 3425 1731 Man kann hinzusetzen: „Und wie lügt diese Musik!“ Neu= munteren Theodor. Mit seine
756 1676 1245 1791 Feuilleton.
1593 1718 3418 1772 mann muß ein großes Liebesduett haben. Faute de Desider Zador den Vogel al
1581 1757 3412 1810 mienx tut er so, als ob Fritz und Christine ein echtes als Strumpfwirkersfrau ganz
1576 1795 3413 1870 Liebespaar wären, und stattet beide mit derselben musika= stand es, in seinem kurzen aber
3044 1845 3412 1906 zu wirken. „E
1586 1837 3047 1902 lischen Emphase aus. Die Szene wirkt einfach parodistisch. eindringlich
800 1809 1190 1925 „kiebelei“.
1591 1897 3416 1948 Hier kann nur ein Meister den richtigen zwiespältigen Ton Burgtheater einst von dem gen
396 1896 1586 1959 (Oper in 3 Akten von Franz Neumann nach Arthur Schnitz¬
1597 1937 3416 1988 treffen. Es ist aber von Hause aus ein schwerer ästhetischer dargestellt. Die paar Worte
384 1938 1596 2036 lers Schauspiel. Erstaufführung in der Komischen Oper.)
1592 1985 3417 2037 Mißgriff, die Szene, so wie sie bei Schnitzler geschrieben Leistung. Die Novität war v##
480 2013 1598 2085 S. P. Es war gestern wieder nichts. Um die Titel
1594 2029 3407 2080 steht, vertonen zu wollen. Einen weiteren, aussichtslosen inszeniert. Die Dekorationen
395 2055 1594 2116 einiger Einakter von Schnitzler zu plündern: Es bedarf
1592 2070 3416 2125 Kampf führt Neumann gegen all die kleinen Abschnitzel des Aufgaben gibt es da nicht zu lö
386 2102 1595 2166 keiner „Frage an das Schicksal“, ob die neue Oper eine Be¬
2780 2106 3421 2169 Das Orchester war durchgehend
1586 2116 2786 2173 Dialogs, gegen die vielen süßen und oberflächlichen Wiener
381 2163 1587 2208 reicherung des Repertoires sein wird, sie hat die Un¬
2785 2153 3417 2212 stimmen trieben manchmal gan
1591 2154 2781 2230 Worte, wie sie der Dichter in seinem Buche verstreut. Hier
387 2189 1587 2246 bedeutendheit einer „Episode“ und wenn dies, wie man
2767 2195 3428 2246 Orchesterozean herum. Es gab
1588 2194 2490 2255 wird mit Kanonen nach Spatzen geschossen.
386 2237 1597 2288 munkelt, das „Abschiedssouper“ ist, das Direktor Gregor
2764 2239 3425 2293 dem 2. Akt für Maria Labial
1652 2251 3420 2335 Der Stil des Komponisten, ich erwähnte es schon, ist Letztes an Stimme und Elan
391 2284 1591 2335 seinen Berlinern vorsetzt, dann gehen sie hungrig von Tisch.
1593 2285 3421 2377 aus den verschiedensten großen und kleinen Töpfen zusam= darstellern wurde auch der Ka
391 2331 1585 2384 Ich begreife nicht, wie jemand auf den Gedanken kommen
1592 2360 3390 2437 mengemengt. Puccini ist da und der letzte Verdi. Aber der Dirigent hervorgerufen.
388 2362 1587 2430 kann, Schnitzlers feines und ergreifendes Wiener Schauspiel
1592 2395 2792 2449 auch Chacpentier und Massenet. Von berühmteren Schritt¬
386 2419 1592 2470 mit Haut und Haaren in Musik zu setzen. Die Dramaturgie
2782 2414 3372 2479 den Archiven verschwinden.
1594 2434 2782 2500 machern nicht zu reden. Geht man die Partitur satztechnisch
389 2453 1589 2526 des Schauspiels ist doch eine toto genere andere als die der
1591 2484 2782 2532 durch, so findet man wie in einem Museum alles neben —
381 2497 1590 2557 Oper. Obendrein stellt der eigentümliche, kleingliedrige
1581 2524 2802 2591 und durcheinander, vom alten Secco=Rezitativ und der Fuge
381 2544 1586 2610 Dialog Schnitzlers dem Musiker die größten Schwierigkeiten
1595 2569 2794 2626 bis zu Wagners letztem Stil. Der Marsch „Unter dem
383 2587 1588 2641 entgegen. Neumann hilft sich, nicht aber dem Hörer aus
1593 2601 2798 2676 Doppeladler“ ist da, und die funkelnagelneuesten Harmo¬
389 2631 1580 2682 der Verlegenheit, wenn er den Text in der „Generalsauce“
1597 2653 2785 2710 nien sind auch da. Es ist alles da, bis auf den organisieren¬
386 2672 1592 2723 eines gleichförmig dicken, ja klobigen Orchesterstils ertränkt.
1590 2700 2789 2748 den Geschmack. Man sehe sich als Musterbeispiel das große
392 2723 1580 2773 Es fällt mir nicht ein, dem Komponisten Geschicklichkeit ab¬
1594 2739 2787 2804 Vorspiel zum dritten Akt (Fritzens Ende) an. Am besten
385 2761 1593 2822 zusprechen; im ersten Akte ist der leichte Wiener Ton nicht
1591 2789 2791 2839 sind Neumann die heiteren Szenen des 1. Aktes, der auf¬
389 2803 1591 2860 so übel getroffen. Aber was hilft uns diese fatale Kapell¬
1596 2828 2787 2892 tritt zwischen Fritz und dem gehörnten Gatten, dann Mizzi
377 2844 1580 2903 meister=Geschicklichkeit, was eine Olla potrida aus allen er¬
1585 2882 2436 2945 Schlager und der alte Weiring gelungen.
383 2890 1583 2954 denklichen Stilen, wenn der echte Stil durch seine Abwesen¬
388 2933 671 3008 heit glänzt?
1660 2925 2724 2990 Nun zur Aufführung. Maria Labia liegt i
2741 2922 2801 2990 e
481 2981 2805 3039 Ein großes Liebesduett ist immer das Hauptstück der Christine ganz und gar nicht. Die Künstlerin quält sich
391 3019 2803 3076 Oper gewesen. Schnitzler hat in „Liebelei“ gar keine echte mit ihrer Partie ab, ohne mehr als jene äußerlichsten Wir¬
384 3063 2792 3130 Liebesszene. Ganz natürlich. Von der verheirateten Frau, kungen zu erreichen, die von dem Elementarischen einer
377 3115 2803 3166 die Fritz liebt, wird nur gesprochen, sie tritt nicht auf. schönen und starken Sopranstimme ausgehen. Im letzten!
388 3152 2796 3206 Christine ist für Fritz wenig mehr als das süße Mädel („zum Akt war sie unnatürlich, wo sie tragisch sein sollte. Fräu¬
392 3188 2791 3254 Erholen sind sie da“ meint Theodor). Christinens Liebe zu lein Labia stellt zum Schluß eine wütende Hysterikerin hin,
384 3248 2786 3297 Fritz ist allerdings die wahre, große Liebe, die den Tod nicht wo sie, der Musik zum Trotz und ihre Härten mildernd, auf
381 3280 2789 3346 scheut. Aber Christinens Neigung wird von Fritz nur den Ton der verzeihenden Liebe hätte gestimmt sein sollen.
381 3329 2799 3398 schwach erwidert. So sagt er denn in der großen Szene des Der routinierte Herr Nadolovitsch (Fritz) wirkt auf
392 3377 2806 3455 zweiten Aktes mehr dem Leben im allgemeinen und de#ich immer mehr durch seine hochintelligenten schauspieleri¬
377 3427 2789 3488 wirklich geliebten Frau als Christinen Lebewohl. Ein## Futentionen als durch seinen etwas trockenen Tenor.
380 3458 1600 3521 meinsames hohes H des Paares beweist nichts dagegen.
1594 3459 2797 3528 Susanne Bachrich war als Mizzi ein echtes Wiener
379 3503 2812 3575 Fritz sagt zu Theodor: „O Gott, wie lügen solche Stunden!“ Mädel und sang allerliebst. Richard Wissiak gab einen!
