<?xml version="1.0" encoding="UTF-8" standalone="yes"?>
<PcGts xmlns="http://schema.primaresearch.org/PAGE/gts/pagecontent/2013-07-15" xmlns:xsi="http://www.w3.org/2001/XMLSchema-instance" xsi:schemaLocation="http://schema.primaresearch.org/PAGE/gts/pagecontent/2013-07-15 http://schema.primaresearch.org/PAGE/gts/pagecontent/2013-07-15/pagecontent.xsd">
    <Metadata>
        <Creator>prov=University of Rostock/Institute of Mathematics/CITlab/Gundram Leifert/gundram.leifert@uni-rostock.de:name=ONB_Newseye_GT_M1+(htr_id=10810)::::v=2.4.2
prov=University of Rostock/Institute of Mathematics/CITlab/Tobias Gruening/tobias.gruening@uni-rostock.de:name=de.uros.citlab.module.baseline2polygon.B2PSeamMultiOriented:v=2.4.2
prov=University of Rostock/Institute of Mathematics/CITlab/Tobias Gruening/tobias.gruening@uni-rostock.de:name=/mnt/transkribus/LA/DEA/URO/LA_news_onb_att.pb:de.uros.citlab.segmentation.CITlab_LA_ML:v=2.4.2
Transkribus</Creator>
        <Created>2019-10-07T12:05:50.940+02:00</Created>
        <LastChange>2019-10-09T22:19:34.927+02:00</LastChange>
        <TranskribusMetadata docId="223992" pageId="9510279" pageNr="2086" tsid="16689801" status="IN_PROGRESS" userId="40391" imgUrl="https://files.transkribus.eu/Get?id=LJVTULNRPRVQCSTDKWUVYMXX&amp;fileType=view" xmlUrl="https://files.transkribus.eu/Get?id=WTQSDGLUAOEWAJUJHHFQIGJK" imageId="6198981"/>
    </Metadata>
    <Page imageFilename="223992_2086.jpeg" imageWidth="3436" imageHeight="4096">
        <ReadingOrder>
            <OrderedGroup id="ro_1711446611578" caption="Regions reading order">
                <RegionRefIndexed index="0" regionRef="r1"/>
                <RegionRefIndexed index="1" regionRef="r2"/>
            </OrderedGroup>
        </ReadingOrder>
        <TextRegion orientation="0.0" id="r1" custom="readingOrder {index:0;}">
            <Coords points="605,3932 605,4084 653,4084 653,3932"/>
            <TextLine id="r1l1" custom="readingOrder {index:0;}">
                <Coords points="594,4059 636,4063 649,4059 663,4062 666,3978 656,3977 648,3983 636,3978 618,3977 612,3981 608,3977 598,3976"/>
                <Baseline points="605,4032 653,4034"/>
                <TextEquiv>
                    <Unicode></Unicode>
                </TextEquiv>
            </TextLine>
            <TextEquiv>
                <Unicode></Unicode>
            </TextEquiv>
        </TextRegion>
        <TextRegion orientation="0.0" id="r2" custom="readingOrder {index:1;}">
            <Coords points="962,82 962,4054 2771,4054 2771,82"/>
            <TextLine id="r2l1" custom="readingOrder {index:0;}">
                <Coords points="1832,128 2695,104 2694,73 2427,76 2391,43 2193,79 1831,70"/>
                <Baseline points="1843,115 1885,115 1927,115 1969,115 2011,114 2053,113 2095,112 2137,112 2179,111 2221,109 2264,108 2306,107 2348,106 2390,105 2432,104 2474,104 2516,103 2558,103 2600,103 2642,102 2685,103"/>
                <TextEquiv>
                    <Unicode> </Unicode>
                </TextEquiv>
            </TextLine>
            <TextLine id="r2l2" custom="readingOrder {index:1;}">
                <Coords points="981,129 1826,122 1825,80 1765,68 980,73"/>
                <Baseline points="992,118 1033,117 1074,117 1115,116 1156,115 1197,114 1238,113 1280,112 1321,111 1362,110 1403,108 1444,108 1485,107 1526,106 1568,106 1609,106 1650,106 1691,106 1732,107 1773,107 1815,109"/>
                <TextEquiv>
                    <Unicode> </Unicode>
                </TextEquiv>
            </TextLine>
            <TextLine id="r2l3" custom="readingOrder {index:2;}">
                <Coords points="1843,167 2692,153 2677,108 1842,123"/>
                <Baseline points="1852,157 1893,157 1935,157 1976,157 2018,157 2059,156 2101,155 2142,155 2184,154 2225,153 2267,152 2308,151 2350,150 2391,149 2433,148 2474,147 2516,146 2557,146 2599,145 2640,145 2682,145"/>
                <TextEquiv>
                    <Unicode>Christine, naturligtvis utan att med ett ord</Unicode>
                </TextEquiv>
            </TextLine>
            <TextLine id="r2l4" custom="readingOrder {index:3;}">
                <Coords points="964,168 1828,166 1828,117 963,142"/>
                <Baseline points="974,160 1016,160 1058,159 1100,158 1143,157 1185,157 1227,156 1269,156 1312,155 1354,154 1396,154 1438,153 1481,153 1523,152 1565,151 1607,151 1650,150 1692,150 1734,149 1776,148 1819,147"/>
                <TextEquiv>
                    <Unicode>vara föremäl för behandling inom styrelsen</Unicode>
                </TextEquiv>
            </TextLine>
            <TextLine id="r2l5" custom="readingOrder {index:4;}">
                <Coords points="2707,196 2721,197 2725,193 2735,196 2768,188 2762,120 2752,121 2743,116 2738,121 2733,117 2729,118 2720,110 2709,118 2699,118"/>
                <Baseline points="2714,168 2756,164"/>
                <TextEquiv>
                    <Unicode>j</Unicode>
                </TextEquiv>
            </TextLine>
            <TextLine id="r2l6" custom="readingOrder {index:5;}">
                <Coords points="1832,220 2706,187 2705,153 2609,146 1831,168"/>
                <Baseline points="1842,197 1884,198 1927,198 1969,198 2012,198 2055,198 2097,197 2140,196 2183,195 2225,194 2268,193 2311,192 2353,191 2396,189 2439,188 2481,188 2524,187 2567,187 2609,187 2652,188 2695,188"/>
                <TextEquiv>
                    <Unicode>eller en min antyda den hemska sanningen,</Unicode>
                </TextEquiv>
            </TextLine>
            <TextLine id="r2l7" custom="readingOrder {index:6;}">
                <Coords points="961,218 1770,201 1769,165 1678,153 960,168"/>
                <Baseline points="971,202 1010,202 1049,201 1089,201 1128,201 1168,201 1207,201 1246,200 1286,200 1325,199 1365,198 1404,198 1443,197 1483,196 1522,195 1562,194 1601,192 1640,191 1680,189 1719,188 1759,186"/>
                <TextEquiv>
                    <Unicode>och refereras af Sv. D. pä följande sätt:</Unicode>
                </TextEquiv>
            </TextLine>
            <TextLine id="r2l8" custom="readingOrder {index:7;}">
                <Coords points="1835,243 2697,247 2697,203 1834,219"/>
                <Baseline points="1845,239 1887,239 1929,239 1971,239 2013,238 2055,238 2097,237 2139,237 2181,236 2223,235 2266,234 2308,233 2350,232 2392,231 2434,230 2476,229 2518,228 2560,228 2602,227 2644,226 2687,225"/>
                <TextEquiv>
                    <Unicode>och der áskädliggöras i nägra alldeles öfver¬</Unicode>
                </TextEquiv>
            </TextLine>
            <TextLine id="r2l9" custom="readingOrder {index:8;}">
                <Coords points="991,253 1821,247 1829,188 990,224"/>
                <Baseline points="1001,247 1041,246 1082,246 1123,245 1164,244 1205,244 1246,243 1287,243 1328,242 1369,242 1410,241 1450,241 1491,240 1532,240 1573,239 1614,238 1655,238 1696,237 1737,236 1778,235 1819,234"/>
                <TextEquiv>
                    <Unicode>Frän Tomteboda station drages en bana ned till</Unicode>
                </TextEquiv>
            </TextLine>
            <TextLine id="r2l10" custom="readingOrder {index:9;}">
                <Coords points="2710,244 2720,245 2725,252 2733,255 2737,255 2746,248 2753,257 2769,256 2774,202 2763,201 2754,206 2746,202 2741,195 2727,198 2725,195 2715,194"/>
                <Baseline points="2720,241 2760,245"/>
                <TextEquiv>
                    <Unicode>4</Unicode>
                </TextEquiv>
            </TextLine>
            <TextLine id="r2l11" custom="readingOrder {index:10;}">
                <Coords points="1842,287 2769,277 2701,231 2618,228 1842,245"/>
                <Baseline points="1852,278 1897,280 1942,281 1988,281 2033,280 2079,280 2124,278 2169,277 2215,275 2260,274 2306,273 2351,272 2396,271 2442,270 2487,270 2533,270 2578,271 2623,273 2669,275 2714,278 2760,283"/>
                <TextEquiv>
                    <Unicode>lägset skrifna scener bäde det, strots alltz,#</Unicode>
                </TextEquiv>
            </TextLine>
            <TextLine id="r2l12" custom="readingOrder {index:11;}">
                <Coords points="952,291 1786,284 1818,279 1818,243 951,249"/>
                <Baseline points="962,289 1004,287 1046,285 1088,284 1131,282 1173,281 1215,281 1258,280 1300,279 1342,279 1385,278 1427,278 1469,277 1511,277 1554,276 1596,276 1638,275 1681,275 1723,274 1765,273 1808,272"/>
                <TextEquiv>
                    <Unicode>Mälaren och vidare öfver en bro till Essingen, yt¬</Unicode>
                </TextEquiv>
            </TextLine>
            <TextLine id="r2l13" custom="readingOrder {index:12;}">
                <Coords points="966,324 1829,320 1828,276 966,288"/>
                <Baseline points="976,324 1018,322 1060,321 1102,320 1144,318 1186,317 1228,316 1270,316 1312,315 1354,314 1397,314 1439,314 1481,313 1523,313 1565,312 1607,312 1649,311 1691,311 1733,310 1775,309 1818,308"/>
                <TextEquiv>
                    <Unicode>terligare öfver denna ö samt slutligen öfver ännn</Unicode>
                </TextEquiv>
            </TextLine>
            <TextLine id="r2l14" custom="readingOrder {index:13;}">
                <Coords points="1847,326 2764,324 2763,300 2661,271 1846,286"/>
                <Baseline points="1856,317 1900,320 1945,321 1990,322 2035,322 2080,322 2125,320 2170,319 2215,317 2260,315 2305,314 2349,312 2394,311 2439,309 2484,309 2529,310 2574,311 2619,313 2664,316 2709,320 2754,326"/>
                <TextEquiv>
                    <Unicode>skära och qvinligt ljufva i Christines karak-</Unicode>
                </TextEquiv>
            </TextLine>
            <TextLine id="r2l15" custom="readingOrder {index:14;}">
                <Coords points="956,361 1791,363 1819,354 1818,314 955,331"/>
                <Baseline points="967,362 1009,360 1051,358 1093,357 1135,356 1177,355 1219,354 1261,353 1303,352 1345,352 1388,351 1430,351 1472,350 1514,349 1556,349 1598,348 1640,347 1682,347 1724,345 1766,344 1809,343"/>
                <TextEquiv>
                    <Unicode>en bro till södra landet för att sedan ledas fram</Unicode>
                </TextEquiv>
            </TextLine>
            <TextLine id="r2l16" custom="readingOrder {index:15;}">
                <Coords points="1838,365 2676,358 2708,323 1837,331"/>
                <Baseline points="1848,362 1890,362 1933,362 1975,362 2018,361 2060,360 2103,359 2145,359 2188,357 2230,356 2273,355 2316,354 2358,353 2401,352 2443,351 2486,351 2528,351 2571,351 2613,352 2656,353 2699,355"/>
                <TextEquiv>
                    <Unicode>ter, hennes öfversvallande ömhet lika väl som</Unicode>
                </TextEquiv>
            </TextLine>
            <TextLine id="r2l17" custom="readingOrder {index:16;}">
                <Coords points="2713,374 2721,376 2727,374 2731,377 2733,375 2737,376 2742,372 2748,373 2752,371 2755,376 2765,377 2768,353 2758,352 2752,355 2747,348 2743,348 2731,342 2717,341"/>
                <Baseline points="2724,368 2756,372"/>
                <TextEquiv>
                    <Unicode>a</Unicode>
                </TextEquiv>
            </TextLine>
            <TextLine id="r2l18" custom="readingOrder {index:17;}">
                <Coords points="964,412 1035,394 1096,410 1148,394 1231,405 1306,393 1306,370 1219,357 1183,357 1159,370 1116,357 962,366"/>
                <Baseline points="974,398 1000,398 1027,397 1054,396 1081,395 1108,394 1135,392 1161,391 1188,390 1215,389 1242,389 1269,389 1296,390"/>
                <TextEquiv>
                    <Unicode>till Elfsjö station.</Unicode>
                </TextEquiv>
            </TextLine>
            <TextLine id="r2l19" custom="readingOrder {index:18;}">
                <Coords points="1837,405 2223,419 2722,386 2707,346 1836,365"/>
                <Baseline points="1847,402 1890,402 1933,402 1976,402 2019,401 2063,401 2106,400 2149,399 2192,398 2235,397 2279,396 2322,395 2365,394 2408,393 2451,392 2495,391 2538,391 2581,391 2624,390 2667,390 2711,391"/>
                <TextEquiv>
                    <Unicode>det ännu oförderfvade hos Fritz, hans kärlek</Unicode>
                </TextEquiv>
            </TextLine>
            <TextLine id="r2l20" custom="readingOrder {index:19;}">
                <Coords points="998,431 1829,416 1828,390 1671,360 1549,389 1372,369 1318,399 997,405"/>
                <Baseline points="1009,433 1049,432 1089,432 1130,432 1170,431 1211,430 1251,429 1292,428 1332,428 1373,426 1413,425 1453,424 1494,423 1534,422 1575,421 1615,419 1656,418 1696,417 1737,416 1777,415 1818,414"/>
                <TextEquiv>
                    <Unicode>Den sälunda öppnade linien skulle användas ute¬</Unicode>
                </TextEquiv>
            </TextLine>
            <TextLine id="r2l21" custom="readingOrder {index:20;}">
                <Coords points="1843,452 2707,443 2723,387 2217,422 1842,412"/>
                <Baseline points="1853,443 1896,443 1939,443 1982,443 2025,443 2068,442 2111,442 2154,441 2197,440 2240,440 2283,439 2326,438 2369,437 2412,436 2455,436 2498,435 2541,434 2584,433 2627,433 2670,433 2713,432"/>
                <TextEquiv>
                    <Unicode>till Christine, men ocksä haus ruelse öfver</Unicode>
                </TextEquiv>
            </TextLine>
            <TextLine id="r2l22" custom="readingOrder {index:21;}">
                <Coords points="961,476 1828,458 1827,422 1756,419 960,434"/>
                <Baseline points="971,471 1013,470 1055,468 1098,467 1140,465 1182,464 1225,463 1267,462 1309,461 1352,460 1394,460 1436,459 1479,458 1521,458 1563,457 1606,456 1648,455 1690,455 1733,454 1775,453 1818,452"/>
                <TextEquiv>
                    <Unicode>slutande för godstrafiken, medan för persontrafiken</Unicode>
                </TextEquiv>
            </TextLine>
            <TextLine id="r2l23" custom="readingOrder {index:22;}">
                <Coords points="1839,502 2414,480 2697,502 2775,460 2774,420 1838,458"/>
                <Baseline points="1848,489 1893,487 1939,485 1985,484 2031,483 2077,482 2122,481 2168,481 2214,481 2260,480 2306,480 2351,480 2397,479 2443,479 2489,478 2535,477 2580,476 2626,474 2672,472 2718,470 2764,467"/>
                <TextEquiv>
                    <Unicode>det förflutna och hans dystra aningar für MorP</Unicode>
                </TextEquiv>
            </TextLine>
            <TextLine id="r2l24" custom="readingOrder {index:23;}">
                <Coords points="956,520 1717,518 1831,507 1830,461 955,482"/>
                <Baseline points="966,509 1008,507 1051,506 1094,505 1137,504 1179,503 1222,502 1265,501 1308,500 1350,500 1393,499 1436,498 1479,498 1521,497 1564,496 1607,495 1650,494 1692,493 1735,491 1778,490 1821,488"/>
                <TextEquiv>
                    <Unicode>allt jemt användes den nuvarande sammanbind¬</Unicode>
                </TextEquiv>
            </TextLine>
            <TextLine id="r2l25" custom="readingOrder {index:24;}">
                <Coords points="1836,546 1896,530 1924,529 1932,537 1954,532 1980,546 1998,529 2062,529 2061,509 2031,506 2015,490 2007,497 1961,498 1928,487 1915,500 1892,488 1872,497 1834,486"/>
                <Baseline points="1846,532 1871,528 1897,525 1922,524 1948,524 1974,523 1999,524 2025,523 2051,523"/>
                <TextEquiv>
                    <Unicode>gondagen.</Unicode>
                </TextEquiv>
            </TextLine>
            <TextLine id="r2l26" custom="readingOrder {index:25;}">
                <Coords points="953,549 996,557 1016,555 1023,546 1042,554 1198,543 1196,507 1175,518 1094,509 1073,522 1056,511 1048,517 1014,510 986,512 974,524 952,521"/>
                <Baseline points="963,545 991,544 1019,544 1047,542 1075,540 1103,540 1131,538 1159,538 1187,537"/>
                <TextEquiv>
                    <Unicode>singsbanan.</Unicode>
                </TextEquiv>
            </TextLine>
            <TextLine id="r2l27" custom="readingOrder {index:26;}">
                <Coords points="1878,576 2580,572 2710,533 2687,498 1877,536"/>
                <Baseline points="1887,563 1927,564 1968,564 2008,564 2049,564 2090,564 2130,564 2171,563 2212,563 2252,563 2293,562 2334,561 2374,561 2415,560 2456,559 2496,557 2537,556 2578,554 2618,553 2659,551 2700,548"/>
                <TextEquiv>
                    <Unicode>Och dessa ha i den sista akten, dä ytter'</Unicode>
                </TextEquiv>
            </TextLine>
            <TextLine id="r2l28" custom="readingOrder {index:27;}">
                <Coords points="986,585 1624,561 1845,580 1843,505 1786,535 1680,505 1579,538 1338,518 985,559"/>
                <Baseline points="997,580 1038,579 1080,579 1122,578 1164,577 1206,576 1248,576 1290,574 1332,573 1374,572 1416,571 1457,570 1499,568 1541,567 1583,566 1625,565 1667,564 1709,563 1751,562 1793,561 1835,560"/>
                <TextEquiv>
                    <Unicode>De svärigheter som reste sig mot denna plans</Unicode>
                </TextEquiv>
            </TextLine>
            <TextLine id="r2l29" custom="readingOrder {index:28;}">
                <Coords points="1843,616 2718,618 2766,608 2766,549 1843,568"/>
                <Baseline points="1854,606 1899,606 1944,606 1989,606 2034,605 2079,605 2124,604 2169,603 2214,602 2259,602 2305,601 2350,600 2395,600 2440,599 2485,599 2530,599 2575,599 2620,599 2665,600 2710,601 2756,602"/>
                <TextEquiv>
                    <Unicode>ligare tvä dagar förflutit, ty värr gätt i full¬-</Unicode>
                </TextEquiv>
            </TextLine>
            <TextLine id="r2l30" custom="readingOrder {index:29;}">
                <Coords points="963,621 1832,607 1831,575 1626,562 962,591"/>
                <Baseline points="973,620 1015,619 1057,616 1100,615 1142,613 1185,611 1227,611 1269,610 1312,609 1354,608 1397,607 1439,607 1481,606 1524,605 1566,605 1609,604 1651,603 1693,602 1736,601 1778,600 1821,598"/>
                <TextEquiv>
                    <Unicode>realiserande för decennier sedan förefinnas ännu.</Unicode>
                </TextEquiv>
            </TextLine>
            <TextLine id="r2l31" custom="readingOrder {index:30;}">
                <Coords points="952,660 1835,640 1810,602 952,632"/>
                <Baseline points="963,657 1006,655 1049,654 1092,652 1135,651 1178,650 1221,649 1264,649 1307,648 1350,647 1394,647 1437,646 1480,645 1523,644 1566,643 1609,642 1652,641 1695,639 1738,638 1781,635 1825,633"/>
                <TextEquiv>
                    <Unicode>am de ock i betydlig män reducerats. Terrängen</Unicode>
                </TextEquiv>
            </TextLine>
            <TextLine id="r2l32" custom="readingOrder {index:31;}">
                <Coords points="1839,649 2764,655 2764,623 2657,598 1839,613"/>
                <Baseline points="1849,649 1894,650 1939,650 1984,650 2030,650 2075,649 2120,649 2166,648 2211,647 2256,646 2302,646 2347,645 2392,644 2437,643 2483,643 2528,643 2573,643 2619,644 2664,645 2709,645 2755,647"/>
                <TextEquiv>
                    <Unicode>bordan. Fritz har stupat i duellen och ärf.</Unicode>
                </TextEquiv>
            </TextLine>
            <TextLine id="r2l33" custom="readingOrder {index:32;}">
                <Coords points="967,705 1821,680 1820,640 1650,635 966,663"/>
                <Baseline points="977,691 1018,690 1060,690 1102,688 1143,688 1185,687 1227,687 1268,686 1310,686 1352,685 1394,685 1435,684 1477,683 1519,682 1560,681 1602,680 1644,678 1685,676 1727,674 1769,672 1811,669"/>
                <TextEquiv>
                    <Unicode>mellan Tomteboda och Mälarstranden är synnerli¬</Unicode>
                </TextEquiv>
            </TextLine>
            <TextLine id="r2l34" custom="readingOrder {index:33;}">
                <Coords points="1851,704 2481,696 2659,676 2659,642 1850,660"/>
                <Baseline points="1860,690 1899,689 1938,689 1978,688 2017,688 2057,688 2096,688 2136,688 2175,688 2215,688 2254,688 2293,687 2333,687 2372,686 2412,686 2451,685 2491,684 2530,682 2570,680 2609,678 2649,675"/>
                <TextEquiv>
                    <Unicode>till och med redan jordad. Den gamle W.</Unicode>
                </TextEquiv>
            </TextLine>
            <TextLine id="r2l35" custom="readingOrder {index:34;}">
                <Coords points="965,727 1830,721 1809,678 965,707"/>
                <Baseline points="975,731 1017,728 1059,727 1101,725 1143,724 1186,724 1228,723 1270,722 1312,721 1354,720 1397,720 1439,719 1481,718 1523,717 1565,716 1608,715 1650,713 1692,712 1734,710 1776,708 1819,705"/>
                <TextEquiv>
                    <Unicode>gen svär för en jernvägsanläggning. Sà kommer</Unicode>
                </TextEquiv>
            </TextLine>
            <TextLine id="r2l36" custom="readingOrder {index:35;}">
                <Coords points="1855,739 2483,714 2738,743 2770,723 2769,664 2490,698 1854,697"/>
                <Baseline points="1864,731 1908,730 1953,729 1998,728 2043,727 2088,727 2132,726 2177,726 2222,725 2267,725 2312,725 2356,724 2401,723 2446,722 2491,721 2536,720 2580,718 2625,716 2670,714 2715,712 2760,708"/>
                <TextEquiv>
                    <Unicode>ring, för hvilken Christine under dessar</Unicode>
                </TextEquiv>
            </TextLine>
            <TextLine id="r2l37" custom="readingOrder {index:36;}">
                <Coords points="956,755 1061,775 1837,755 1836,713 956,727"/>
                <Baseline points="966,764 1009,762 1052,761 1095,759 1138,758 1181,757 1224,756 1267,755 1310,754 1353,753 1396,753 1439,752 1482,751 1525,750 1568,749 1611,748 1654,747 1697,746 1740,745 1783,744 1827,742"/>
                <TextEquiv>
                    <Unicode>brobyggnaden emellan denna strand och Essingen,</Unicode>
                </TextEquiv>
            </TextLine>
            <TextLine id="r2l38" custom="readingOrder {index:37;}">
                <Coords points="1842,776 2546,757 2725,783 2725,742 2656,719 1842,732"/>
                <Baseline points="1853,767 1896,767 1939,768 1982,768 2025,768 2068,768 2111,767 2154,767 2197,766 2240,765 2284,764 2327,764 2370,763 2413,762 2456,761 2499,760 2542,760 2585,759 2628,759 2671,759 2715,759"/>
                <TextEquiv>
                    <Unicode>tans dagar tillstätt allt och som — ett fint;</Unicode>
                </TextEquiv>
            </TextLine>
            <TextLine id="r2l39" custom="readingOrder {index:38;}">
                <Coords points="962,806 1839,789 1838,741 962,774"/>
                <Baseline points="972,800 1014,798 1057,796 1100,795 1143,793 1186,792 1228,791 1271,790 1314,790 1357,789 1400,788 1442,788 1485,787 1528,786 1571,786 1614,785 1656,784 1699,782 1742,781 1785,780 1828,777"/>
                <TextEquiv>
                    <Unicode>men denna är dock ett lekverk mot brobyggnaden</Unicode>
                </TextEquiv>
            </TextLine>
            <TextLine id="r2l40" custom="readingOrder {index:39;}">
                <Coords points="1844,820 2774,796 2773,762 2727,745 2623,775 2256,759 1843,786"/>
                <Baseline points="1854,813 1899,811 1945,810 1990,808 2036,808 2081,807 2127,807 2172,807 2218,806 2263,806 2309,806 2354,806 2400,805 2445,804 2491,804 2536,802 2582,800 2627,797 2673,793 2718,789 2764,785"/>
                <TextEquiv>
                    <Unicode>och rörande drag i denna af författaren mär1</Unicode>
                </TextEquiv>
            </TextLine>
            <TextLine id="r2l41" custom="readingOrder {index:40;}">
                <Coords points="2713,828 2723,829 2728,835 2745,824 2755,823 2762,817 2763,819 2773,820 2775,792 2755,791 2751,786 2741,794 2731,789 2729,791 2715,790"/>
                <Baseline points="2724,814 2764,816"/>
                <TextEquiv>
                    <Unicode>1</Unicode>
                </TextEquiv>
            </TextLine>
            <TextLine id="r2l42" custom="readingOrder {index:41;}">
                <Coords points="966,841 1841,817 1840,781 966,805"/>
                <Baseline points="977,833 1019,832 1062,831 1104,831 1147,830 1190,829 1232,828 1275,827 1318,827 1360,826 1403,825 1446,824 1488,823 1531,823 1574,822 1616,821 1659,820 1702,819 1744,817 1787,816 1830,814"/>
                <TextEquiv>
                    <Unicode>mellan Essingen och söora stranden, der för sjö¬</Unicode>
                </TextEquiv>
            </TextLine>
            <TextLine id="r2l43" custom="readingOrder {index:42;}">
                <Coords points="1844,852 2723,862 2722,817 2630,797 1844,820"/>
                <Baseline points="1855,853 1897,852 1940,852 1983,851 2026,851 2069,850 2112,849 2155,848 2198,847 2241,847 2284,846 2326,845 2369,844 2412,843 2455,843 2498,842 2541,841 2584,841 2627,841 2670,840 2713,840"/>
                <TextEquiv>
                    <Unicode>sterligt tecknade och af skädespelaren lika</Unicode>
                </TextEquiv>
            </TextLine>
            <TextLine id="r2l44" custom="readingOrder {index:43;}">
                <Coords points="963,868 1835,866 1835,816 962,842"/>
                <Baseline points="973,870 1015,869 1058,868 1100,867 1143,866 1186,865 1228,864 1271,863 1314,862 1356,861 1399,861 1442,860 1484,859 1527,859 1570,858 1612,858 1655,857 1698,856 1740,856 1783,855 1826,854"/>
                <TextEquiv>
                    <Unicode>fartens skull bron skulle höja sina hvalf 100 fot</Unicode>
                </TextEquiv>
            </TextLine>
            <TextLine id="r2l45" custom="readingOrder {index:44;}">
                <Coords points="2714,869 2728,870 2729,873 2734,871 2739,875 2743,875 2754,868 2768,869 2770,829 2760,828 2752,830 2747,823 2736,829 2716,825"/>
                <Baseline points="2725,861 2759,863"/>
                <TextEquiv>
                    <Unicode>8</Unicode>
                </TextEquiv>
            </TextLine>
            <TextLine id="r2l46" custom="readingOrder {index:45;}">
                <Coords points="1846,901 2576,896 2716,888 2716,862 2567,840 1845,867"/>
                <Baseline points="1856,894 1898,892 1941,891 1983,890 2026,889 2068,889 2111,888 2153,887 2196,886 2238,886 2281,885 2323,885 2366,884 2408,884 2451,883 2493,883 2536,882 2578,881 2621,881 2663,880 2706,879"/>
                <TextEquiv>
                    <Unicode>mästerligt ätergifna karakter — i stället för</Unicode>
                </TextEquiv>
            </TextLine>
            <TextLine id="r2l47" custom="readingOrder {index:46;}">
                <Coords points="967,909 1840,918 1839,866 1774,853 966,872"/>
                <Baseline points="976,908 1018,906 1061,905 1103,903 1146,902 1189,901 1231,900 1274,899 1317,898 1359,898 1402,897 1445,896 1487,896 1530,895 1573,895 1615,894 1658,893 1701,893 1743,891 1786,890 1829,889"/>
                <TextEquiv>
                    <Unicode>5/der vattenytan, sä att fartyg skulle kunna obe¬</Unicode>
                </TextEquiv>
            </TextLine>
            <TextLine id="r2l48" custom="readingOrder {index:47;}">
                <Coords points="1845,943 2769,909 2768,877 2732,871 1844,909"/>
                <Baseline points="1854,935 1899,933 1944,932 1989,932 2034,931 2080,930 2125,930 2170,930 2215,930 2260,930 2306,929 2351,929 2396,928 2441,927 2486,926 2532,925 2577,923 2622,920 2667,918 2712,914 2758,910"/>
                <TextEquiv>
                    <Unicode>förebräelse, môter henne med kärlek och öf¬“</Unicode>
                </TextEquiv>
            </TextLine>
            <TextLine id="r2l49" custom="readingOrder {index:48;}">
                <Coords points="960,949 1006,964 1050,944 1539,943 1579,936 1579,912 1386,898 1266,917 959,915"/>
                <Baseline points="970,945 1000,943 1030,942 1060,941 1090,940 1120,939 1150,938 1180,937 1210,937 1240,936 1270,935 1300,935 1330,934 1360,934 1390,933 1420,932 1450,932 1480,931 1510,931 1540,930 1570,929"/>
                <TextEquiv>
                    <Unicode>hindradt passera under de samma.</Unicode>
                </TextEquiv>
            </TextLine>
            <TextLine id="r2l50" custom="readingOrder {index:49;}">
                <Coords points="1857,981 2701,968 2717,918 1856,945"/>
                <Baseline points="1866,974 1908,973 1950,973 1992,972 2034,972 2076,972 2118,971 2160,971 2202,970 2244,970 2287,970 2329,969 2371,969 2413,968 2455,967 2497,967 2539,966 2581,965 2623,964 2665,963 2708,961"/>
                <TextEquiv>
                    <Unicode>verseende, har ute i staden erfarit allt, men</Unicode>
                </TextEquiv>
            </TextLine>
            <TextLine id="r2l51" custom="readingOrder {index:50;}">
                <Coords points="1001,977 1834,971 1833,927 1650,906 1540,943 1001,947"/>
                <Baseline points="1012,980 1052,978 1093,977 1133,976 1174,975 1215,974 1255,973 1296,973 1336,972 1377,972 1418,971 1458,971 1499,970 1539,970 1580,969 1621,968 1661,967 1702,966 1742,965 1783,963 1824,961"/>
                <TextEquiv>
                    <Unicode>Man für emellertid ej glömma att de tekniska</Unicode>
                </TextEquiv>
            </TextLine>
            <TextLine id="r2l52" custom="readingOrder {index:51;}">
                <Coords points="968,1010 1750,1013 1832,1005 1832,969 967,976"/>
                <Baseline points="978,1019 1020,1017 1062,1015 1104,1015 1146,1013 1189,1012 1231,1011 1273,1010 1315,1009 1357,1008 1400,1007 1442,1006 1484,1005 1526,1005 1568,1004 1611,1003 1653,1002 1695,1001 1737,1001 1779,1000 1822,999"/>
                <TextEquiv>
                    <Unicode>hielpkällorna utomofdentligt utvecklats, hvarjemte</Unicode>
                </TextEquiv>
            </TextLine>
            <TextLine id="r2l53" custom="readingOrder {index:52;}">
                <Coords points="1856,1023 2053,1044 2153,1017 2302,1041 2362,1014 2781,1017 2780,953 2742,944 2598,980 1856,981"/>
                <Baseline points="1866,1016 1911,1015 1956,1015 2001,1014 2047,1013 2092,1012 2137,1012 2182,1011 2228,1010 2273,1009 2318,1008 2363,1007 2409,1007 2454,1006 2499,1006 2544,1005 2590,1005 2635,1006 2680,1006 2725,1007 2771,1008"/>
                <TextEquiv>
                    <Unicode>förmär ej att bringa den kära dottern döds¬</Unicode>
                </TextEquiv>
            </TextLine>
            <TextLine id="r2l54" custom="readingOrder {index:53;}">
                <Coords points="961,1069 1834,1039 1817,1001 960,1023"/>
                <Baseline points="972,1057 1014,1055 1057,1053 1099,1051 1142,1050 1185,1049 1227,1048 1270,1048 1312,1047 1355,1047 1398,1046 1440,1046 1483,1045 1525,1045 1568,1044 1611,1044 1653,1043 1696,1041 1738,1039 1781,1038 1824,1036"/>
                <TextEquiv>
                    <Unicode>materialet, särskildt för brobyggnaderna, blifvit</Unicode>
                </TextEquiv>
            </TextLine>
            <TextLine id="r2l55" custom="readingOrder {index:54;}">
                <Coords points="1851,1080 1888,1070 1900,1061 1932,1066 1936,1061 1953,1071 1966,1064 1973,1068 2008,1056 2007,1028 1981,1031 1975,1025 1952,1026 1944,1019 1916,1022 1910,1029 1896,1023 1890,1030 1876,1022 1872,1027 1864,1021 1848,1022"/>
                <Baseline points="1859,1061 1887,1057 1915,1055 1943,1054 1971,1053 1999,1053"/>
                <TextEquiv>
                    <Unicode>posten.</Unicode>
                </TextEquiv>
            </TextLine>
            <TextLine id="r2l56" custom="readingOrder {index:55;}">
                <Coords points="973,1095 1835,1078 1822,1039 972,1057"/>
                <Baseline points="982,1092 1024,1090 1066,1089 1108,1087 1150,1086 1192,1085 1234,1084 1277,1084 1319,1083 1361,1083 1403,1082 1445,1081 1487,1081 1529,1080 1572,1079 1614,1078 1656,1077 1698,1075 1740,1074 1782,1072 1825,1070"/>
                <TextEquiv>
                    <Unicode>cerhördt mycket billigare. Det har gätt sä längt</Unicode>
                </TextEquiv>
            </TextLine>
            <TextLine id="r2l57" custom="readingOrder {index:56;}">
                <Coords points="1884,1098 2061,1121 2115,1096 2735,1101 2734,1038 2694,1031 1884,1064"/>
                <Baseline points="1894,1098 1935,1097 1977,1096 2018,1095 2060,1094 2101,1094 2143,1093 2184,1093 2226,1092 2267,1092 2309,1091 2351,1091 2392,1091 2434,1090 2475,1090 2517,1090 2558,1090 2600,1090 2641,1090 2683,1090 2725,1090"/>
                <TextEquiv>
                    <Unicode>Sà komma Theodor och Mizzi, sorgsna,</Unicode>
                </TextEquiv>
            </TextLine>
            <TextLine id="r2l58" custom="readingOrder {index:57;}">
                <Coords points="962,1134 1845,1124 1844,1078 1812,1065 1413,1099 961,1090"/>
                <Baseline points="971,1127 1014,1126 1057,1124 1100,1123 1143,1122 1187,1121 1230,1121 1273,1120 1316,1119 1359,1118 1403,1118 1446,1117 1489,1117 1532,1116 1575,1115 1619,1114 1662,1113 1705,1112 1748,1110 1791,1108 1835,1106"/>
                <TextEquiv>
                    <Unicode>att ju knappast nägon mera tänker pä träbroar.</Unicode>
                </TextEquiv>
            </TextLine>
            <TextLine id="r2l59" custom="readingOrder {index:58;}">
                <Coords points="1852,1150 2658,1125 2741,1148 2769,1138 2768,1082 2612,1109 1851,1098"/>
                <Baseline points="1861,1138 1905,1138 1950,1138 1995,1138 2040,1138 2085,1138 2130,1137 2175,1137 2220,1136 2265,1135 2310,1135 2354,1134 2399,1134 2444,1133 2489,1133 2534,1132 2579,1132 2624,1132 2669,1132 2714,1133 2759,1133"/>
                <TextEquiv>
                    <Unicode>nedslagna, och sanningen mäste fram. Den</Unicode>
                </TextEquiv>
            </TextLine>
            <TextLine id="r2l60" custom="readingOrder {index:59;}">
                <Coords points="964,1158 1768,1160 1843,1152 1842,1114 963,1140"/>
                <Baseline points="974,1164 1016,1163 1059,1162 1102,1160 1145,1160 1188,1158 1231,1158 1274,1157 1317,1156 1360,1155 1403,1154 1445,1153 1488,1152 1531,1151 1574,1150 1617,1149 1660,1148 1703,1147 1746,1146 1789,1145 1832,1144"/>
                <TextEquiv>
                    <Unicode>De fina vinkeljernen c. e. v. ha sä sjunkit i pris.</Unicode>
                </TextEquiv>
            </TextLine>
            <TextLine id="r2l61" custom="readingOrder {index:60;}">
                <Coords points="1849,1182 2729,1188 2729,1135 1849,1150"/>
                <Baseline points="1858,1178 1901,1179 1944,1180 1987,1181 2030,1181 2073,1180 2116,1180 2159,1179 2202,1178 2245,1177 2289,1176 2332,1176 2375,1175 2418,1175 2461,1175 2504,1176 2547,1177 2590,1178 2633,1180 2676,1183 2720,1187"/>
                <TextEquiv>
                    <Unicode>förfärande udden i denna sanning, ast namli#l</Unicode>
                </TextEquiv>
            </TextLine>
            <TextLine id="r2l62" custom="readingOrder {index:61;}">
                <Coords points="972,1197 1847,1186 1846,1153 1762,1145 971,1169"/>
                <Baseline points="983,1200 1025,1200 1068,1198 1110,1197 1153,1196 1196,1195 1238,1194 1281,1193 1324,1191 1366,1190 1409,1190 1452,1189 1494,1187 1537,1187 1580,1186 1622,1184 1665,1184 1708,1183 1750,1181 1793,1181 1836,1180"/>
                <TextEquiv>
                    <Unicode>att de knappast betinga högre pris än sjelfva det</Unicode>
                </TextEquiv>
            </TextLine>
            <TextLine id="r2l63" custom="readingOrder {index:62;}">
                <Coords points="1851,1239 2696,1218 2695,1184 2587,1173 1851,1187"/>
                <Baseline points="1861,1224 1902,1223 1943,1223 1984,1223 2025,1222 2067,1222 2108,1221 2149,1221 2190,1220 2231,1220 2273,1219 2314,1219 2355,1218 2396,1218 2437,1217 2479,1217 2520,1216 2561,1215 2602,1215 2643,1214 2685,1213"/>
                <TextEquiv>
                    <Unicode>gen hennes älskling stupat i en duell</Unicode>
                </TextEquiv>
            </TextLine>
            <TextLine id="r2l64" custom="readingOrder {index:63;}">
                <Coords points="973,1234 1080,1254 1838,1229 1837,1184 1678,1180 973,1216"/>
                <Baseline points="984,1236 1026,1235 1068,1234 1110,1233 1152,1232 1195,1230 1237,1229 1279,1228 1321,1227 1363,1226 1406,1225 1448,1223 1490,1222 1532,1221 1574,1221 1617,1220 1659,1219 1701,1219 1743,1219 1785,1219 1828,1219"/>
                <TextEquiv>
                    <Unicode>simpla jerngodset, och detta betingar nu ett sä lägt</Unicode>
                </TextEquiv>
            </TextLine>
            <TextLine id="r2l65" custom="readingOrder {index:64;}">
                <Coords points="1860,1268 2540,1249 2747,1277 2746,1189 2682,1222 2632,1202 1860,1238"/>
                <Baseline points="1871,1260 1914,1261 1957,1262 2000,1262 2044,1262 2087,1262 2130,1262 2173,1261 2217,1260 2260,1260 2303,1258 2346,1258 2390,1256 2433,1255 2476,1255 2519,1254 2563,1254 2606,1253 2649,1253 2692,1254 2736,1254"/>
                <TextEquiv>
                    <Unicode>annans skull, är nära att förkrossa den Stac¬</Unicode>
                </TextEquiv>
            </TextLine>
            <TextLine id="r2l66" custom="readingOrder {index:65;}">
                <Coords points="972,1276 1776,1267 1836,1262 1835,1228 971,1250"/>
                <Baseline points="981,1276 1023,1273 1065,1271 1107,1269 1150,1268 1192,1266 1234,1264 1277,1263 1319,1263 1361,1262 1404,1261 1446,1260 1488,1260 1530,1259 1573,1258 1615,1257 1657,1256 1700,1255 1742,1253 1784,1252 1827,1250"/>
                <TextEquiv>
                    <Unicode>pris, att träbjelkarne ej längre kunna konkurrera</Unicode>
                </TextEquiv>
            </TextLine>
            <TextLine id="r2l67" custom="readingOrder {index:66;}">
                <Coords points="980,1312 1839,1296 1838,1262 1788,1255 980,1282"/>
                <Baseline points="991,1308 1032,1307 1074,1305 1116,1304 1158,1303 1200,1302 1242,1301 1283,1300 1325,1299 1367,1298 1409,1297 1451,1296 1493,1296 1535,1295 1576,1294 1618,1294 1660,1293 1702,1292 1744,1291 1786,1291 1828,1290"/>
                <TextEquiv>
                    <Unicode>med jernbjelkarne. En sak som ej heller fär för</Unicode>
                </TextEquiv>
            </TextLine>
            <TextLine id="r2l68" custom="readingOrder {index:67;}">
                <Coords points="1860,1311 2647,1291 2749,1316 2748,1243 2708,1266 1860,1269"/>
                <Baseline points="1871,1302 1914,1303 1957,1303 2001,1303 2044,1303 2087,1303 2131,1302 2174,1302 2217,1301 2261,1300 2304,1300 2347,1299 2391,1298 2434,1297 2477,1296 2521,1295 2564,1294 2607,1293 2651,1292 2694,1292 2738,1291"/>
                <TextEquiv>
                    <Unicode>kars Christine. Men sä reser hon sig plöts¬</Unicode>
                </TextEquiv>
            </TextLine>
            <TextLine id="r2l69" custom="readingOrder {index:68;}">
                <Coords points="960,1338 1847,1333 1846,1295 1768,1292 960,1320"/>
                <Baseline points="971,1347 1014,1344 1057,1342 1100,1339 1144,1338 1187,1337 1230,1336 1274,1335 1317,1334 1360,1334 1404,1333 1447,1333 1490,1333 1533,1332 1577,1332 1620,1332 1663,1331 1707,1330 1750,1330 1793,1328 1837,1327"/>
                <TextEquiv>
                    <Unicode>bises är att stränderna genom sin rätt betydande</Unicode>
                </TextEquiv>
            </TextLine>
            <TextLine id="r2l70" custom="readingOrder {index:69;}">
                <Coords points="1851,1355 2567,1334 2730,1362 2776,1355 2776,1307 1851,1311"/>
                <Baseline points="1862,1347 1907,1347 1952,1347 1997,1347 2042,1346 2088,1345 2133,1344 2178,1343 2223,1342 2268,1340 2314,1339 2359,1338 2404,1337 2449,1336 2494,1336 2540,1336 2585,1336 2630,1337 2675,1339 2720,1340 2766,1343"/>
                <TextEquiv>
                    <Unicode>ligt. Hon vill till hans kallnade stoft. Hanj</Unicode>
                </TextEquiv>
            </TextLine>
            <TextLine id="r2l71" custom="readingOrder {index:70;}">
                <Coords points="975,1388 1581,1383 1659,1368 1659,1348 974,1344"/>
                <Baseline points="985,1379 1018,1379 1051,1378 1084,1377 1117,1376 1151,1376 1184,1375 1217,1374 1250,1373 1283,1373 1317,1372 1350,1371 1383,1371 1416,1370 1449,1370 1483,1369 1516,1369 1549,1369 1582,1369 1615,1369 1649,1369"/>
                <TextEquiv>
                    <Unicode>höjd betydligt minska svärigheterna.</Unicode>
                </TextEquiv>
            </TextLine>
            <TextLine id="r2l72" custom="readingOrder {index:71;}">
                <Coords points="1854,1396 2731,1374 2666,1335 1853,1358"/>
                <Baseline points="1865,1390 1907,1389 1950,1388 1993,1386 2036,1386 2079,1385 2121,1384 2164,1383 2207,1382 2250,1382 2293,1381 2335,1380 2378,1379 2421,1378 2464,1378 2507,1377 2549,1377 2592,1376 2635,1375 2678,1374 2721,1373"/>
                <TextEquiv>
                    <Unicode>hvilar redan i jordens sköto. Dä vill hontill</Unicode>
                </TextEquiv>
            </TextLine>
            <TextLine id="r2l73" custom="readingOrder {index:72;}">
                <Coords points="1013,1426 1848,1429 1847,1367 1799,1355 1717,1381 1013,1392"/>
                <Baseline points="1024,1424 1064,1423 1105,1422 1146,1422 1186,1421 1227,1421 1268,1421 1308,1420 1349,1420 1390,1419 1431,1419 1471,1418 1512,1418 1553,1418 1593,1417 1634,1416 1675,1415 1715,1414 1756,1413 1797,1412 1838,1411"/>
                <TextEquiv>
                    <Unicode>Ja, derom räder intet tvifvel att planen är</Unicode>
                </TextEquiv>
            </TextLine>
            <TextLine id="r2l74" custom="readingOrder {index:73;}">
                <Coords points="1854,1435 2717,1429 2716,1389 2673,1378 1853,1395"/>
                <Baseline points="1863,1429 1905,1429 1947,1429 1989,1428 2031,1428 2074,1427 2116,1426 2158,1425 2200,1424 2242,1424 2285,1422 2327,1421 2369,1420 2411,1419 2453,1418 2496,1416 2538,1415 2580,1414 2622,1413 2664,1412 2707,1411"/>
                <TextEquiv>
                    <Unicode>hans graf, zhon är ju hans enkal, Hon stör¬</Unicode>
                </TextEquiv>
            </TextLine>
            <TextLine id="r2l75" custom="readingOrder {index:74;}">
                <Coords points="964,1464 1849,1470 1848,1428 1794,1417 963,1446"/>
                <Baseline points="973,1468 1016,1467 1059,1467 1102,1466 1146,1466 1189,1465 1232,1465 1276,1464 1319,1464 1362,1463 1406,1462 1449,1462 1492,1461 1535,1460 1579,1460 1622,1459 1665,1458 1709,1457 1752,1456 1795,1455 1839,1454"/>
                <TextEquiv>
                    <Unicode>lika utförbar som kostbar. För ingeniörskon¬</Unicode>
                </TextEquiv>
            </TextLine>
            <TextLine id="r2l76" custom="readingOrder {index:75;}">
                <Coords points="1855,1470 2585,1454 2718,1476 2733,1417 1854,1432"/>
                <Baseline points="1865,1471 1910,1471 1955,1470 2000,1470 2045,1468 2091,1467 2136,1466 2181,1465 2226,1463 2271,1462 2317,1460 2362,1459 2407,1458 2452,1457 2497,1457 2543,1456 2588,1457 2633,1457 2678,1458 2724,1460"/>
                <TextEquiv>
                    <Unicode>tar ut. Theodor och Mizzi skynda efter henne,</Unicode>
                </TextEquiv>
            </TextLine>
            <TextLine id="r2l77" custom="readingOrder {index:76;}">
                <Coords points="1858,1516 2729,1512 2730,1455 1857,1468"/>
                <Baseline points="1868,1513 1910,1511 1953,1510 1995,1509 2038,1508 2081,1507 2123,1506 2166,1505 2208,1504 2251,1503 2294,1503 2336,1502 2379,1501 2421,1500 2464,1499 2507,1498 2549,1498 2592,1497 2634,1495 2677,1495 2720,1493"/>
                <TextEquiv>
                    <Unicode>Men skola de lyckas att heida henne fränuts</Unicode>
                </TextEquiv>
            </TextLine>
            <TextLine id="r2l78" custom="readingOrder {index:77;}">
                <Coords points="970,1527 1768,1513 1842,1504 1842,1461 969,1464"/>
                <Baseline points="979,1510 1021,1509 1064,1509 1107,1508 1149,1507 1192,1507 1235,1506 1277,1506 1320,1505 1363,1504 1406,1504 1448,1503 1491,1503 1534,1502 1576,1502 1619,1501 1662,1500 1704,1499 1747,1498 1790,1498 1833,1496"/>
                <TextEquiv>
                    <Unicode>sten i vära dagar är den omnämda brobygg¬</Unicode>
                </TextEquiv>
            </TextLine>
            <TextLine id="r2l79" custom="readingOrder {index:78;}">
                <Coords points="1865,1569 2703,1550 2729,1547 2728,1511 1863,1519"/>
                <Baseline points="1874,1551 1916,1551 1958,1550 2000,1550 2042,1550 2085,1549 2127,1549 2169,1548 2211,1548 2253,1547 2296,1546 2338,1545 2380,1544 2422,1543 2464,1542 2507,1541 2549,1540 2591,1538 2633,1536 2675,1535 2718,1533"/>
                <TextEquiv>
                    <Unicode>förandet af det förtviflade beslut, som hennes</Unicode>
                </TextEquiv>
            </TextLine>
            <TextLine id="r2l80" custom="readingOrder {index:79;}">
                <Coords points="976,1549 1819,1552 1842,1504 1008,1523 975,1503"/>
                <Baseline points="985,1552 1027,1551 1069,1550 1112,1548 1154,1547 1197,1547 1239,1546 1281,1546 1324,1545 1366,1545 1409,1544 1451,1544 1493,1544 1536,1543 1578,1543 1621,1542 1663,1541 1705,1540 1748,1538 1790,1537 1833,1534"/>
                <TextEquiv>
                    <Unicode>naden och hvad dertill hör en relativt lätt</Unicode>
                </TextEquiv>
            </TextLine>
            <TextLine id="r2l81" custom="readingOrder {index:80;}">
                <Coords points="1869,1599 2697,1590 2718,1546 1868,1565"/>
                <Baseline points="1878,1592 1919,1593 1961,1593 2002,1593 2044,1593 2085,1592 2127,1591 2168,1590 2210,1589 2251,1588 2293,1586 2335,1585 2376,1583 2418,1582 2459,1581 2501,1580 2542,1579 2584,1579 2625,1578 2667,1579 2709,1579"/>
                <TextEquiv>
                    <Unicode>stackars gamle fader förutsätter, dä han bit¬</Unicode>
                </TextEquiv>
            </TextLine>
            <TextLine id="r2l82" custom="readingOrder {index:81;}">
                <Coords points="974,1606 1847,1583 1832,1539 1132,1547 974,1578"/>
                <Baseline points="984,1596 1026,1594 1069,1592 1111,1591 1154,1590 1197,1589 1239,1588 1282,1587 1325,1586 1367,1585 1410,1584 1453,1584 1495,1583 1538,1583 1581,1582 1623,1581 1666,1581 1709,1580 1751,1579 1794,1578 1837,1577"/>
                <TextEquiv>
                    <Unicode>uppgift, förutsatt att jernvägsstyrelsen kan</Unicode>
                </TextEquiv>
            </TextLine>
            <TextLine id="r2l83" custom="readingOrder {index:82;}">
                <Coords points="968,1635 1845,1626 1826,1582 967,1599"/>
                <Baseline points="979,1639 1021,1637 1064,1636 1107,1634 1150,1632 1193,1631 1235,1630 1278,1629 1321,1628 1364,1627 1407,1626 1449,1625 1492,1624 1535,1624 1578,1623 1621,1622 1663,1621 1706,1620 1749,1619 1792,1618 1835,1617"/>
                <TextEquiv>
                    <Unicode>uppbringa de derför erforderliga millionerna</Unicode>
                </TextEquiv>
            </TextLine>
            <TextLine id="r2l84" custom="readingOrder {index:83;}">
                <Coords points="1865,1644 2711,1629 2710,1587 2650,1580 1864,1600"/>
                <Baseline points="1874,1634 1915,1635 1956,1635 1998,1635 2039,1634 2081,1634 2122,1633 2163,1632 2205,1631 2246,1629 2288,1628 2329,1627 2370,1625 2412,1624 2453,1622 2495,1621 2536,1620 2577,1620 2619,1619 2660,1619 2702,1619"/>
                <TextEquiv>
                    <Unicode>bert grätande sjunker pä knä, under det han</Unicode>
                </TextEquiv>
            </TextLine>
            <TextLine id="r2l85" custom="readingOrder {index:84;}">
                <Coords points="983,1678 1848,1664 1847,1624 983,1644"/>
                <Baseline points="994,1678 1036,1677 1078,1675 1120,1674 1162,1673 1204,1672 1246,1671 1289,1670 1331,1669 1373,1668 1415,1667 1457,1666 1499,1665 1541,1665 1584,1664 1626,1663 1668,1662 1710,1662 1752,1661 1794,1660 1837,1659"/>
                <TextEquiv>
                    <Unicode>och göra dem rentabla. Eljest torde det i</Unicode>
                </TextEquiv>
            </TextLine>
            <TextLine id="r2l86" custom="readingOrder {index:85;}">
                <Coords points="1858,1677 2682,1676 2730,1667 2730,1639 1857,1645"/>
                <Baseline points="1867,1676 1909,1676 1952,1676 1994,1676 2037,1675 2080,1674 2122,1674 2165,1672 2208,1671 2250,1670 2293,1669 2336,1668 2378,1667 2421,1666 2464,1665 2506,1665 2549,1664 2592,1664 2634,1664 2677,1665 2720,1666"/>
                <TextEquiv>
                    <Unicode>förtviflad utbrister: „Hon kommer aldrigigen,</Unicode>
                </TextEquiv>
            </TextLine>
            <TextLine id="r2l87" custom="readingOrder {index:86;}">
                <Coords points="972,1712 1781,1720 1839,1704 1838,1664 971,1684"/>
                <Baseline points="983,1717 1025,1716 1067,1716 1109,1715 1152,1714 1194,1713 1236,1712 1278,1711 1321,1710 1363,1710 1405,1709 1447,1707 1490,1707 1532,1706 1574,1705 1616,1704 1659,1703 1701,1703 1743,1702 1785,1701 1828,1701"/>
                <TextEquiv>
                    <Unicode>detta sammanhang erinras em ett annat sam¬</Unicode>
                </TextEquiv>
            </TextLine>
            <TextLine id="r2l88" custom="readingOrder {index:87;}">
                <Coords points="1848,1711 2723,1715 2722,1669 1847,1675"/>
                <Baseline points="1858,1718 1900,1718 1943,1718 1986,1717 2029,1717 2071,1716 2114,1715 2157,1714 2200,1713 2242,1712 2285,1711 2328,1709 2371,1709 2413,1707 2456,1706 2499,1706 2542,1706 2584,1705 2627,1705 2670,1706 2713,1707"/>
                <TextEquiv>
                    <Unicode>Ihon kommer aldrig igenl. Vi. fä e veta, men</Unicode>
                </TextEquiv>
            </TextLine>
            <TextLine id="r2l89" custom="readingOrder {index:88;}">
                <Coords points="1867,1763 2283,1752 2417,1778 2445,1749 2734,1748 2733,1712 2689,1705 1867,1727"/>
                <Baseline points="1878,1758 1920,1757 1962,1756 2004,1755 2047,1754 2089,1753 2131,1752 2173,1751 2216,1750 2258,1749 2300,1748 2342,1748 2385,1747 2427,1746 2469,1746 2511,1745 2554,1745 2596,1745 2638,1745 2680,1745 2723,1745"/>
                <TextEquiv>
                    <Unicode>väga knappast hoppas det! Ridän faller, och</Unicode>
                </TextEquiv>
            </TextLine>
            <TextLine id="r2l90" custom="readingOrder {index:89;}">
                <Coords points="970,1757 1846,1752 1845,1706 969,1723"/>
                <Baseline points="979,1759 1021,1758 1064,1757 1107,1756 1150,1755 1193,1754 1236,1753 1279,1752 1322,1751 1365,1751 1408,1750 1450,1749 1493,1748 1536,1748 1579,1747 1622,1747 1665,1746 1708,1745 1751,1745 1794,1745 1837,1744"/>
                <TextEquiv>
                    <Unicode>manbinduingsförslag som säg dagen för sex</Unicode>
                </TextEquiv>
            </TextLine>
            <TextLine id="r2l91" custom="readingOrder {index:90;}">
                <Coords points="978,1800 1851,1786 1850,1752 1774,1743 977,1760"/>
                <Baseline points="988,1792 1030,1791 1073,1791 1115,1791 1158,1790 1201,1790 1243,1789 1286,1789 1328,1788 1371,1787 1414,1787 1456,1786 1499,1785 1541,1785 1584,1784 1627,1783 1669,1782 1712,1781 1754,1780 1797,1779 1840,1778"/>
                <TextEquiv>
                    <Unicode>är sedan i ett planschwerk, föreställande hurn</Unicode>
                </TextEquiv>
            </TextLine>
            <TextLine id="r2l92" custom="readingOrder {index:91;}">
                <Coords points="1862,1799 2395,1807 2584,1783 2620,1805 2686,1794 2685,1746 2417,1770 1861,1763"/>
                <Baseline points="1871,1794 1911,1794 1951,1794 1991,1794 2031,1794 2072,1793 2112,1792 2152,1791 2192,1791 2232,1790 2273,1789 2313,1788 2353,1787 2393,1786 2433,1785 2474,1785 2514,1784 2554,1784 2594,1784 2634,1784 2675,1784"/>
                <TextEquiv>
                    <Unicode>det dröjer en stund, innan de urps###</Unicode>
                </TextEquiv>
            </TextLine>
            <TextLine id="r2l93" custom="readingOrder {index:92;}">
                <Coords points="976,1839 1849,1835 1860,1785 975,1800"/>
                <Baseline points="985,1832 1028,1832 1071,1832 1114,1832 1158,1831 1201,1830 1244,1829 1288,1828 1331,1827 1374,1826 1418,1825 1461,1824 1504,1823 1547,1822 1591,1821 1634,1820 1677,1820 1721,1820 1764,1820 1807,1820 1851,1821"/>
                <TextEquiv>
                    <Unicode>Stockholm kunde se ut vom hundra ärz,</Unicode>
                </TextEquiv>
            </TextLine>
            <TextLine id="r2l94" custom="readingOrder {index:93;}">
                <Coords points="1854,1837 2173,1844 2223,1825 2442,1848 2490,1826 2514,1847 2576,1833 2576,1787 1960,1806 1853,1783"/>
                <Baseline points="1865,1832 1900,1832 1935,1831 1970,1831 2005,1831 2040,1831 2075,1830 2110,1830 2145,1830 2180,1829 2216,1829 2251,1828 2286,1828 2321,1828 2356,1827 2391,1826 2426,1826 2461,1825 2496,1825 2531,1824 2567,1823"/>
                <TextEquiv>
                    <Unicode>askädarne komma sig fer attm</Unicode>
                </TextEquiv>
            </TextLine>
            <TextLine id="r2l95" custom="readingOrder {index:94;}">
                <Coords points="974,1871 1849,1870 1832,1820 974,1841"/>
                <Baseline points="985,1872 1027,1872 1070,1871 1112,1871 1155,1870 1198,1870 1240,1869 1283,1868 1326,1867 1368,1867 1411,1866 1454,1865 1496,1864 1539,1863 1582,1862 1624,1862 1667,1861 1710,1860 1752,1859 1795,1859 1838,1858"/>
                <TextEquiv>
                    <Unicode>1 fall utgifvaren, som kallade sig E. N.</Unicode>
                </TextEquiv>
            </TextLine>
            <TextLine id="r2l96" custom="readingOrder {index:95;}">
                <Coords points="1868,1880 2566,1873 2565,1837 2501,1825 1867,1846"/>
                <Baseline points="1878,1876 1911,1874 1945,1872 1979,1871 2013,1870 2047,1870 2081,1869 2115,1869 2149,1868 2183,1868 2217,1868 2250,1867 2284,1867 2318,1867 2352,1867 2386,1866 2420,1866 2454,1865 2488,1865 2522,1864 2556,1863"/>
                <TextEquiv>
                    <Unicode>appläder, ihällande bravorop ocl</Unicode>
                </TextEquiv>
            </TextLine>
            <TextLine id="r2l97" custom="readingOrder {index:96;}">
                <Coords points="982,1915 2266,1936 2535,1920 2551,1870 982,1873"/>
                <Baseline points="992,1918 1069,1914 1146,1911 1224,1908 1301,1906 1379,1905 1456,1904 1534,1905 1611,1905 1689,1906 1766,1907 1843,1908 1921,1909 1998,1910 2076,1911 2153,1911 2231,1912 2308,1911 2386,1911 2463,1909 2541,1906"/>
                <TextEquiv>
                    <Unicode>Antilithander, finge realiserad sin deri upp-inropningar ge sina, känslör lst</Unicode>
                </TextEquiv>
            </TextLine>
            <TextLine id="r2l98" custom="readingOrder {index:97;}">
                <Coords points="989,1959 1783,1956 1859,1945 1859,1907 988,1916"/>
                <Baseline points="999,1954 1041,1954 1084,1953 1126,1953 1169,1952 1211,1951 1254,1950 1296,1949 1339,1949 1381,1947 1424,1947 1466,1946 1509,1944 1551,1943 1594,1942 1636,1942 1679,1941 1721,1940 1764,1940 1806,1939 1849,1939"/>
                <TextEquiv>
                    <Unicode>tecknade rframtidsdrömz. Antilithanders plan</Unicode>
                </TextEquiv>
            </TextLine>
            <TextLine id="r2l99" custom="readingOrder {index:98;}">
                <Coords points="1866,1968 2023,1955 2039,1969 2071,1957 2129,1973 2173,1955 2173,1933 2139,1921 2113,1925 2099,1911 2045,1927 2001,1917 1951,1930 1928,1918 1866,1924"/>
                <Baseline points="1876,1954 1902,1954 1928,1955 1954,1955 1980,1956 2006,1956 2033,1956 2059,1956 2085,1956 2111,1954 2137,1954 2164,1952"/>
                <TextEquiv>
                    <Unicode>fall till känna.</Unicode>
                </TextEquiv>
            </TextLine>
            <TextLine id="r2l100" custom="readingOrder {index:99;}">
                <Coords points="973,1996 1854,1996 1853,1948 972,1972"/>
                <Baseline points="983,1998 1026,1996 1069,1995 1112,1994 1155,1993 1198,1992 1241,1991 1284,1990 1327,1989 1370,1989 1413,1988 1456,1987 1499,1987 1542,1986 1585,1985 1628,1984 1671,1984 1714,1983 1757,1982 1800,1981 1844,1980"/>
                <TextEquiv>
                    <Unicode>gick ut pä en förkortning af den nuvarande</Unicode>
                </TextEquiv>
            </TextLine>
            <TextLine id="r2l101" custom="readingOrder {index:100;}">
                <Coords points="1886,2013 2534,2002 2533,1947 2418,1925 2395,1946 2276,1934 2246,1960 1885,1969"/>
                <Baseline points="1895,1994 1926,1996 1957,1997 1989,1997 2020,1997 2052,1997 2083,1997 2115,1996 2146,1995 2178,1995 2209,1994 2240,1993 2272,1992 2303,1991 2335,1990 2366,1990 2398,1989 2429,1988 2461,1988 2492,1989 2524,1989"/>
                <TextEquiv>
                    <Unicode>Hyliningen gälde rättvisligenten</Unicode>
                </TextEquiv>
            </TextLine>
            <TextLine id="r2l102" custom="readingOrder {index:101;}">
                <Coords points="987,2050 1848,2040 1847,1986 987,2002"/>
                <Baseline points="997,2037 1039,2036 1081,2036 1123,2035 1165,2035 1207,2034 1249,2033 1291,2032 1333,2032 1375,2031 1417,2030 1459,2029 1501,2029 1543,2028 1585,2027 1627,2026 1669,2026 1711,2025 1753,2025 1795,2024 1838,2024"/>
                <TextEquiv>
                    <Unicode>sammanbindningsbanan genom att draga den</Unicode>
                </TextEquiv>
            </TextLine>
            <TextLine id="r2l103" custom="readingOrder {index:102;}">
                <Coords points="1868,2040 2532,2034 2531,2002 2469,1992 2427,2013 2397,1993 1867,2004"/>
                <Baseline points="1877,2037 1909,2037 1941,2037 1973,2037 2006,2037 2038,2037 2070,2037 2102,2036 2135,2036 2167,2035 2199,2035 2231,2034 2264,2034 2296,2033 2328,2033 2360,2033 2393,2032 2425,2032 2457,2032 2489,2033 2522,2033"/>
                <TextEquiv>
                    <Unicode>trädande, men dock i främsta rum</Unicode>
                </TextEquiv>
            </TextLine>
            <TextLine id="r2l104" custom="readingOrder {index:103;}">
                <Coords points="978,2083 1825,2076 1851,2072 1850,2027 977,2045"/>
                <Baseline points="988,2078 1030,2077 1073,2076 1115,2075 1158,2074 1201,2074 1243,2073 1286,2072 1328,2072 1371,2071 1414,2071 1456,2070 1499,2069 1541,2069 1584,2068 1627,2068 1669,2067 1712,2066 1754,2065 1797,2064 1840,2063"/>
                <TextEquiv>
                    <Unicode>frän Riddarholmen och pä en utfylining utan¬</Unicode>
                </TextEquiv>
            </TextLine>
            <TextLine id="r2l105" custom="readingOrder {index:104;}">
                <Coords points="1868,2095 2320,2073 2492,2086 2492,2040 2279,2031 2107,2058 1868,2041"/>
                <Baseline points="1878,2080 1908,2079 1938,2079 1968,2079 1998,2078 2029,2078 2059,2078 2089,2078 2119,2077 2149,2077 2180,2077 2210,2077 2240,2077 2270,2077 2300,2076 2331,2076 2361,2076 2391,2076 2421,2077 2451,2077 2482,2077"/>
                <TextEquiv>
                    <Unicode>Gottschalk, som i sitt äterg#</Unicode>
                </TextEquiv>
            </TextLine>
            <TextLine id="r2l106" custom="readingOrder {index:105;}">
                <Coords points="979,2132 1852,2109 1851,2071 1795,2068 979,2084"/>
                <Baseline points="990,2118 1032,2117 1075,2117 1117,2116 1160,2115 1203,2115 1245,2114 1288,2114 1330,2113 1373,2113 1416,2112 1458,2111 1501,2111 1543,2110 1586,2109 1629,2108 1671,2108 1714,2107 1756,2106 1799,2106 1842,2105"/>
                <TextEquiv>
                    <Unicode>för Mälartorget rakt pá Ragvaldsgatan och i</Unicode>
                </TextEquiv>
            </TextLine>
            <TextLine id="r2l107" custom="readingOrder {index:106;}">
                <Coords points="1872,2128 2465,2124 2501,2117 2501,2085 1871,2094"/>
                <Baseline points="1882,2120 1912,2120 1943,2120 1973,2120 2004,2120 2034,2120 2065,2119 2095,2119 2126,2119 2156,2119 2187,2118 2217,2118 2248,2118 2278,2117 2309,2117 2339,2117 2370,2116 2400,2116 2431,2115 2461,2114 2492,2114"/>
                <TextEquiv>
                    <Unicode>stines roll rent af förvänade gen</Unicode>
                </TextEquiv>
            </TextLine>
            <TextLine id="r2l108" custom="readingOrder {index:107;}">
                <Coords points="987,2159 1856,2150 1855,2118 1819,2110 987,2125"/>
                <Baseline points="998,2159 1040,2158 1082,2157 1125,2157 1167,2156 1210,2155 1252,2155 1294,2154 1337,2153 1379,2152 1422,2152 1464,2151 1506,2150 1549,2150 1591,2149 1634,2148 1676,2148 1718,2147 1761,2147 1803,2146 1846,2146"/>
                <TextEquiv>
                    <Unicode>en ny tunnel under denna och Maria kyrka</Unicode>
                </TextEquiv>
            </TextLine>
            <TextLine id="r2l109" custom="readingOrder {index:108;}">
                <Coords points="1873,2169 2212,2154 2338,2170 2402,2152 2459,2171 2509,2163 2508,2116 2386,2135 2331,2117 1872,2129"/>
                <Baseline points="1882,2163 1912,2163 1943,2163 1974,2163 2005,2162 2036,2162 2066,2162 2097,2161 2128,2161 2159,2160 2190,2159 2220,2158 2251,2157 2282,2157 2313,2156 2344,2156 2374,2155 2405,2155 2436,2155 2467,2155 2498,2155"/>
                <TextEquiv>
                    <Unicode>sä varmt och sä innerligt, endi</Unicode>
                </TextEquiv>
            </TextLine>
            <TextLine id="r2l110" custom="readingOrder {index:109;}">
                <Coords points="983,2190 1188,2217 1280,2189 1321,2213 1421,2189 1471,2212 1720,2208 1858,2196 1858,2152 983,2164"/>
                <Baseline points="994,2200 1036,2200 1079,2199 1122,2199 1164,2198 1207,2197 1250,2197 1292,2196 1335,2196 1378,2195 1421,2194 1463,2194 1506,2193 1549,2192 1591,2192 1634,2191 1677,2190 1719,2189 1762,2188 1805,2188 1848,2187"/>
                <TextEquiv>
                    <Unicode>till en punkt vester om Svedenborgsgatan.</Unicode>
                </TextEquiv>
            </TextLine>
            <TextLine id="r2l111" custom="readingOrder {index:110;}">
                <Coords points="1865,2227 2013,2199 2182,2219 2312,2196 2535,2213 2535,2175 2402,2152 2356,2171 1864,2173"/>
                <Baseline points="1875,2204 1907,2205 1940,2205 1972,2205 2005,2205 2037,2204 2070,2203 2102,2202 2135,2201 2167,2200 2200,2198 2232,2197 2265,2196 2297,2195 2330,2194 2362,2193 2395,2193 2427,2193 2460,2193 2492,2194 2525,2195"/>
                <TextEquiv>
                    <Unicode>turlig, att äskädarnes medkänsia</Unicode>
                </TextEquiv>
            </TextLine>
            <TextLine id="r2l112" custom="readingOrder {index:111;}">
                <Coords points="990,2247 1845,2243 1860,2191 989,2207"/>
                <Baseline points="1000,2242 1042,2242 1085,2241 1127,2241 1170,2240 1212,2239 1255,2239 1297,2238 1340,2237 1382,2236 1425,2235 1468,2235 1510,2234 1553,2233 1595,2233 1638,2232 1680,2231 1723,2231 1765,2230 1808,2230 1851,2229"/>
                <TextEquiv>
                    <Unicode>Samtidigt skulle frägan om ny uppfartsväg</Unicode>
                </TextEquiv>
            </TextLine>
            <TextLine id="r2l113" custom="readingOrder {index:112;}">
                <Coords points="1869,2251 2505,2248 2527,2239 2526,2203 2269,2196 2179,2218 2087,2200 2067,2217 1868,2223"/>
                <Baseline points="1878,2246 1909,2246 1941,2245 1973,2244 2005,2244 2037,2243 2069,2242 2101,2241 2133,2240 2165,2240 2197,2239 2228,2238 2260,2237 2292,2237 2324,2236 2356,2236 2388,2235 2420,2235 2452,2235 2484,2234 2516,2234"/>
                <TextEquiv>
                    <Unicode>svagades. Men i öfrigt var, som</Unicode>
                </TextEquiv>
            </TextLine>
            <TextLine id="r2l114" custom="readingOrder {index:113;}">
                <Coords points="980,2296 1857,2278 1856,2240 1774,2233 980,2252"/>
                <Baseline points="990,2282 1032,2281 1075,2280 1118,2278 1161,2278 1204,2277 1247,2276 1289,2276 1332,2275 1375,2275 1418,2275 1461,2274 1504,2274 1547,2274 1589,2273 1632,2273 1675,2272 1718,2271 1761,2270 1804,2269 1847,2267"/>
                <TextEquiv>
                    <Unicode>till Söder lösas medelst en viadukt med sti¬</Unicode>
                </TextEquiv>
            </TextLine>
            <TextLine id="r2l115" custom="readingOrder {index:114;}">
                <Coords points="1870,2295 2319,2293 2339,2275 2534,2291 2549,2232 1869,2257"/>
                <Baseline points="1880,2284 1914,2284 1949,2283 1984,2283 2018,2282 2053,2282 2088,2281 2122,2281 2157,2280 2192,2280 2226,2279 2261,2279 2296,2278 2330,2278 2365,2278 2400,2277 2434,2277 2469,2277 2504,2277 2539,2277"/>
                <TextEquiv>
                    <Unicode>förandet pä alla händer värdigtde</Unicode>
                </TextEquiv>
            </TextLine>
            <TextLine id="r2l116" custom="readingOrder {index:115;}">
                <Coords points="989,2329 1849,2318 1861,2282 1088,2279 988,2307"/>
                <Baseline points="999,2326 1041,2324 1084,2323 1126,2321 1169,2320 1212,2319 1254,2318 1297,2317 1340,2316 1382,2316 1425,2315 1468,2314 1510,2314 1553,2314 1596,2313 1638,2313 1681,2312 1724,2311 1766,2311 1809,2310 1852,2310"/>
                <TextEquiv>
                    <Unicode>gande ramp ofvanpä jernvägsbron till öfre</Unicode>
                </TextEquiv>
            </TextLine>
            <TextLine id="r2l117" custom="readingOrder {index:116;}">
                <Coords points="1859,2330 2591,2329 2591,2289 2342,2274 2216,2300 2049,2280 1933,2297 1858,2274"/>
                <Baseline points="1869,2324 1904,2325 1940,2325 1975,2325 2011,2325 2047,2325 2082,2324 2118,2324 2153,2324 2189,2323 2225,2322 2260,2322 2296,2321 2331,2320 2367,2320 2403,2319 2438,2319 2474,2319 2509,2318 2545,2318 2581,2317"/>
                <TextEquiv>
                    <Unicode>liga stycke, utan tvifvel ett ardeim</Unicode>
                </TextEquiv>
            </TextLine>
            <TextLine id="r2l118" custom="readingOrder {index:117;}">
                <Coords points="981,2379 1860,2366 1859,2318 1782,2309 980,2331"/>
                <Baseline points="991,2365 1033,2363 1076,2362 1119,2361 1162,2360 1205,2359 1248,2358 1291,2358 1334,2358 1377,2358 1420,2357 1462,2357 1505,2357 1548,2356 1591,2356 1634,2355 1677,2354 1720,2353 1763,2351 1806,2349 1849,2347"/>
                <TextEquiv>
                    <Unicode>Ragvaldsgatan, hvilken senare tänktes betyd¬</Unicode>
                </TextEquiv>
            </TextLine>
            <TextLine id="r2l119" custom="readingOrder {index:118;}">
                <Coords points="1875,2376 2517,2362 2553,2380 2625,2363 2625,2329 1875,2334"/>
                <Baseline points="1886,2368 1922,2368 1959,2368 1995,2367 2032,2367 2068,2366 2105,2365 2141,2364 2178,2364 2214,2363 2251,2362 2287,2362 2324,2361 2360,2360 2397,2360 2433,2359 2470,2359 2506,2359 2543,2359 2579,2360 2616,2360"/>
                <TextEquiv>
                    <Unicode>taste och i psykologiskt hänseendemest</Unicode>
                </TextEquiv>
            </TextLine>
            <TextLine id="r2l120" custom="readingOrder {index:119;}">
                <Coords points="994,2402 1803,2410 1853,2403 1853,2361 994,2366"/>
                <Baseline points="1004,2404 1048,2403 1092,2402 1136,2401 1180,2400 1224,2399 1268,2399 1313,2398 1357,2398 1401,2397 1445,2397 1489,2396 1533,2396 1578,2395 1622,2395 1666,2394 1710,2393 1754,2391 1798,2390 1843,2388"/>
                <TextEquiv>
                    <Unicode>ligt utvidg.d. Männc ej jernvägsstyreisen</Unicode>
                </TextEquiv>
            </TextLine>
            <TextLine id="r2l121" custom="readingOrder {index:120;}">
                <Coords points="1877,2414 2499,2408 2529,2403 2528,2361 1876,2384"/>
                <Baseline points="1886,2408 1917,2408 1949,2409 1980,2409 2012,2409 2044,2408 2075,2408 2107,2408 2138,2407 2170,2406 2202,2405 2233,2404 2265,2404 2296,2403 2328,2403 2360,2402 2391,2401 2423,2401 2454,2401 2486,2401 2518,2401"/>
                <TextEquiv>
                    <Unicode>stäende, som pä senare tidenh</Unicode>
                </TextEquiv>
            </TextLine>
            <TextLine id="r2l122" custom="readingOrder {index:121;}">
                <Coords points="984,2454 1863,2452 1862,2401 1766,2394 1254,2418 983,2398"/>
                <Baseline points="993,2443 1036,2442 1079,2441 1122,2441 1165,2440 1208,2440 1251,2439 1294,2439 1337,2438 1380,2438 1423,2438 1466,2437 1509,2437 1552,2437 1595,2437 1638,2437 1681,2436 1724,2436 1767,2436 1810,2436 1853,2436"/>
                <TextEquiv>
                    <Unicode>hellre borde taga detta förslag i öfvervägan¬</Unicode>
                </TextEquiv>
            </TextLine>
            <TextLine id="r2l123" custom="readingOrder {index:122;}">
                <Coords points="1876,2465 2058,2447 2508,2456 2507,2407 2479,2398 2156,2420 2036,2403 1946,2428 1875,2413"/>
                <Baseline points="1885,2449 1915,2448 1946,2448 1976,2447 2007,2447 2038,2447 2068,2446 2099,2446 2129,2446 2160,2446 2191,2446 2221,2446 2252,2445 2282,2445 2313,2445 2344,2445 2374,2445 2405,2444 2435,2444 2466,2443 2497,2442"/>
                <TextEquiv>
                    <Unicode>Hr de Wahl blef i tillfälle att#</Unicode>
                </TextEquiv>
            </TextLine>
            <TextLine id="r2l124" custom="readingOrder {index:123;}">
                <Coords points="988,2504 1271,2480 1853,2499 1863,2452 988,2454"/>
                <Baseline points="999,2483 1041,2482 1084,2482 1127,2482 1169,2482 1212,2482 1255,2482 1297,2482 1340,2481 1383,2481 1426,2481 1468,2481 1511,2480 1554,2480 1596,2480 1639,2479 1682,2479 1724,2478 1767,2478 1810,2478 1853,2477"/>
                <TextEquiv>
                    <Unicode>de, efter sora den ändä är inne pä sframtids¬</Unicode>
                </TextEquiv>
            </TextLine>
            <TextLine id="r2l125" custom="readingOrder {index:124;}">
                <Coords points="1873,2501 1917,2496 1952,2518 2015,2489 2162,2505 2196,2489 2493,2487 2492,2451 2454,2445 2242,2464 2214,2446 1873,2457"/>
                <Baseline points="1884,2492 1913,2492 1943,2491 1973,2490 2003,2490 2033,2489 2063,2489 2093,2489 2123,2488 2153,2488 2183,2488 2212,2488 2242,2487 2272,2487 2302,2487 2332,2486 2362,2486 2392,2485 2422,2485 2452,2484 2482,2484"/>
                <TextEquiv>
                    <Unicode>sätt bevisa hvilken ofantlig nytt</Unicode>
                </TextEquiv>
            </TextLine>
            <TextLine id="r2l126" custom="readingOrder {index:125;}">
                <Coords points="989,2544 1029,2559 1187,2535 1226,2554 1290,2534 1396,2539 1450,2531 1449,2489 1350,2478 1331,2496 1270,2480 1252,2493 1017,2491 988,2506"/>
                <Baseline points="999,2531 1024,2530 1050,2530 1076,2529 1102,2528 1128,2527 1154,2526 1180,2526 1206,2524 1231,2523 1257,2523 1283,2522 1309,2521 1335,2520 1361,2520 1387,2520 1413,2520 1439,2520"/>
                <TextEquiv>
                    <Unicode>drömmarnes omräde?</Unicode>
                </TextEquiv>
            </TextLine>
            <TextLine id="r2l127" custom="readingOrder {index:126;}">
                <Coords points="1871,2538 2465,2535 2465,2498 2252,2488 2158,2510 2015,2489 1955,2516 1871,2503"/>
                <Baseline points="1881,2535 1909,2534 1938,2534 1967,2533 1996,2532 2024,2532 2053,2531 2082,2531 2111,2530 2139,2529 2168,2528 2197,2528 2226,2527 2254,2527 2283,2526 2312,2526 2341,2526 2369,2525 2398,2525 2427,2525 2456,2526"/>
                <TextEquiv>
                    <Unicode>sin utländska studiiresa och¬</Unicode>
                </TextEquiv>
            </TextLine>
            <TextLine id="r2l128" custom="readingOrder {index:127;}">
                <Coords points="1305,2587 1347,2596 1435,2588 1554,2598 1570,2582 1584,2584 1584,2528 1494,2517 1476,2531 1450,2522 1390,2540 1360,2527 1323,2543 1305,2535"/>
                <Baseline points="1315,2570 1340,2567 1366,2565 1392,2563 1418,2563 1444,2563 1470,2564 1496,2565 1522,2567 1548,2569 1574,2572"/>
                <TextEquiv>
                    <Unicode>K</Unicode>
                </TextEquiv>
            </TextLine>
            <TextLine id="r2l129" custom="readingOrder {index:128;}">
                <Coords points="1876,2581 1926,2594 2000,2570 2154,2567 2462,2581 2473,2531 1875,2540"/>
                <Baseline points="1885,2577 1913,2576 1942,2575 1971,2574 2000,2573 2029,2573 2058,2572 2087,2571 2116,2570 2145,2569 2174,2569 2202,2569 2231,2568 2260,2568 2289,2567 2318,2567 2347,2567 2376,2566 2405,2566 2434,2566 2463,2566"/>
                <TextEquiv>
                    <Unicode>ström hvilken intelligent, mäng</Unicode>
                </TextEquiv>
            </TextLine>
            <TextLine id="r2l130" custom="readingOrder {index:129;}">
                <Coords points="2373,2593 2389,2594 2398,2592 2400,2595 2438,2597 2439,2572 2413,2573 2400,2577 2391,2574 2387,2570 2375,2569"/>
                <Baseline points="2384,2589 2428,2591"/>
                <TextEquiv>
                    <Unicode></Unicode>
                </TextEquiv>
            </TextLine>
            <TextLine id="r2l131" custom="readingOrder {index:130;}">
                <Coords points="1878,2621 2254,2628 2341,2608 2418,2621 2438,2602 2508,2623 2538,2610 2537,2568 2397,2589 2363,2570 1877,2581"/>
                <Baseline points="1888,2615 1921,2615 1955,2614 1988,2614 2022,2614 2056,2613 2089,2612 2123,2612 2157,2611 2190,2610 2224,2609 2257,2609 2291,2608 2325,2607 2358,2606 2392,2605 2426,2605 2459,2605 2493,2604 2527,2604"/>
                <TextEquiv>
                    <Unicode>begäfvad skädespelerske#</Unicode>
                </TextEquiv>
            </TextLine>
            <TextLine id="r2l132" custom="readingOrder {index:131;}">
                <Coords points="1877,2672 1943,2655 2087,2671 2125,2654 2535,2655 2534,2613 2438,2602 2237,2627 1876,2623"/>
                <Baseline points="1886,2656 1919,2655 1953,2654 1986,2654 2020,2653 2054,2652 2087,2652 2121,2652 2155,2651 2188,2651 2222,2650 2255,2650 2289,2649 2323,2649 2356,2649 2390,2649 2424,2648 2457,2648 2491,2648 2525,2648"/>
                <TextEquiv>
                    <Unicode>ir. Hr Byströms spel var bäd</Unicode>
                </TextEquiv>
            </TextLine>
            <TextLine id="r2l133" custom="readingOrder {index:132;}">
                <Coords points="1871,2702 2529,2695 2528,2651 2508,2649 2456,2666 1944,2656 1871,2674"/>
                <Baseline points="1881,2697 1912,2698 1944,2698 1976,2698 2008,2698 2040,2698 2072,2698 2104,2697 2136,2696 2168,2696 2200,2694 2231,2694 2263,2693 2295,2692 2327,2691 2359,2691 2391,2690 2423,2690 2455,2690 2487,2690 2519,2691"/>
                <TextEquiv>
                    <Unicode>stiskt och väl genomtänkt, och</Unicode>
                </TextEquiv>
            </TextLine>
            <TextLine id="r2l134" custom="readingOrder {index:133;}">
                <Coords points="1146,2725 1202,2711 1311,2727 1361,2705 1692,2721 1712,2701 1748,2709 1748,2605 1610,2621 1582,2603 1503,2645 1429,2627 1313,2659 1146,2631"/>
                <Baseline points="1157,2705 1186,2704 1215,2704 1244,2705 1273,2705 1302,2705 1331,2705 1360,2705 1389,2706 1418,2706 1448,2706 1477,2706 1506,2706 1535,2706 1564,2706 1593,2706 1622,2705 1651,2705 1680,2705 1709,2704 1739,2703"/>
                <TextEquiv>
                    <Unicode>Tealer och Musik.</Unicode>
                </TextEquiv>
            </TextLine>
            <TextLine id="r2l135" custom="readingOrder {index:134;}">
                <Coords points="1867,2734 1932,2753 2501,2741 2534,2767 2573,2738 2654,2763 2633,2693 1867,2698"/>
                <Baseline points="1877,2745 1915,2744 1953,2743 1991,2742 2030,2740 2068,2739 2106,2738 2145,2736 2183,2735 2221,2734 2260,2733 2298,2732 2336,2732 2374,2732 2413,2732 2451,2732 2489,2732 2528,2733 2566,2734 2604,2736 2643,2738"/>
                <TextEquiv>
                    <Unicode>ypperligt g-nomförde gamle Weiire</Unicode>
                </TextEquiv>
            </TextLine>
            <TextLine id="r2l136" custom="readingOrder {index:135;}">
                <Coords points="1252,2760 1345,2790 1385,2776 1433,2789 1495,2775 1523,2795 1634,2780 1633,2740 1565,2714 1521,2724 1483,2709 1425,2723 1386,2713 1252,2732"/>
                <Baseline points="1262,2767 1287,2768 1313,2769 1339,2770 1365,2770 1391,2770 1417,2770 1443,2769 1468,2769 1494,2768 1520,2768 1546,2767 1572,2767 1598,2767 1624,2767"/>
                <TextEquiv>
                    <Unicode>Vasateatern</Unicode>
                </TextEquiv>
            </TextLine>
            <TextLine id="r2l137" custom="readingOrder {index:136;}">
                <Coords points="1865,2780 1914,2797 1951,2779 2162,2793 2437,2775 2437,2741 2390,2736 1993,2742 1957,2761 1865,2736"/>
                <Baseline points="1876,2780 1903,2779 1931,2778 1958,2778 1986,2778 2013,2777 2041,2777 2068,2777 2096,2777 2123,2777 2151,2777 2179,2777 2206,2777 2234,2777 2261,2776 2289,2776 2316,2775 2344,2774 2371,2773 2399,2772 2427,2770"/>
                <TextEquiv>
                    <Unicode>här ofvan gifvit erkännande.</Unicode>
                </TextEquiv>
            </TextLine>
            <TextLine id="r2l138" custom="readingOrder {index:137;}">
                <Coords points="1899,2828 2545,2828 2651,2815 2651,2779 2513,2752 2400,2789 1899,2788"/>
                <Baseline points="1909,2817 1945,2818 1982,2818 2018,2819 2055,2819 2092,2819 2128,2819 2165,2819 2202,2818 2238,2818 2275,2818 2312,2817 2348,2817 2385,2816 2422,2816 2458,2815 2495,2815 2532,2815 2568,2815 2605,2814 2642,2815"/>
                <TextEquiv>
                    <Unicode>Det var, in summa, en i hög grad</Unicode>
                </TextEquiv>
            </TextLine>
            <TextLine id="r2l139" custom="readingOrder {index:138;}">
                <Coords points="984,2850 1870,2838 1870,2774 1089,2803 983,2778"/>
                <Baseline points="993,2835 1036,2834 1079,2833 1123,2832 1166,2831 1210,2831 1253,2830 1296,2830 1340,2829 1383,2829 1427,2829 1470,2828 1513,2828 1557,2828 1600,2827 1644,2827 1687,2826 1730,2826 1774,2825 1817,2824 1861,2822"/>
                <TextEquiv>
                    <Unicode>har under de#t# spelär icke haft att uppvisa</Unicode>
                </TextEquiv>
            </TextLine>
            <TextLine id="r2l140" custom="readingOrder {index:139;}">
                <Coords points="1881,2873 2693,2861 2725,2854 2725,2816 1880,2833"/>
                <Baseline points="1891,2861 1932,2861 1973,2861 2014,2861 2055,2860 2097,2860 2138,2860 2179,2860 2220,2859 2261,2859 2303,2859 2344,2858 2385,2858 2426,2857 2467,2856 2509,2856 2550,2854 2591,2854 2632,2852 2673,2851 2715,2849"/>
                <TextEquiv>
                    <Unicode>ningsrik afton gärdagens, en minnesvärd</Unicode>
                </TextEquiv>
            </TextLine>
            <TextLine id="r2l141" custom="readingOrder {index:140;}">
                <Coords points="993,2881 1818,2881 1862,2867 1862,2831 993,2839"/>
                <Baseline points="1004,2874 1046,2873 1088,2873 1131,2873 1173,2872 1216,2872 1258,2872 1300,2872 1343,2872 1385,2871 1428,2871 1470,2871 1512,2871 1555,2870 1597,2870 1640,2869 1682,2869 1724,2868 1767,2868 1809,2867 1852,2866"/>
                <TextEquiv>
                    <Unicode>en intressanten première in gärdagens, oaf¬</Unicode>
                </TextEquiv>
            </TextLine>
            <TextLine id="r2l142" custom="readingOrder {index:141;}">
                <Coords points="1887,2907 2659,2891 2746,2916 2745,2854 2667,2847 1887,2871"/>
                <Baseline points="1898,2902 1939,2902 1981,2902 2023,2902 2065,2902 2107,2901 2149,2901 2191,2901 2233,2900 2275,2900 2317,2899 2358,2899 2400,2898 2442,2897 2484,2897 2526,2896 2568,2895 2610,2894 2652,2893 2694,2893 2736,2892"/>
                <TextEquiv>
                    <Unicode>ton, som endast hade en mörk pur# den</Unicode>
                </TextEquiv>
            </TextLine>
            <TextLine id="r2l143" custom="readingOrder {index:142;}">
                <Coords points="990,2923 1865,2915 1852,2867 990,2887"/>
                <Baseline points="1001,2915 1043,2915 1086,2914 1129,2914 1171,2914 1214,2913 1257,2913 1299,2913 1342,2913 1385,2912 1428,2912 1470,2911 1513,2911 1556,2910 1598,2910 1641,2909 1684,2908 1726,2907 1769,2906 1812,2905 1855,2903"/>
                <TextEquiv>
                    <Unicode>sedt att den #####emligt försonade hvad -Gref¬</Unicode>
                </TextEquiv>
            </TextLine>
            <TextLine id="r2l144" custom="readingOrder {index:143;}">
                <Coords points="1875,2944 2457,2958 2622,2930 2740,2960 2709,2896 2523,2883 1875,2912"/>
                <Baseline points="1885,2942 1927,2942 1969,2941 2011,2941 2054,2941 2096,2940 2138,2940 2180,2939 2223,2938 2265,2938 2307,2937 2349,2936 2392,2936 2434,2935 2476,2935 2518,2934 2561,2934 2603,2934 2645,2934 2687,2934 2730,2935"/>
                <TextEquiv>
                    <Unicode>#llmänna enrhumeringen hos publiken, builk2</Unicode>
                </TextEquiv>
            </TextLine>
            <TextLine id="r2l145" custom="readingOrder {index:144;}">
                <Coords points="1001,2942 1086,2967 1864,2950 1863,2912 1765,2906 1310,2935 1001,2916"/>
                <Baseline points="1012,2952 1054,2952 1096,2953 1138,2953 1180,2953 1222,2953 1264,2953 1306,2953 1348,2953 1390,2952 1432,2952 1474,2951 1516,2951 1558,2950 1600,2949 1642,2949 1684,2948 1726,2947 1768,2946 1810,2946 1853,2945"/>
                <TextEquiv>
                    <Unicode>vinnan Fr## under sin lyekligtvis korta</Unicode>
                </TextEquiv>
            </TextLine>
            <TextLine id="r2l146" custom="readingOrder {index:145;}">
                <Coords points="1885,2986 2730,2976 2729,2946 2623,2931 2457,2958 1885,2948"/>
                <Baseline points="1895,2980 1936,2979 1977,2979 2018,2979 2059,2978 2101,2978 2142,2978 2183,2977 2224,2977 2265,2977 2307,2977 2348,2976 2389,2976 2430,2976 2471,2976 2513,2975 2554,2975 2595,2975 2636,2974 2677,2974 2719,2973"/>
                <TextEquiv>
                    <Unicode>harklade och bostade nästan utan uefchalt</Unicode>
                </TextEquiv>
            </TextLine>
            <TextLine id="r2l147" custom="readingOrder {index:146;}">
                <Coords points="999,3006 1864,2998 1864,2950 1224,2970 999,2940"/>
                <Baseline points="1009,2993 1051,2992 1093,2992 1135,2992 1178,2992 1220,2991 1262,2991 1304,2991 1347,2990 1389,2990 1431,2990 1473,2989 1516,2989 1558,2988 1600,2988 1642,2988 1685,2987 1727,2986 1769,2986 1811,2985 1854,2984"/>
                <TextEquiv>
                    <Unicode>tillvars hann att bryta. Ty de taflor, som i</Unicode>
                </TextEquiv>
            </TextLine>
            <TextLine id="r2l148" custom="readingOrder {index:147;}">
                <Coords points="1885,3027 2731,3029 2763,2985 1885,2987"/>
                <Baseline points="1894,3019 1937,3019 1980,3020 2023,3020 2066,3020 2109,3020 2152,3019 2195,3019 2238,3018 2281,3018 2324,3017 2367,3017 2410,3017 2453,3017 2496,3016 2539,3017 2582,3017 2625,3017 2668,3019 2711,3020 2754,3021"/>
                <TextEquiv>
                    <Unicode>kanske endast med undantag für den ofven</Unicode>
                </TextEquiv>
            </TextLine>
            <TextLine id="r2l149" custom="readingOrder {index:148;}">
                <Coords points="992,3057 1393,3025 1802,3050 1860,3039 1860,2995 991,3012"/>
                <Baseline points="1001,3037 1043,3037 1086,3036 1128,3035 1171,3035 1213,3034 1256,3033 1298,3033 1341,3032 1383,3031 1426,3031 1468,3030 1511,3029 1553,3029 1596,3028 1638,3028 1681,3028 1723,3027 1766,3027 1808,3027 1851,3027"/>
                <TextEquiv>
                    <Unicode>gär passerade förbi vära ögon, voro icke upp¬</Unicode>
                </TextEquiv>
            </TextLine>
            <TextLine id="r2l150" custom="readingOrder {index:149;}">
                <Coords points="1878,3071 2738,3072 2720,3020 2544,3010 1878,3029"/>
                <Baseline points="1888,3061 1930,3061 1972,3060 2014,3060 2056,3060 2098,3060 2140,3060 2182,3060 2224,3060 2266,3060 2308,3060 2350,3060 2392,3060 2434,3060 2476,3060 2518,3060 2560,3060 2602,3060 2644,3059 2686,3059 2728,3059"/>
                <TextEquiv>
                    <Unicode>beskrifna, verkningsfulla uppgörelsescenen</Unicode>
                </TextEquiv>
            </TextLine>
            <TextLine id="r2l151" custom="readingOrder {index:150;}">
                <Coords points="992,3100 1106,3076 1247,3093 1271,3070 1869,3078 1868,3042 1762,3031 992,3052"/>
                <Baseline points="1002,3081 1044,3079 1087,3078 1130,3077 1173,3076 1216,3075 1259,3074 1301,3073 1344,3073 1387,3072 1430,3072 1473,3071 1516,3071 1559,3070 1601,3070 1644,3070 1687,3069 1730,3069 1773,3068 1816,3068 1859,3067"/>
                <TextEquiv>
                    <Unicode>konstrücrnde 1 fantasien utan hemtade ur</Unicode>
                </TextEquiv>
            </TextLine>
            <TextLine id="r2l152" custom="readingOrder {index:151;}">
                <Coords points="1877,3113 1897,3111 1915,3123 1929,3109 1989,3116 2060,3106 2092,3117 2126,3103 2176,3101 2176,3081 2096,3058 2058,3072 2036,3064 1996,3076 1972,3065 1942,3079 1906,3065 1877,3073"/>
                <Baseline points="1888,3102 1913,3101 1938,3101 1963,3101 1989,3102 2014,3102 2039,3103 2064,3103 2090,3104 2115,3103 2140,3103 2166,3101"/>
                <TextEquiv>
                    <Unicode>första akten.</Unicode>
                </TextEquiv>
            </TextLine>
            <TextLine id="r2l153" custom="readingOrder {index:152;}">
                <Coords points="998,3112 1126,3142 1194,3115 1822,3123 1860,3114 1860,3074 997,3086"/>
                <Baseline points="1008,3118 1050,3118 1092,3118 1134,3118 1176,3118 1218,3118 1260,3117 1303,3117 1345,3116 1387,3116 1429,3115 1471,3114 1513,3113 1555,3112 1598,3112 1640,3111 1682,3110 1724,3108 1766,3107 1808,3106 1851,3105"/>
                <TextEquiv>
                    <Unicode>verkligheten unkring oss, inga mannekiner</Unicode>
                </TextEquiv>
            </TextLine>
            <TextLine id="r2l154" custom="readingOrder {index:153;}">
                <Coords points="1905,3161 2698,3155 2740,3133 2740,3095 2515,3084 2435,3110 2268,3083 2230,3107 1905,3117"/>
                <Baseline points="1915,3143 1955,3143 1996,3144 2037,3144 2077,3144 2118,3144 2159,3144 2199,3144 2240,3144 2281,3143 2322,3143 2362,3143 2403,3142 2444,3142 2484,3142 2525,3141 2566,3141 2606,3141 2647,3140 2688,3140 2729,3139"/>
                <TextEquiv>
                    <Unicode>Men bland dem, som bidragit till astadkim¬</Unicode>
                </TextEquiv>
            </TextLine>
            <TextLine id="r2l155" custom="readingOrder {index:154;}">
                <Coords points="998,3158 1875,3164 1874,3114 1172,3118 1126,3143 997,3112"/>
                <Baseline points="1008,3158 1050,3159 1093,3158 1136,3158 1179,3158 1222,3157 1264,3157 1307,3156 1350,3156 1393,3155 1436,3154 1478,3154 1521,3153 1564,3153 1607,3152 1650,3152 1692,3152 1735,3152 1778,3152 1821,3152 1864,3152"/>
                <TextEquiv>
                    <Unicode>utan #####nde varelser af kött och blod, med</Unicode>
                </TextEquiv>
            </TextLine>
            <TextLine id="r2l156" custom="readingOrder {index:155;}">
                <Coords points="1884,3203 2099,3181 2737,3199 2736,3153 2658,3143 1884,3151"/>
                <Baseline points="1893,3186 1934,3186 1976,3186 2018,3186 2059,3186 2101,3186 2143,3186 2184,3186 2226,3186 2268,3186 2310,3186 2351,3185 2393,3185 2435,3185 2476,3184 2518,3183 2560,3182 2601,3181 2643,3179 2685,3177 2727,3175"/>
                <TextEquiv>
                    <Unicode>mandet af denna Vasateaterns moner</Unicode>
                </TextEquiv>
            </TextLine>
            <TextLine id="r2l157" custom="readingOrder {index:156;}">
                <Coords points="1001,3206 1872,3220 1871,3164 1841,3153 1358,3180 1298,3156 1001,3163"/>
                <Baseline points="1012,3202 1054,3201 1097,3200 1139,3199 1182,3199 1224,3198 1267,3197 1309,3197 1352,3197 1394,3196 1437,3196 1479,3196 1522,3195 1564,3195 1607,3195 1649,3194 1692,3194 1734,3193 1777,3193 1819,3192 1862,3191"/>
                <TextEquiv>
                    <Unicode>Sudande künslor och dallrande nerver, hade</Unicode>
                </TextEquiv>
            </TextLine>
            <TextLine id="r2l158" custom="readingOrder {index:157;}">
                <Coords points="1871,3237 2418,3219 2619,3237 2625,3188 2163,3205 2093,3184 2063,3206 2043,3187 1908,3199 1870,3175"/>
                <Baseline points="1881,3230 1917,3230 1954,3231 1991,3231 2027,3231 2064,3231 2101,3231 2137,3230 2174,3230 2211,3229 2248,3229 2284,3228 2321,3227 2358,3226 2394,3226 2431,3225 2468,3224 2504,3223 2541,3222 2578,3222 2615,3221"/>
                <TextEquiv>
                    <Unicode>ställning, ber till sist icke glömmas K</Unicode>
                </TextEquiv>
            </TextLine>
            <TextLine id="r2l159" custom="readingOrder {index:158;}">
                <Coords points="985,3265 1254,3238 1577,3249 1635,3236 1635,3212 1528,3195 985,3218"/>
                <Baseline points="996,3240 1027,3241 1058,3241 1090,3241 1121,3241 1153,3241 1184,3241 1216,3241 1247,3241 1279,3240 1310,3240 1341,3240 1373,3239 1404,3239 1436,3238 1467,3238 1499,3237 1530,3237 1562,3236 1593,3235 1625,3235"/>
                <TextEquiv>
                    <Unicode>stätt motialt für #rurerna deri.</Unicode>
                </TextEquiv>
            </TextLine>
            <TextLine id="r2l160" custom="readingOrder {index:159;}">
                <Coords points="1883,3278 2708,3268 2707,3224 2643,3219 1883,3243"/>
                <Baseline points="1893,3268 1933,3268 1973,3268 2013,3268 2053,3268 2094,3267 2134,3267 2174,3267 2214,3266 2254,3266 2295,3266 2335,3265 2375,3265 2415,3264 2455,3264 2496,3264 2536,3263 2576,3263 2616,3262 2656,3262 2697,3261"/>
                <TextEquiv>
                    <Unicode>rald Molander, hvars insigtsfullhet och öfve</Unicode>
                </TextEquiv>
            </TextLine>
            <TextLine id="r2l161" custom="readingOrder {index:160;}">
                <Coords points="1031,3291 1627,3275 1717,3300 1861,3281 1861,3235 1116,3238 1030,3263"/>
                <Baseline points="1041,3285 1081,3285 1122,3285 1162,3284 1203,3284 1243,3284 1284,3283 1324,3282 1365,3282 1405,3281 1446,3280 1486,3279 1527,3278 1567,3278 1608,3277 1648,3276 1689,3275 1729,3275 1770,3274 1810,3273 1851,3273"/>
                <TextEquiv>
                    <Unicode>E#estningen inleddes med „Trots alltl</Unicode>
                </TextEquiv>
            </TextLine>
            <TextLine id="r2l162" custom="readingOrder {index:161;}">
                <Coords points="1889,3321 2623,3318 2622,3277 2576,3266 1888,3277"/>
                <Baseline points="1898,3315 1933,3314 1969,3313 2005,3311 2040,3311 2076,3310 2112,3309 2147,3308 2183,3308 2219,3307 2255,3307 2290,3306 2326,3306 2362,3306 2397,3306 2433,3305 2469,3305 2504,3305 2540,3305 2576,3305 2612,3305"/>
                <TextEquiv>
                    <Unicode>lägsenhet i iscensättning och regie km</Unicode>
                </TextEquiv>
            </TextLine>
            <TextLine id="r2l163" custom="readingOrder {index:162;}">
                <Coords points="999,3342 1866,3320 1847,3279 999,3296"/>
                <Baseline points="1009,3327 1051,3326 1093,3325 1135,3324 1178,3323 1220,3323 1262,3322 1305,3322 1347,3321 1389,3321 1432,3320 1474,3320 1516,3320 1558,3320 1601,3319 1643,3319 1685,3318 1728,3318 1770,3318 1812,3317 1855,3316"/>
                <TextEquiv>
                    <Unicode>svenskt original 1 akt af Allan Berg. Grund¬</Unicode>
                </TextEquiv>
            </TextLine>
            <TextLine id="r2l164" custom="readingOrder {index:163;}">
                <Coords points="1880,3385 2165,3351 2243,3380 2492,3374 2602,3344 2630,3362 2678,3347 2678,3315 1879,3329"/>
                <Baseline points="1889,3352 1928,3353 1967,3354 2006,3355 2045,3355 2084,3355 2123,3354 2162,3354 2201,3353 2240,3352 2279,3351 2318,3350 2357,3349 2396,3348 2435,3348 2474,3347 2513,3346 2552,3346 2591,3345 2630,3345 2669,3345"/>
                <TextEquiv>
                    <Unicode>nägonsin gjort sig mera gällande i an gär</Unicode>
                </TextEquiv>
            </TextLine>
            <TextLine id="r2l165" custom="readingOrder {index:164;}">
                <Coords points="1000,3380 1883,3360 1882,3316 1000,3330"/>
                <Baseline points="1011,3368 1054,3367 1097,3366 1140,3365 1183,3364 1226,3364 1269,3363 1312,3363 1355,3362 1398,3362 1442,3362 1485,3362 1528,3361 1571,3361 1614,3361 1657,3360 1700,3360 1743,3359 1786,3358 1829,3357 1873,3356"/>
                <TextEquiv>
                    <Unicode>motivet i denn sa känsligt och varmt teck¬</Unicode>
                </TextEquiv>
            </TextLine>
            <TextLine id="r2l166" custom="readingOrder {index:165;}">
                <Coords points="2656,3397 2686,3393 2712,3415 2718,3413 2722,3417 2737,3407 2751,3409 2751,3360 2739,3360 2724,3346 2716,3350 2712,3348 2694,3360 2678,3348 2656,3348"/>
                <Baseline points="2667,3388 2704,3391 2741,3388"/>
                <TextEquiv>
                    <Unicode>8</Unicode>
                </TextEquiv>
            </TextLine>
            <TextLine id="r2l167" custom="readingOrder {index:166;}">
                <Coords points="1000,3404 1588,3426 1861,3411 1883,3360 1000,3380"/>
                <Baseline points="1011,3409 1054,3408 1097,3406 1140,3406 1183,3405 1226,3404 1269,3403 1312,3403 1355,3403 1398,3402 1442,3402 1485,3402 1528,3402 1571,3401 1614,3401 1657,3401 1700,3400 1743,3399 1786,3399 1829,3398 1873,3397"/>
                <TextEquiv>
                    <Unicode>nade bild un #ret erinrar i nägon män om</Unicode>
                </TextEquiv>
            </TextLine>
            <TextLine id="r2l168" custom="readingOrder {index:167;}">
                <Coords points="2493,3436 2535,3435 2554,3424 2625,3433 2657,3426 2652,3356 2634,3360 2601,3346 2559,3351 2553,3357 2529,3351 2521,3360 2487,3362"/>
                <Baseline points="2502,3412 2530,3408 2558,3406 2587,3405 2615,3403 2644,3400"/>
                <TextEquiv>
                    <Unicode></Unicode>
                </TextEquiv>
            </TextLine>
            <TextLine id="r2l169" custom="readingOrder {index:168;}">
                <Coords points="997,3459 1867,3449 1883,3406 1327,3425 996,3405"/>
                <Baseline points="1006,3448 1049,3447 1092,3446 1136,3446 1179,3445 1222,3444 1266,3444 1309,3444 1352,3443 1396,3443 1439,3442 1482,3442 1526,3441 1569,3441 1612,3440 1656,3440 1699,3439 1742,3439 1786,3438 1829,3437 1873,3436"/>
                <TextEquiv>
                    <Unicode>Edeari ##ne Ett besökz. I det svenska</Unicode>
                </TextEquiv>
            </TextLine>
            <TextLine id="r2l170" custom="readingOrder {index:169;}">
                <Coords points="1007,3495 1857,3494 1883,3454 1006,3459"/>
                <Baseline points="1017,3487 1059,3487 1102,3487 1145,3487 1188,3487 1231,3486 1273,3486 1316,3486 1359,3486 1402,3486 1445,3485 1487,3485 1530,3485 1573,3484 1616,3484 1659,3483 1701,3482 1744,3481 1787,3480 1830,3478 1873,3477"/>
                <TextEquiv>
                    <Unicode>styeket ür det en ung man, som, strots alltz,</Unicode>
                </TextEquiv>
            </TextLine>
            <TextLine id="r2l171" custom="readingOrder {index:170;}">
                <Coords points="1921,3488 1974,3507 2192,3480 2267,3499 2638,3484 2637,3426 2427,3459 2370,3440 1921,3444"/>
                <Baseline points="1932,3489 1966,3489 2001,3488 2036,3488 2071,3487 2106,3486 2140,3486 2175,3485 2210,3485 2245,3484 2280,3484 2314,3483 2349,3483 2384,3482 2419,3482 2454,3481 2488,3481 2523,3481 2558,3480 2593,3480 2628,3480"/>
                <TextEquiv>
                    <Unicode>Operan gifver i dag ingen föreställnin</Unicode>
                </TextEquiv>
            </TextLine>
            <TextLine id="r2l172" custom="readingOrder {index:171;}">
                <Coords points="1897,3510 1907,3515 1916,3513 1929,3517 1932,3516 1934,3520 1937,3519 1946,3523 1964,3488 1955,3483 1950,3485 1949,3482 1946,3483 1930,3475 1927,3476 1925,3472 1917,3469"/>
                <Baseline points="1918,3488 1946,3502"/>
                <TextEquiv>
                    <Unicode>7</Unicode>
                </TextEquiv>
            </TextLine>
            <TextLine id="r2l173" custom="readingOrder {index:172;}">
                <Coords points="1002,3529 1877,3527 1876,3495 1770,3480 1002,3507"/>
                <Baseline points="1012,3530 1054,3529 1097,3529 1140,3528 1183,3528 1225,3528 1268,3528 1311,3528 1354,3528 1396,3527 1439,3527 1482,3527 1525,3526 1567,3526 1610,3525 1653,3524 1696,3523 1738,3522 1781,3520 1824,3519 1867,3516"/>
                <TextEquiv>
                    <Unicode>tar in übta en ung gvinna, som für honom</Unicode>
                </TextEquiv>
            </TextLine>
            <TextLine id="r2l174" custom="readingOrder {index:173;}">
                <Coords points="1914,3539 2193,3550 2319,3521 2628,3544 2628,3496 2544,3486 1914,3497"/>
                <Baseline points="1923,3528 1957,3528 1992,3529 2027,3529 2062,3529 2096,3529 2131,3529 2166,3529 2201,3529 2235,3529 2270,3529 2305,3529 2340,3528 2374,3528 2409,3528 2444,3528 2479,3527 2513,3526 2548,3526 2583,3525 2618,3524"/>
                <TextEquiv>
                    <Unicode>1 morgon uppfères Kronjuvelerun</Unicode>
                </TextEquiv>
            </TextLine>
            <TextLine id="r2l175" custom="readingOrder {index:174;}">
                <Coords points="998,3596 1132,3567 1708,3586 1848,3573 1872,3526 997,3542"/>
                <Baseline points="1007,3572 1049,3570 1092,3569 1135,3568 1178,3567 1221,3567 1263,3566 1306,3566 1349,3566 1392,3566 1435,3566 1477,3566 1520,3565 1563,3565 1606,3565 1649,3565 1691,3564 1734,3563 1777,3563 1820,3561 1863,3560"/>
                <TextEquiv>
                    <Unicode>öppet bekünner, att hon efter en yster ma¬</Unicode>
                </TextEquiv>
            </TextLine>
            <TextLine id="r2l176" custom="readingOrder {index:175;}">
                <Coords points="1883,3594 2326,3573 2567,3587 2566,3533 2544,3527 2444,3547 2311,3523 2197,3555 2151,3536 1882,3540"/>
                <Baseline points="1893,3580 1926,3580 1959,3580 1992,3580 2025,3580 2058,3580 2091,3580 2125,3579 2158,3578 2191,3578 2224,3577 2257,3576 2290,3576 2323,3575 2357,3574 2390,3574 2423,3573 2456,3572 2489,3572 2522,3572 2556,3571"/>
                <TextEquiv>
                    <Unicode>fröken Petrini och hr Odmann 1C</Unicode>
                </TextEquiv>
            </TextLine>
            <TextLine id="r2l177" custom="readingOrder {index:176;}">
                <Coords points="1009,3613 1807,3618 1869,3611 1869,3563 1008,3587"/>
                <Baseline points="1018,3612 1060,3611 1102,3610 1144,3609 1186,3609 1228,3608 1270,3608 1312,3608 1354,3608 1396,3608 1439,3608 1481,3609 1523,3609 1565,3608 1607,3608 1649,3608 1691,3607 1733,3606 1775,3605 1817,3604 1860,3602"/>
                <TextEquiv>
                    <Unicode>skeradnatt berätt ett felsteg, men i likhet</Unicode>
                </TextEquiv>
            </TextLine>
            <TextLine id="r2l178" custom="readingOrder {index:177;}">
                <Coords points="1885,3635 2483,3630 2537,3621 2537,3585 1885,3591"/>
                <Baseline points="1894,3622 1925,3621 1957,3621 1988,3621 2020,3621 2052,3620 2083,3620 2115,3620 2146,3620 2178,3620 2210,3619 2241,3619 2273,3619 2304,3619 2336,3618 2368,3618 2399,3618 2431,3617 2462,3616 2494,3615 2526,3614"/>
                <TextEquiv>
                    <Unicode>och don Henrik Sandovals partie</Unicode>
                </TextEquiv>
            </TextLine>
            <TextLine id="r2l179" custom="readingOrder {index:178;}">
                <Coords points="1014,3652 1167,3675 1279,3653 1819,3659 1867,3655 1867,3612 1014,3624"/>
                <Baseline points="1024,3650 1065,3649 1107,3648 1148,3648 1190,3647 1232,3646 1273,3646 1315,3646 1357,3645 1398,3645 1440,3645 1482,3645 1523,3644 1565,3644 1607,3644 1648,3644 1690,3644 1732,3644 1773,3644 1815,3643 1857,3643"/>
                <TextEquiv>
                    <Unicode>med Florizel blott ett enda, under det att i det</Unicode>
                </TextEquiv>
            </TextLine>
            <TextLine id="r2l180" custom="readingOrder {index:179;}">
                <Coords points="1878,3669 2484,3671 2536,3661 2536,3629 1878,3631"/>
                <Baseline points="1889,3661 1920,3661 1952,3661 1984,3660 2016,3660 2048,3659 2080,3659 2111,3658 2143,3658 2175,3657 2207,3657 2239,3656 2271,3656 2303,3655 2334,3655 2366,3655 2398,3655 2430,3655 2462,3656 2494,3657 2526,3657"/>
                <TextEquiv>
                    <Unicode>sell har i sista stund mäst öfverta</Unicode>
                </TextEquiv>
            </TextLine>
            <TextLine id="r2l181" custom="readingOrder {index:180;}">
                <Coords points="1008,3695 2557,3700 2527,3660 1008,3651"/>
                <Baseline points="1017,3695 1093,3692 1170,3690 1246,3689 1323,3688 1399,3688 1476,3689 1552,3689 1629,3690 1705,3692 1782,3693 1858,3695 1935,3696 2011,3698 2088,3699 2164,3700 2241,3701 2317,3701 2394,3701 2470,3701 2547,3699"/>
                <TextEquiv>
                    <Unicode>dansk ger bekant, den äkta mannen mot-Ibastians parti och öfriga partier äte</Unicode>
                </TextEquiv>
            </TextLine>
            <TextLine id="r2l182" custom="readingOrder {index:181;}">
                <Coords points="1014,3749 2511,3779 2637,3764 2638,3702 1015,3693"/>
                <Baseline points="1024,3741 1104,3736 1184,3733 1264,3731 1344,3730 1425,3730 1505,3730 1585,3731 1665,3732 1745,3734 1826,3736 1906,3738 1986,3740 2066,3742 2146,3743 2227,3745 2307,3745 2387,3745 2467,3744 2547,3742 2628,3739"/>
                <TextEquiv>
                    <Unicode>tager denna bekänneise först ester det hanf grögen Frödin samt hrr Brag, Seller</Unicode>
                </TextEquiv>
            </TextLine>
            <TextLine id="r2l183" custom="readingOrder {index:182;}">
                <Coords points="2670,3763 2680,3762 2686,3757 2692,3758 2699,3764 2712,3754 2714,3756 2726,3740 2736,3739 2731,3703 2721,3704 2718,3707 2713,3703 2706,3706 2701,3703 2699,3705 2693,3700 2686,3709 2675,3704 2663,3706"/>
                <Baseline points="2678,3740 2726,3734"/>
                <TextEquiv>
                    <Unicode>ren</Unicode>
                </TextEquiv>
            </TextLine>
            <TextLine id="r2l184" custom="readingOrder {index:183;}">
                <Coords points="2561,3799 2579,3801 2585,3795 2599,3795 2613,3783 2623,3789 2639,3782 2645,3786 2655,3786 2655,3752 2629,3746 2621,3754 2597,3753 2591,3759 2587,3757 2573,3765 2561,3765"/>
                <Baseline points="2570,3790 2595,3788 2620,3787 2646,3790"/>
                <TextEquiv>
                    <Unicode></Unicode>
                </TextEquiv>
            </TextLine>
            <TextLine id="r2l185" custom="readingOrder {index:184;}">
                <Coords points="1132,3960 1142,3960 1154,3965 1156,3963 1161,3969 1169,3970 1177,3978 1187,3979 1190,3935 1180,3934 1178,3936 1158,3921 1150,3923 1146,3920 1134,3920"/>
                <Baseline points="1142,3955 1178,3957"/>
                <TextEquiv>
                    <Unicode></Unicode>
                </TextEquiv>
            </TextLine>
            <TextLine id="r2l186" custom="readingOrder {index:185;}">
                <Coords points="1193,3976 1361,4003 1718,3972 1989,4015 2148,3989 2150,3847 2003,3864 1828,3787 1674,3875 1384,3822 1327,3842 1258,3804 1195,3825"/>
                <Baseline points="1203,3974 1249,3973 1296,3973 1343,3973 1390,3974 1436,3975 1483,3976 1530,3978 1577,3980 1623,3982 1670,3983 1717,3985 1764,3986 1810,3987 1857,3988 1904,3988 1951,3987 1997,3986 2044,3984 2091,3981 2138,3977"/>
                <TextEquiv>
                    <Unicode>ULR</Unicode>
                </TextEquiv>
            </TextLine>
            <TextLine id="r2l187" custom="readingOrder {index:186;}">
                <Coords points="1162,4023 1172,4022 1179,4027 1181,4024 1185,4024 1188,4021 1196,4020 1189,3974 1179,3976 1168,3970 1166,3972 1164,3970 1154,3972"/>
                <Baseline points="1170,4012 1184,4010"/>
                <TextEquiv>
                    <Unicode>□5</Unicode>
                </TextEquiv>
            </TextLine>
            <TextLine id="r2l188" custom="readingOrder {index:187;}">
                <Coords points="2030,4062 2046,4063 2056,4053 2064,4053 2072,4059 2080,4051 2094,4057 2106,4047 2118,4053 2130,4053 2130,4017 2120,4017 2114,4011 2080,4013 2060,3995 2052,3994 2048,3998 2044,3994 2030,3994"/>
                <Baseline points="2039,4042 2066,4042 2093,4041 2121,4044"/>
                <TextEquiv>
                    <Unicode>S</Unicode>
                </TextEquiv>
            </TextLine>
            <TextEquiv>
                <Unicode> 
 
Christine, naturligtvis utan att med ett ord
vara föremäl för behandling inom styrelsen
j
eller en min antyda den hemska sanningen,
och refereras af Sv. D. pä följande sätt:
och der áskädliggöras i nägra alldeles öfver¬
Frän Tomteboda station drages en bana ned till
4
lägset skrifna scener bäde det, strots alltz,#
Mälaren och vidare öfver en bro till Essingen, yt¬
terligare öfver denna ö samt slutligen öfver ännn
skära och qvinligt ljufva i Christines karak-
en bro till södra landet för att sedan ledas fram
ter, hennes öfversvallande ömhet lika väl som
a
till Elfsjö station.
det ännu oförderfvade hos Fritz, hans kärlek
Den sälunda öppnade linien skulle användas ute¬
till Christine, men ocksä haus ruelse öfver
slutande för godstrafiken, medan för persontrafiken
det förflutna och hans dystra aningar für MorP
allt jemt användes den nuvarande sammanbind¬
gondagen.
singsbanan.
Och dessa ha i den sista akten, dä ytter'
De svärigheter som reste sig mot denna plans
ligare tvä dagar förflutit, ty värr gätt i full¬-
realiserande för decennier sedan förefinnas ännu.
am de ock i betydlig män reducerats. Terrängen
bordan. Fritz har stupat i duellen och ärf.
mellan Tomteboda och Mälarstranden är synnerli¬
till och med redan jordad. Den gamle W.
gen svär för en jernvägsanläggning. Sà kommer
ring, för hvilken Christine under dessar
brobyggnaden emellan denna strand och Essingen,
tans dagar tillstätt allt och som — ett fint;
men denna är dock ett lekverk mot brobyggnaden
och rörande drag i denna af författaren mär1
1
mellan Essingen och söora stranden, der för sjö¬
sterligt tecknade och af skädespelaren lika
fartens skull bron skulle höja sina hvalf 100 fot
8
mästerligt ätergifna karakter — i stället för
5/der vattenytan, sä att fartyg skulle kunna obe¬
förebräelse, môter henne med kärlek och öf¬“
hindradt passera under de samma.
verseende, har ute i staden erfarit allt, men
Man für emellertid ej glömma att de tekniska
hielpkällorna utomofdentligt utvecklats, hvarjemte
förmär ej att bringa den kära dottern döds¬
materialet, särskildt för brobyggnaderna, blifvit
posten.
cerhördt mycket billigare. Det har gätt sä längt
Sà komma Theodor och Mizzi, sorgsna,
att ju knappast nägon mera tänker pä träbroar.
nedslagna, och sanningen mäste fram. Den
De fina vinkeljernen c. e. v. ha sä sjunkit i pris.
förfärande udden i denna sanning, ast namli#l
att de knappast betinga högre pris än sjelfva det
gen hennes älskling stupat i en duell
simpla jerngodset, och detta betingar nu ett sä lägt
annans skull, är nära att förkrossa den Stac¬
pris, att träbjelkarne ej längre kunna konkurrera
med jernbjelkarne. En sak som ej heller fär för
kars Christine. Men sä reser hon sig plöts¬
bises är att stränderna genom sin rätt betydande
ligt. Hon vill till hans kallnade stoft. Hanj
höjd betydligt minska svärigheterna.
hvilar redan i jordens sköto. Dä vill hontill
Ja, derom räder intet tvifvel att planen är
hans graf, zhon är ju hans enkal, Hon stör¬
lika utförbar som kostbar. För ingeniörskon¬
tar ut. Theodor och Mizzi skynda efter henne,
Men skola de lyckas att heida henne fränuts
sten i vära dagar är den omnämda brobygg¬
förandet af det förtviflade beslut, som hennes
naden och hvad dertill hör en relativt lätt
stackars gamle fader förutsätter, dä han bit¬
uppgift, förutsatt att jernvägsstyrelsen kan
uppbringa de derför erforderliga millionerna
bert grätande sjunker pä knä, under det han
och göra dem rentabla. Eljest torde det i
förtviflad utbrister: „Hon kommer aldrigigen,
detta sammanhang erinras em ett annat sam¬
Ihon kommer aldrig igenl. Vi. fä e veta, men
väga knappast hoppas det! Ridän faller, och
manbinduingsförslag som säg dagen för sex
är sedan i ett planschwerk, föreställande hurn
det dröjer en stund, innan de urps###
Stockholm kunde se ut vom hundra ärz,
askädarne komma sig fer attm
1 fall utgifvaren, som kallade sig E. N.
appläder, ihällande bravorop ocl
Antilithander, finge realiserad sin deri upp-inropningar ge sina, känslör lst
tecknade rframtidsdrömz. Antilithanders plan
fall till känna.
gick ut pä en förkortning af den nuvarande
Hyliningen gälde rättvisligenten
sammanbindningsbanan genom att draga den
trädande, men dock i främsta rum
frän Riddarholmen och pä en utfylining utan¬
Gottschalk, som i sitt äterg#
för Mälartorget rakt pá Ragvaldsgatan och i
stines roll rent af förvänade gen
en ny tunnel under denna och Maria kyrka
sä varmt och sä innerligt, endi
till en punkt vester om Svedenborgsgatan.
turlig, att äskädarnes medkänsia
Samtidigt skulle frägan om ny uppfartsväg
svagades. Men i öfrigt var, som
till Söder lösas medelst en viadukt med sti¬
förandet pä alla händer värdigtde
gande ramp ofvanpä jernvägsbron till öfre
liga stycke, utan tvifvel ett ardeim
Ragvaldsgatan, hvilken senare tänktes betyd¬
taste och i psykologiskt hänseendemest
ligt utvidg.d. Männc ej jernvägsstyreisen
stäende, som pä senare tidenh
hellre borde taga detta förslag i öfvervägan¬
Hr de Wahl blef i tillfälle att#
de, efter sora den ändä är inne pä sframtids¬
sätt bevisa hvilken ofantlig nytt
drömmarnes omräde?
sin utländska studiiresa och¬
K
ström hvilken intelligent, mäng

begäfvad skädespelerske#
ir. Hr Byströms spel var bäd
stiskt och väl genomtänkt, och
Tealer och Musik.
ypperligt g-nomförde gamle Weiire
Vasateatern
här ofvan gifvit erkännande.
Det var, in summa, en i hög grad
har under de#t# spelär icke haft att uppvisa
ningsrik afton gärdagens, en minnesvärd
en intressanten première in gärdagens, oaf¬
ton, som endast hade en mörk pur# den
sedt att den #####emligt försonade hvad -Gref¬
#llmänna enrhumeringen hos publiken, builk2
vinnan Fr## under sin lyekligtvis korta
harklade och bostade nästan utan uefchalt
tillvars hann att bryta. Ty de taflor, som i
kanske endast med undantag für den ofven
gär passerade förbi vära ögon, voro icke upp¬
beskrifna, verkningsfulla uppgörelsescenen
konstrücrnde 1 fantasien utan hemtade ur
första akten.
verkligheten unkring oss, inga mannekiner
Men bland dem, som bidragit till astadkim¬
utan #####nde varelser af kött och blod, med
mandet af denna Vasateaterns moner
Sudande künslor och dallrande nerver, hade
ställning, ber till sist icke glömmas K
stätt motialt für #rurerna deri.
rald Molander, hvars insigtsfullhet och öfve
E#estningen inleddes med „Trots alltl
lägsenhet i iscensättning och regie km
svenskt original 1 akt af Allan Berg. Grund¬
nägonsin gjort sig mera gällande i an gär
motivet i denn sa känsligt och varmt teck¬
8
nade bild un #ret erinrar i nägon män om

Edeari ##ne Ett besökz. I det svenska
styeket ür det en ung man, som, strots alltz,
Operan gifver i dag ingen föreställnin
7
tar in übta en ung gvinna, som für honom
1 morgon uppfères Kronjuvelerun
öppet bekünner, att hon efter en yster ma¬
fröken Petrini och hr Odmann 1C
skeradnatt berätt ett felsteg, men i likhet
och don Henrik Sandovals partie
med Florizel blott ett enda, under det att i det
sell har i sista stund mäst öfverta
dansk ger bekant, den äkta mannen mot-Ibastians parti och öfriga partier äte
tager denna bekänneise först ester det hanf grögen Frödin samt hrr Brag, Seller
ren


ULR
□5
S</Unicode>
            </TextEquiv>
        </TextRegion>
    </Page>
</PcGts>
