3436 4224
403 149 774 219 Liebelei
237 122 1356 268 5 box 11/1
765 849 1087 939 Telephon
409 944 1473 1027 Alex. Welgl’s Unternehmen für Zeitungs-aus¬
1401 977 1623 1055 Ausschnitt
1334 1035 1373 1072 900
453 1036 657 1132 105
1441 1042 1701 1131 Nr. 11
647 1017 1321 1162 „OBSERVER“
294 1133 1731 1224 L. österr. behördl. conc. Bureau für Zeitungsberichte u. Personalnachrichten
514 1180 1532 1289 Wien, IX/1, Türkenstrasse 17.
696 1274 1347 1355 — Filiale in Budapest: „Figyelö“ -
302 1313 1740 1434 Vertretungen in Berlin, Chicago, Genf, London, Newyork, Paris, Rom, Stockholm.
304 1484 836 1583 Ausschnitt aus:
1007 1506 1667 1637 Breslauer Zeitung
914 1561 1004 1657 2
308 1575 924 1719 vort 11/ 1770
840 2049 1291 2146 Breslau, 14. März.
448 2065 1696 2216 —1g— Lobe=Theater. „Liebelei“ und das „Abschieds¬
662 2135 1703 2241 : Pragödie des „süßen Mädels“, das den Unter¬
403 2195 640 2263 souper“.
417 2173 1700 2312 strömungen des Lebens zum Opfer fällt, während draußen eine Wiener
416 2217 1702 2353 Mainacht traurig=süß durch die Gassen zieht, löst in uns seltsam:
400 2279 1698 2413 Stimmungen aus; Stimmungen, die jedem einmal eine bewegte Stunde
344 2321 1707 2458 Fü erzeugt hat, und die doch so traumhaft nachklingen. Und das süße Mädel
429 2371 1708 2495 ist, so jung auch sein Platz in der modernen Litteratur ist, ein Typus,
432 2427 1715 2538 der in unserem Vorstellungskreis bereits eine feste Gestalt angenommen
428 2457 1720 2604 hat. Ein sentimentales, sein empfindendes Kind, das von der Groß¬
429 2522 1716 2650 stadt nicht viel mehr kennt, als die vielen Dächer unter dem Fenster, an
1724 2590 1788 2648 en
347 2578 1705 2695 Ab dem sie arbeitet und mit Lust und Schmerz an ihr Glück denkt. Ein
432 2615 1740 2750 zarter Mensch, voller Liebe und Wehmuth. Ein solches süßes Mädel
352 2692 439 2750 Ab
440 2671 1726 2782 sollte Frau Hansi Niese in der Christine darstellen. Das liebe süße
357 2726 1800 2851 Inz Gesichterl war dazu da, aber sonst nicht viel mehr. Die Leistung warjle
1731 2758 1798 2849 #
445 2763 1724 2882 in allen Linien ein wenig vergröbert; sie war zu reif, zu frauenhaft,
1740 2837 1800 2878 de
454 2820 1726 2943 und in der oft zu starken Unterstreichung der Affekte war sie kein zartes,
455 2881 1802 2995 süßes Mädchen. Wunderbar war ihr verhaltenes Weinen. Im „Ab=r¬
372 2897 453 2981 1
455 2909 1750 3043 schiedssouper“ würde Frau Niese, so glaubte man, mehr am Platze
369 2973 446 3028 the
451 2962 1749 3089 sein. Auch hier wurde man ein wenig enttäuscht. Annie ist eine
453 3009 1733 3129 elegante Simili=Mondäne, die, abgesehen von ihrem gespannten Ver¬
449 3061 1764 3168 hältniß zu sämmtlichen Fremdwörtern, wenigstens ein gewisses!
453 3086 1759 3232 savoir vivre besitzt, das sie sich in ihrer Separépraxis wohl erworben
454 3161 1805 3263 haben kann. Der gestrigen Annie konnte man nicht glauben, daß sie diesen,
447 3208 1777 3318 differenzirten Anatol je hat fesseln können. In Erscheinung und Organ1g
451 3247 1803 3376 war viel von einem Mädel aus den „entern“ Gründen, im Ganzen aber 5
439 3335 1753 3463 ein fescher Ne#. den das Publikum sich sehr vergnügte. — Die!
466 3330 1795 3516 Herren Schlaghammer und Marx boten diskrete, feinabgetönte:
462 3501 729 3583 Leistungen.
1937 99 3149 194 Alex. Weigl’s Unternehmen für Zeitungs-Ausschnitte
2928 177 3152 250 Ausschnitt
2149 198 2871 317 „OBSERYER“
2973 233 3169 326 Nr. 9
1811 320 3236 393 I. österr. behördl. conc. Bureau für Zeitungsberichte u. Personalnachrichten
2035 361 3046 445 Wien, IX/1, Türkenstrasse 17.
2219 438 2857 511 Filiale in Budapest: „Figyeló“ —
1816 491 3249 574 Vertretungen in Berlin, Chicago, Genf, London, Newyork, Paris, Rom, Stockholm.
1807 624 2339 716 Ausschnitt aus:
2144 697 3214 855 (#/17 Schesische Zeiterd, Brisie
1814 760 2139 856 vom: /3
2352 1111 2711 1200 Lobetheater.
2454 1161 2865 1246 „Abschiedssouper.“
2180 1194 2460 1258 „Liebelei.“ —
2078 1233 2964 1291 Fünftes Gastspiel von Frau Hansi Niese.
1938 1243 3171 1340 Die Bühnenschicksale der beiden Schnitzler'schen Stücke in Breslau
1878 1297 3173 1402 sind sehr verschiedenartig ausgefallen. Während wir von der so heiter ein¬
1872 1358 3191 1448 setzenden und tragisch endenden „Liebelei“ früher eine ganz vorzügliche,
1884 1383 3182 1490 von der übermüthig lustigen Scene „Abschiedssouper“ aus dem Anatol¬
1887 1432 3195 1533 Cyklus eine ganz ungenügende Aufführung erhielten, hat sich das Verhältniß
1804 1474 3196 1579 Fü zwischen beiden Stücken diesmal umgekehrt. Die im letzten Berichte aus¬
1886 1513 3196 1620 gesprochene Hoffnung, unser Gast werde als Christine wie als Annie den
1845 1583 1887 1633 „
1888 1553 3190 1657 ihrer Darstellung beider Rollen vorausgehenden Ruf rechtfertigen, ist nur
1834 1624 1884 1676 „
1885 1607 3202 1694 bezüglich der letzteren in Erfüllung gegangen. Frau Niese's Vorführung
1826 1667 1878 1719 9
1887 1641 3211 1742 der mit ebenso gutem Appetite wie Verliebtheit ausgestatteten Balleteuse
1902 1683 3211 1777 Annie, die Anatol's Wunsch nach einer Trennung durch Eingeständniß
1892 1734 3210 1829 ihres neuen Verhältnisses zuvorkommt, war eine Prachtleistung, welche für
1795 1770 1885 1825 Ab
1908 1770 3209 1874 die vorangehende dreiactige Langewei e eine etwas kurze, doch in der kurzen
1791 1816 1897 1873 Abo
1901 1811 3212 1918 Scene intensive Entschädigung gewäl te. Wie man die „Liebelei“ in ihrer
1901 1866 3209 1963 schleppend farblosen Darstellung gar nicht wieder als dasselbe Stück er¬
1912 1906 3213 2004 kannte, das einstens im mustergültigen Zusammenspiel der Herren Höfer und
1802 1933 1905 1993 Inha
1910 1939 3218 2040 Lettinger, Frl. Jurberg und Frau Sorma mit unwiderstehlicher Heiterkeit
1800 1982 1905 2040 blä
1797 2020 1915 2069 wodu
1797 1987 3220 2100 Leber und wehmüthiger Theilnahme auf uns wirkte, so mußte man auch gestehen,
1801 2034 3221 2145 theilu daß wir das „Abschiedssouper“ erst jetzt in seiner übersprudelnden, etwas frechen
1920 2071 3224 2170 Laune kennen ge##t haben. Zwar wurde Frau Niese auch in dem Einacter
1923 2135 3233 2211 von den Mitspielenden nicht sonderlich unterstützt. Den klugen Freund Max
1920 2158 3226 2265 denkt man sich bei Zusammenfassung der fünf von den sieben Anatolscenen,
1918 2196 3233 2313 in denen er mitspielt*), doch etwas anders als den bloßen Lebemann, wie
1928 2231 3257 2357 ihn Herr Marx darstellte. Herr Schlaghammer machte seine Sache recht
1917 2288 3236 2407 gut, aber der Schnitzler'sche Anatol, der liebenswürdige, leichtsinnige wiener
1928 2320 3240 2439 Don Juan der Gegenwart mit dem halbärztlichen Einschlage des psychologi¬
1917 2373 3238 2495 schen Beobachters von Typen süßer Mädels und dämonischer Frauen war
1921 2408 3248 2521 auch er nicht. Wie solche pikante Scenen im Chambre separée auch an den
1934 2460 3248 2560 Darsteller der kleinen Kellnerrolle Anforderungen stellen, hat uns ehemals
1938 2525 3240 2607 im Lobetheater der unvergeßliche Max Löwe als dienstbeflissener Kellner im
1927 2545 3241 2645 letzten Acte der „Cyprienne“ gezeigt. Din schwerfälligen Herrn Kurzbuch
1941 2593 3254 2712 mit dieser Aufgabe zu betrauen, heißt die Erfordernisse des pikanten Ein¬
1944 2635 3248 2733 acters verkennen. Aber so sehr das „Abschiedssouper“ durch glückliche Be¬
1944 2679 3256 2792 setzung der drei männlichen Rollen noch gewinnen kann, die Entscheidung
1945 2720 3257 2833 über seinen Eindruck liegt doch bei der Darstellung der Annie, und die kann
1938 2769 3259 2873 man sich nicht eindrucksvoller gespielt denken, als es durch Frau Hansi Niese
1950 2816 3261 2911 geschah. Die urwüchsige Genußfreude und geradezu naive Unbefangenheit,
1946 2850 3261 2946 welche den Gedanken an einen moralischen Maßstab der Dinge gar nicht
1944 2889 3266 2997 zu fassen vermag, ist bei der Niese'schen Annie so voll von prächtigstem
1951 2939 3270 3040 Humor durchtränkt, daß niemand so leicht diesem Zauber widerstehen kann.
1955 3007 3280 3086 Die derbe Frechheit der Balleteuse weiß Frau Niese ebenso natürlich und
1960 3022 3275 3117 lustig zum Ausdruck zu bringen wie die derbe Treuherzigkeit von Raimund's
1964 3085 2890 3168 kreuzbraver, aber frauenzimmerlich kleinlicher Rosel.
2044 3095 3276 3207 Seltsam erscheint es, daß eine Natur und Kunst so reizend vereinende
1961 3150 3269 3237 Darstellerin über die Grenzen ihrer Fähigkeit sich dermaßen täuschen kann,
1963 3190 3274 3282 daß sie die ernste träumerische Christine unter ihre Gastspielrollen aufnimmt.
1964 3227 3289 3345 Frau Niese würde die resolute Mizi Schlager, die leichtfertige Modistin
1971 3266 3286 3381 a. D., in deren Rolle jetzt Fräulein Konrad zwar ihre Vorgängerin
1979 3321 3285 3431 (Frl. Jurberg) keineswegs zu ersetzen vermochte, doch mit großem Fleiße
1967 3365 3280 3471 eine sehr anerkennenswerthe, gute Leistung bot, etwas derber, aber mit
1977 3405 3280 3512 starker humoristischer Wirkung spielen. Für die Verkörperung der Christine
1985 3451 3281 3558 fehlen ihr alle Voraussetzungen. Schon durch die erzwungene Dämpfung
1975 3480 3294 3592 und in die Höhe Pressung ihres tiefen Organs bekommt ihre Christine
1986 3539 3287 3638 etwas Erzwungenes, Unfreies. Ihre äußere Erscheinung und, was wir
1992 3576 3290 3682 über die jugendliche Christine hören, stehen mit einander in Widerspruch.
2109 3640 3290 3734 )Max tritt außer in der im Lobetheater bereits gespielten „Frage an
1998 3694 3294 3783 das Schicksal“ noch auf in „Episode", „Agonie", „Anatols Hochzeits¬
1997 3719 3288 3817 morgen". Anatol und seine jeweilige Geliebte allein finden wir in den
2920 3756 3294 3815 Arthur Schnitzler's
2003 3771 2865 3870 „Weihnachtseinkäufen“ und in den „Denksteinen“.
2008 3793 3297 3894 „Anatol“ illustrirt von W. Coschell. Erste bis dritte Auflage. Berlin,
1996 3872 2467 3939 S. Fisch## Verlag. 1901.
1989 3884 3286 3982 Frau Niese verfügt durch ungewöhnlich frohe Geberlaune der Natur!
1978 3948 3287 4032 über so viel, sie hat durch reife Kunst dies ihr verliehene Talent er¬
1982 3977 3283 4079 freulichst ausgebildet, daß sie wahrlich nicht nöthig hätte, ihre Eigenart
1988 4020 3289 4108 zu unterdrücken, um Rollen zu spielen, für welche sie die nöthige
2886 4061 3284 4116 Echter, kerngesunder
2656 4088 2716 4143 K
