<?xml version="1.0" encoding="UTF-8" standalone="yes"?>
<PcGts xmlns="http://schema.primaresearch.org/PAGE/gts/pagecontent/2013-07-15" xmlns:xsi="http://www.w3.org/2001/XMLSchema-instance" xsi:schemaLocation="http://schema.primaresearch.org/PAGE/gts/pagecontent/2013-07-15 http://schema.primaresearch.org/PAGE/gts/pagecontent/2013-07-15/pagecontent.xsd">
    <Metadata>
        <Creator>prov=University of Rostock/Institute of Mathematics/CITlab/Gundram Leifert/gundram.leifert@uni-rostock.de:name=ONB_Newseye_GT_M1+(htr_id=10810)::::v=2.4.2
prov=University of Rostock/Institute of Mathematics/CITlab/Tobias Gruening/tobias.gruening@uni-rostock.de:name=de.uros.citlab.module.baseline2polygon.B2PSeamMultiOriented:v=2.4.2
prov=University of Rostock/Institute of Mathematics/CITlab/Tobias Gruening/tobias.gruening@uni-rostock.de:name=/mnt/transkribus/LA/DEA/URO/LA_news_onb_att.pb:de.uros.citlab.segmentation.CITlab_LA_ML:v=2.4.2
Transkribus</Creator>
        <Created>2019-10-07T11:48:49.753+02:00</Created>
        <LastChange>2019-10-08T23:15:52.757+02:00</LastChange>
        <TranskribusMetadata docId="223992" pageId="9506544" pageNr="92" tsid="16614726" status="IN_PROGRESS" userId="40391" imgUrl="https://files.transkribus.eu/Get?id=YHZNFPTHZYDJQCLSPKXHRLCW&amp;fileType=view" xmlUrl="https://files.transkribus.eu/Get?id=PQZFFHIKPBHZIEVOGFIZGEXN" imageId="6196565"/>
    </Metadata>
    <Page imageFilename="223992_0092.jpeg" imageWidth="3436" imageHeight="4352">
        <ReadingOrder>
            <OrderedGroup id="ro_1711445661143" caption="Regions reading order">
                <RegionRefIndexed index="0" regionRef="r1"/>
            </OrderedGroup>
        </ReadingOrder>
        <TextRegion orientation="0.0" id="r1" custom="readingOrder {index:0;}">
            <Coords points="205,239 205,3989 2822,3989 2822,239"/>
            <TextLine id="r1l1" custom="readingOrder {index:0;}">
                <Coords points="363,272 697,277 696,207 668,219 627,202 601,217 580,208 534,217 510,197 470,218 441,204 415,213 400,199 362,208"/>
                <Baseline points="377,269 402,268 427,267 453,266 478,266 504,265 529,265 554,265 580,265 605,265 631,265 656,265 682,264"/>
                <TextEquiv>
                    <Unicode>Liebele</Unicode>
                </TextEquiv>
            </TextLine>
            <TextLine id="r1l2" custom="readingOrder {index:1;}">
                <Coords points="191,306 1327,305 1326,203 1268,180 566,268 435,263 350,183 190,190"/>
                <Baseline points="205,259 260,269 315,276 370,282 426,287 481,289 536,291 592,291 647,291 702,289 758,287 813,285 868,282 923,279 979,276 1034,273 1089,272 1145,271 1200,270 1255,271 1311,273"/>
                <TextEquiv>
                    <Unicode>5. L#1 box 10/1</Unicode>
                </TextEquiv>
            </TextLine>
            <TextLine id="r1l3" custom="readingOrder {index:2;}">
                <Coords points="1379,801 1403,799 1420,813 1475,813 1475,674 1437,679 1403,706 1379,709"/>
                <Baseline points="1395,795 1428,796 1461,795"/>
                <TextEquiv>
                    <Unicode>G</Unicode>
                </TextEquiv>
            </TextLine>
            <TextLine id="r1l4" custom="readingOrder {index:3;}">
                <Coords points="1392,903 1433,898 1459,910 1485,914 1497,908 1502,914 1520,915 1522,825 1473,829 1441,823 1420,837 1394,836"/>
                <Baseline points="1408,901 1440,900 1473,899 1506,905"/>
                <TextEquiv>
                    <Unicode>C</Unicode>
                </TextEquiv>
            </TextLine>
            <TextLine id="r1l5" custom="readingOrder {index:4;}">
                <Coords points="1012,953 1050,960 1081,984 1087,978 1093,984 1113,984 1152,965 1181,963 1182,908 1162,907 1148,895 1139,901 1133,895 1124,898 1107,885 1095,885 1084,896 1014,898"/>
                <Baseline points="1028,959 1055,961 1083,962 1110,962 1138,963 1166,963"/>
                <TextEquiv>
                    <Unicode></Unicode>
                </TextEquiv>
            </TextLine>
            <TextLine id="r1l6" custom="readingOrder {index:5;}">
                <Coords points="1487,981 1501,984 1515,975 1520,979 1533,971 1548,971 1562,962 1569,970 1584,973 1601,896 1570,889 1536,908 1522,890 1508,887"/>
                <Baseline points="1507,956 1538,961 1569,970"/>
                <TextEquiv>
                    <Unicode>„N</Unicode>
                </TextEquiv>
            </TextLine>
            <TextLine id="r1l7" custom="readingOrder {index:6;}">
                <Coords points="1628,945 1691,988 1788,950 1825,980 1948,957 2063,998 2136,977 2309,1006 2523,957 2528,788 2416,747 2249,783 2197,758 2100,805 1951,739 1761,766 1635,730"/>
                <Baseline points="1642,951 1685,952 1728,954 1772,955 1815,957 1858,958 1902,960 1945,961 1988,963 2032,964 2075,965 2118,966 2162,968 2205,969 2248,969 2292,971 2335,972 2378,973 2422,974 2465,975 2509,976"/>
                <TextEquiv>
                    <Unicode>Lagazi</Unicode>
                </TextEquiv>
            </TextLine>
            <TextLine id="r1l8" custom="readingOrder {index:7;}">
                <Coords points="2564,978 2582,978 2596,993 2613,990 2628,1002 2657,983 2715,992 2717,911 2673,919 2656,910 2635,921 2606,915 2586,897 2566,902"/>
                <Baseline points="2579,968 2609,972 2640,973 2671,973 2702,971"/>
                <TextEquiv>
                    <Unicode></Unicode>
                </TextEquiv>
            </TextLine>
            <TextLine id="r1l9" custom="readingOrder {index:8;}">
                <Coords points="619,1028 669,1047 698,1031 716,1045 774,1050 811,1028 840,1036 860,1027 881,1044 907,1043 904,930 829,943 814,932 740,990 693,947 655,960 634,943 617,947"/>
                <Baseline points="634,1013 659,1017 685,1020 711,1020 737,1020 763,1019 788,1017 814,1015 840,1012 866,1012 892,1011"/>
                <TextEquiv>
                    <Unicode>□.2</Unicode>
                </TextEquiv>
            </TextLine>
            <TextLine id="r1l10" custom="readingOrder {index:9;}">
                <Coords points="1362,1012 1473,1048 1523,1036 1546,1050 1621,1049 1662,1025 1688,1051 1766,1036 1766,984 1690,987 1646,944 1597,988 1551,972 1490,987 1449,953 1411,965 1394,950 1362,965"/>
                <Baseline points="1377,1006 1403,1012 1430,1017 1457,1020 1483,1022 1510,1024 1537,1024 1564,1023 1590,1021 1617,1020 1644,1018 1670,1015 1697,1013 1724,1010 1751,1007"/>
                <TextEquiv>
                    <Unicode>Ges%</Unicode>
                </TextEquiv>
            </TextLine>
            <TextLine id="r1l11" custom="readingOrder {index:10;}">
                <Coords points="1912,1029 1944,1034 1969,1056 1989,1051 2000,1064 2027,1051 2038,1057 2059,1056 2063,992 2042,996 2022,986 2016,992 1980,966 1950,979 1916,971"/>
                <Baseline points="1927,1038 1956,1034 1986,1036 2016,1040 2046,1043"/>
                <TextEquiv>
                    <Unicode>6</Unicode>
                </TextEquiv>
            </TextLine>
            <TextLine id="r1l12" custom="readingOrder {index:11;}">
                <Coords points="942,1106 1244,1156 2289,1142 2252,1072 1953,1043 943,1069"/>
                <Baseline points="956,1105 1022,1112 1088,1118 1154,1123 1220,1126 1286,1128 1352,1129 1418,1130 1484,1130 1550,1130 1616,1129 1682,1128 1748,1127 1814,1126 1880,1126 1946,1126 2012,1126 2078,1127 2144,1129 2210,1132 2276,1136"/>
                <TextEquiv>
                    <Unicode>— für Litteratur. —</Unicode>
                </TextEquiv>
            </TextLine>
            <TextLine id="r1l13" custom="readingOrder {index:12;}">
                <Coords points="527,1191 582,1212 660,1192 698,1201 721,1186 750,1204 777,1187 855,1193 872,1190 873,1135 809,1143 713,1108 646,1116 635,1107 609,1107 550,1139 527,1133"/>
                <Baseline points="542,1175 568,1176 594,1176 620,1177 647,1177 673,1177 699,1178 725,1178 752,1178 778,1178 804,1177 830,1177 857,1178"/>
                <TextEquiv>
                    <Unicode>1832 begründet</Unicode>
                </TextEquiv>
            </TextLine>
            <TextLine id="r1l14" custom="readingOrder {index:13;}">
                <Coords points="1086,1181 1277,1218 1513,1190 2177,1216 2216,1149 1086,1126"/>
                <Baseline points="1099,1186 1154,1186 1209,1187 1264,1187 1319,1187 1374,1188 1429,1188 1484,1189 1539,1189 1594,1189 1649,1190 1704,1190 1759,1191 1814,1191 1869,1192 1924,1192 1979,1193 2034,1193 2089,1193 2144,1193 2200,1194"/>
                <TextEquiv>
                    <Unicode>Herausgegeben von Otto Neumann=Hofer.</Unicode>
                </TextEquiv>
            </TextLine>
            <TextLine id="r1l15" custom="readingOrder {index:14;}">
                <Coords points="2488,1192 2546,1197 2558,1209 2572,1198 2621,1208 2642,1194 2674,1207 2749,1206 2751,1154 2702,1155 2690,1146 2681,1155 2620,1150 2600,1158 2560,1124 2531,1132 2491,1116"/>
                <Baseline points="2504,1187 2529,1188 2555,1189 2581,1191 2607,1191 2632,1192 2658,1193 2684,1194 2710,1194 2736,1194"/>
                <TextEquiv>
                    <Unicode>Verlag von</Unicode>
                </TextEquiv>
            </TextLine>
            <TextLine id="r1l16" custom="readingOrder {index:15;}">
                <Coords points="622,1233 639,1232 645,1226 663,1236 674,1230 680,1235 695,1232 701,1237 752,1226 750,1185 721,1187 699,1200 672,1189 664,1196 661,1193 638,1203 620,1204"/>
                <Baseline points="635,1229 661,1226 687,1225 713,1224 739,1223"/>
                <TextEquiv>
                    <Unicode>von</Unicode>
                </TextEquiv>
            </TextLine>
            <TextLine id="r1l17" custom="readingOrder {index:16;}">
                <Coords points="995,1245 2293,1252 2293,1194 995,1198"/>
                <Baseline points="1009,1244 1072,1243 1135,1242 1199,1242 1262,1242 1326,1242 1389,1243 1453,1243 1516,1244 1580,1245 1643,1246 1706,1246 1770,1247 1833,1248 1897,1249 1960,1249 2024,1250 2087,1250 2151,1250 2214,1250 2278,1249"/>
                <TextEquiv>
                    <Unicode>Redaktion: Berlin=Eharlottenburg II, Carmerstraße 10.</Unicode>
                </TextEquiv>
            </TextLine>
            <TextLine id="r1l18" custom="readingOrder {index:17;}">
                <Coords points="2278,1253 2385,1234 2458,1265 2591,1246 2618,1263 2806,1254 2805,1187 2767,1170 2692,1206 2556,1208 2486,1180 2405,1214 2277,1181"/>
                <Baseline points="2292,1257 2317,1255 2342,1253 2367,1252 2392,1251 2417,1250 2442,1249 2467,1248 2492,1248 2517,1247 2542,1247 2567,1246 2592,1246 2617,1246 2642,1246 2667,1246 2692,1247 2717,1247 2742,1248 2767,1248 2792,1249"/>
                <TextEquiv>
                    <Unicode>Conrad Skopnik</Unicode>
                </TextEquiv>
            </TextLine>
            <TextLine id="r1l19" custom="readingOrder {index:18;}">
                <Coords points="486,1304 658,1280 762,1285 791,1303 861,1284 962,1294 983,1289 984,1239 928,1256 902,1235 862,1249 798,1222 641,1239 595,1210 566,1232 487,1219"/>
                <Baseline points="500,1271 526,1273 552,1274 578,1275 604,1276 630,1276 656,1276 682,1276 708,1276 734,1277 760,1277 786,1277 812,1277 838,1277 864,1278 890,1279 916,1280 942,1282 968,1284"/>
                <TextEquiv>
                    <Unicode>Joseph Lehmann.</Unicode>
                </TextEquiv>
            </TextLine>
            <TextLine id="r1l20" custom="readingOrder {index:19;}">
                <Coords points="2488,1303 2538,1298 2575,1316 2601,1305 2613,1314 2651,1308 2671,1323 2709,1298 2732,1301 2733,1254 2710,1254 2701,1263 2663,1253 2620,1262 2599,1244 2585,1252 2489,1254"/>
                <Baseline points="2503,1293 2530,1291 2557,1290 2584,1291 2611,1292 2638,1292 2665,1293 2692,1294 2719,1293"/>
                <TextEquiv>
                    <Unicode> in Berlin.</Unicode>
                </TextEquiv>
            </TextLine>
            <TextLine id="r1l21" custom="readingOrder {index:20;}">
                <Coords points="1132,1305 2166,1309 2137,1256 1133,1259"/>
                <Baseline points="1146,1291 1196,1291 1246,1291 1296,1291 1347,1291 1397,1291 1447,1291 1498,1292 1548,1293 1598,1293 1649,1294 1699,1294 1749,1295 1799,1296 1850,1296 1900,1297 1950,1297 2001,1298 2051,1298 2101,1298 2152,1298"/>
                <TextEquiv>
                    <Unicode>Expedition: Berlin NV., Dorotheenstraße 8.</Unicode>
                </TextEquiv>
            </TextLine>
            <TextLine id="r1l22" custom="readingOrder {index:21;}">
                <Coords points="480,1343 2747,1376 2821,1284 480,1299"/>
                <Baseline points="493,1340 608,1341 724,1341 839,1342 955,1342 1071,1343 1186,1343 1302,1344 1417,1345 1533,1346 1649,1346 1764,1347 1880,1348 1995,1350 2111,1351 2227,1352 2342,1354 2458,1355 2573,1356 2689,1358 2805,1360"/>
                <TextEquiv>
                    <Unicode>Erscheint jeden Sonnabend. — Preis 4 Mark vierteljährlich. Bestellungen werden von jeder Bua handlung, jedem Postamt (Nr. 3580 der</Unicode>
                </TextEquiv>
            </TextLine>
            <TextLine id="r1l23" custom="readingOrder {index:22;}">
                <Coords points="507,1410 2595,1443 2778,1427 2779,1369 508,1349"/>
                <Baseline points="522,1390 634,1390 746,1390 858,1389 970,1390 1082,1390 1194,1391 1306,1391 1418,1392 1530,1393 1643,1394 1755,1395 1867,1396 1979,1398 2091,1399 2203,1401 2315,1402 2427,1404 2539,1405 2651,1407 2764,1408"/>
                <TextEquiv>
                    <Unicode>Postzeitungsliste), sowie vom Verlage des „Magazin“ entgegengenommen. Anzeigen 40 Pfg. die viergespaltene Nonpareillezeile.</Unicode>
                </TextEquiv>
            </TextLine>
            <TextLine id="r1l24" custom="readingOrder {index:23;}">
                <Coords points="1166,1453 2037,1483 2119,1452 2119,1426 2038,1404 1167,1401"/>
                <Baseline points="1181,1444 1227,1445 1273,1446 1319,1447 1365,1448 1412,1449 1458,1449 1504,1450 1550,1450 1596,1451 1643,1451 1689,1451 1735,1452 1781,1452 1827,1452 1874,1453 1920,1453 1966,1454 2012,1454 2058,1455 2105,1456"/>
                <TextEquiv>
                    <Unicode>2 Preis der Einzelrummer 40 Pfg. Se</Unicode>
                </TextEquiv>
            </TextLine>
            <TextLine id="r1l25" custom="readingOrder {index:24;}">
                <Coords points="487,1528 505,1529 516,1538 528,1538 551,1518 560,1519 571,1531 606,1529 608,1471 588,1470 582,1476 573,1467 556,1466 544,1454 533,1457 524,1448 489,1450"/>
                <Baseline points="502,1501 532,1503 562,1504 592,1503"/>
                <TextEquiv>
                    <Unicode>—</Unicode>
                </TextEquiv>
            </TextLine>
            <TextLine id="r1l26" custom="readingOrder {index:25;}">
                <Coords points="1840,1532 2006,1544 2073,1524 2087,1539 2116,1528 2139,1551 2166,1539 2215,1545 2215,1481 2163,1473 2148,1484 2102,1455 2038,1484 1995,1472 1951,1480 1896,1460 1841,1468"/>
                <Baseline points="1854,1511 1880,1512 1907,1512 1933,1512 1960,1512 1987,1511 2013,1511 2040,1511 2066,1511 2093,1511 2120,1512 2146,1513 2173,1513 2200,1515"/>
                <TextEquiv>
                    <Unicode>     </Unicode>
                </TextEquiv>
            </TextLine>
            <TextLine id="r1l27" custom="readingOrder {index:26;}">
                <Coords points="504,1611 600,1600 678,1619 728,1620 742,1606 879,1619 925,1611 926,1553 886,1538 804,1548 738,1515 587,1531 552,1518 505,1538"/>
                <Baseline points="520,1588 546,1590 572,1592 598,1592 624,1594 650,1594 676,1595 702,1596 729,1596 755,1596 781,1596 807,1596 833,1596 859,1596 885,1595 912,1595"/>
                <TextEquiv>
                    <Unicode>64. Jahrgang.</Unicode>
                </TextEquiv>
            </TextLine>
            <TextLine id="r1l28" custom="readingOrder {index:27;}">
                <Coords points="1131,1606 2077,1627 2173,1608 2174,1544 1576,1520 1366,1553 1291,1517 1131,1542"/>
                <Baseline points="1144,1589 1194,1591 1245,1593 1296,1594 1346,1595 1397,1596 1448,1598 1498,1598 1549,1599 1600,1600 1651,1600 1701,1600 1752,1601 1803,1601 1853,1601 1904,1601 1955,1601 2005,1601 2056,1601 2107,1601 2158,1601"/>
                <TextEquiv>
                    <Unicode>Berlin, den 16. November 1895.</Unicode>
                </TextEquiv>
            </TextLine>
            <TextLine id="r1l29" custom="readingOrder {index:28;}">
                <Coords points="2516,1614 2553,1628 2606,1622 2632,1634 2730,1634 2791,1614 2791,1571 2757,1574 2725,1542 2713,1550 2690,1544 2652,1565 2562,1541 2536,1558 2516,1558"/>
                <Baseline points="2531,1611 2558,1608 2585,1607 2613,1606 2640,1607 2667,1607 2695,1608 2722,1609 2749,1609 2777,1608"/>
                <TextEquiv>
                    <Unicode>Nr. 46.</Unicode>
                </TextEquiv>
            </TextLine>
            <TextLine id="r1l30" custom="readingOrder {index:29;}">
                <Coords points="472,1697 2679,1728 2821,1717 2822,1636 473,1609"/>
                <Baseline points="486,1678 602,1679 718,1679 834,1680 950,1680 1066,1681 1182,1682 1298,1682 1414,1683 1530,1684 1647,1684 1763,1685 1879,1686 1995,1687 2111,1688 2227,1689 2343,1691 2459,1692 2575,1694 2691,1695 2808,1697"/>
                <TextEquiv>
                    <Unicode>Anzngsweiser Aachdruck fünlicher Aeikel, anser den noelsische und dramalischen, unter genaner chnellenangabe gestater</Unicode>
                </TextEquiv>
            </TextLine>
            <TextLine id="r1l31" custom="readingOrder {index:30;}">
                <Coords points="1009,1731 2292,1747 2263,1695 1009,1690"/>
                <Baseline points="1024,1725 1086,1727 1149,1729 1211,1731 1274,1732 1337,1732 1399,1733 1462,1733 1525,1732 1587,1732 1650,1732 1713,1732 1775,1732 1838,1732 1901,1732 1963,1732 2026,1733 2089,1734 2151,1736 2214,1738 2277,1741"/>
                <TextEquiv>
                    <Unicode>Unbefugter Nachdruck wird auf Grund der Gesetze und Verträge verfolgt.</Unicode>
                </TextEquiv>
            </TextLine>
            <TextLine id="r1l32" custom="readingOrder {index:31;}">
                <Coords points="1638,1948 2826,1947 2826,1889 2684,1853 2385,1893 2263,1848 2150,1881 1973,1844 1891,1887 1639,1846"/>
                <Baseline points="1652,1918 1710,1920 1768,1921 1826,1922 1884,1922 1942,1924 2000,1924 2058,1925 2116,1926 2174,1927 2232,1928 2290,1928 2348,1929 2406,1930 2464,1930 2522,1931 2580,1931 2638,1931 2696,1932 2754,1932 2812,1932"/>
                <TextEquiv>
                    <Unicode>Pist ehrlich und verdient alle Achtung; es ist Bühnensinn</Unicode>
                </TextEquiv>
            </TextLine>
            <TextLine id="r1l33" custom="readingOrder {index:32;}">
                <Coords points="949,1979 989,1974 1012,1985 1021,1977 1059,1974 1070,1983 1082,1971 1100,1977 1120,1969 1137,1978 1166,1969 1167,1911 1126,1917 1074,1890 1051,1902 1033,1890 1001,1901 981,1886 949,1883"/>
                <Baseline points="962,1957 989,1958 1016,1958 1043,1958 1070,1959 1097,1959 1124,1959 1152,1958"/>
                <TextEquiv>
                    <Unicode>Inhalt:</Unicode>
                </TextEquiv>
            </TextLine>
            <TextLine id="r1l34" custom="readingOrder {index:33;}">
                <Coords points="1652,1974 2811,1996 2811,1947 2765,1937 1653,1930"/>
                <Baseline points="1667,1969 1723,1970 1779,1971 1836,1973 1892,1973 1949,1974 2005,1975 2061,1976 2118,1976 2174,1977 2231,1977 2287,1978 2343,1978 2400,1979 2456,1979 2513,1980 2569,1981 2625,1981 2682,1982 2738,1983 2795,1984"/>
                <TextEquiv>
                    <Unicode>darinnen, und der erste Aufzug ist lebendig und echt.</Unicode>
                </TextEquiv>
            </TextLine>
            <TextLine id="r1l35" custom="readingOrder {index:34;}">
                <Coords points="1658,2028 2837,2036 2692,1979 1659,1973"/>
                <Baseline points="1674,2015 1731,2018 1788,2020 1846,2022 1903,2024 1961,2025 2018,2027 2075,2028 2133,2028 2190,2029 2248,2029 2305,2030 2362,2030 2420,2030 2477,2031 2535,2031 2592,2032 2649,2033 2707,2034 2764,2035 2822,2037"/>
                <TextEquiv>
                    <Unicode>Darnach ist eigentlich alles soweit erschöpft, daß nur</Unicode>
                </TextEquiv>
            </TextLine>
            <TextLine id="r1l36" custom="readingOrder {index:35;}">
                <Coords points="558,2084 1549,2076 1548,2007 1484,1989 1238,2028 1031,1990 558,2017"/>
                <Baseline points="572,2060 620,2061 668,2062 716,2063 764,2064 812,2064 860,2064 908,2065 956,2065 1004,2065 1052,2064 1100,2064 1148,2064 1196,2063 1244,2063 1292,2062 1340,2062 1388,2061 1436,2061 1484,2061 1533,2060"/>
                <TextEquiv>
                    <Unicode>Titteratur, Wissenschaft und öffentliches Leben.</Unicode>
                </TextEquiv>
            </TextLine>
            <TextLine id="r1l37" custom="readingOrder {index:36;}">
                <Coords points="1655,2072 2825,2096 2826,2032 1656,2028"/>
                <Baseline points="1671,2068 1728,2069 1785,2070 1842,2071 1899,2072 1956,2073 2013,2074 2070,2075 2127,2076 2184,2076 2241,2077 2298,2078 2355,2079 2412,2079 2469,2079 2526,2080 2583,2080 2640,2080 2697,2080 2754,2080 2812,2080"/>
                <TextEquiv>
                    <Unicode>noch die Schlüsse gezogen werden müssen, sodaß die schöne</Unicode>
                </TextEquiv>
            </TextLine>
            <TextLine id="r1l38" custom="readingOrder {index:37;}">
                <Coords points="1648,2129 2725,2138 2815,2133 2816,2087 1648,2068"/>
                <Baseline points="1662,2117 1719,2119 1776,2120 1833,2121 1890,2121 1947,2122 2004,2122 2061,2122 2118,2123 2175,2123 2232,2123 2289,2123 2346,2124 2403,2124 2460,2125 2517,2125 2574,2126 2631,2127 2688,2128 2745,2130 2802,2131"/>
                <TextEquiv>
                    <Unicode>architektonische Gliederung des Dramas eigentlich leidet.</Unicode>
                </TextEquiv>
            </TextLine>
            <TextLine id="r1l39" custom="readingOrder {index:38;}">
                <Coords points="474,2156 1078,2125 1284,2146 1307,2088 474,2098"/>
                <Baseline points="487,2134 527,2132 567,2131 607,2130 648,2129 688,2129 728,2129 769,2130 809,2130 849,2131 890,2132 930,2132 970,2133 1010,2133 1051,2134 1091,2134 1131,2133 1172,2133 1212,2132 1252,2130 1293,2128"/>
                <TextEquiv>
                    <Unicode>J. J. David: Wiener Kunst XII. Sp. 1489.</Unicode>
                </TextEquiv>
            </TextLine>
            <TextLine id="r1l40" custom="readingOrder {index:39;}">
                <Coords points="1650,2175 2767,2193 2814,2187 2815,2132 1650,2123"/>
                <Baseline points="1663,2165 1719,2165 1776,2166 1833,2167 1890,2168 1947,2168 2004,2169 2060,2170 2117,2170 2174,2171 2231,2172 2288,2172 2345,2173 2402,2173 2458,2174 2515,2174 2572,2175 2629,2175 2686,2176 2743,2176 2800,2177"/>
                <TextEquiv>
                    <Unicode>Es ist nichts Neues, auch für ihn nicht, was Schnitzler</Unicode>
                </TextEquiv>
            </TextLine>
            <TextLine id="r1l41" custom="readingOrder {index:40;}">
                <Coords points="476,2195 1234,2190 1234,2141 476,2151"/>
                <Baseline points="491,2182 527,2180 563,2179 600,2178 636,2178 673,2178 709,2178 745,2179 782,2179 818,2180 855,2181 891,2181 927,2182 964,2183 1000,2183 1037,2183 1073,2183 1109,2183 1146,2182 1182,2180 1219,2178"/>
                <TextEquiv>
                    <Unicode>J. Reinke: Mann und Weib. Sp. 1493.</Unicode>
                </TextEquiv>
            </TextLine>
            <TextLine id="r1l42" custom="readingOrder {index:41;}">
                <Coords points="1650,2231 2821,2222 2821,2184 1651,2173"/>
                <Baseline points="1664,2213 1721,2214 1778,2215 1835,2216 1892,2216 1949,2217 2006,2218 2063,2219 2120,2220 2177,2220 2235,2221 2292,2222 2349,2222 2406,2223 2463,2224 2520,2224 2577,2225 2634,2225 2691,2225 2748,2225 2806,2225"/>
                <TextEquiv>
                    <Unicode>bot, aber es ist ein tüchtiges Werk, das zunehmende</Unicode>
                </TextEquiv>
            </TextLine>
            <TextLine id="r1l43" custom="readingOrder {index:42;}">
                <Coords points="470,2252 1425,2248 1542,2237 1542,2185 470,2197"/>
                <Baseline points="484,2227 536,2228 588,2228 640,2229 692,2229 744,2230 796,2230 848,2230 900,2231 952,2231 1005,2231 1057,2231 1109,2231 1161,2231 1213,2231 1265,2231 1317,2231 1369,2231 1421,2231 1473,2230 1526,2230"/>
                <TextEquiv>
                    <Unicode>Willp Rath: Neue Verse und moderne Kritik I. Sp. 1496.</Unicode>
                </TextEquiv>
            </TextLine>
            <TextLine id="r1l44" custom="readingOrder {index:43;}">
                <Coords points="1656,2271 2667,2295 2815,2268 2816,2224 1657,2219"/>
                <Baseline points="1670,2259 1726,2260 1783,2262 1839,2263 1896,2264 1952,2265 2009,2266 2065,2266 2122,2267 2178,2267 2235,2267 2291,2268 2348,2268 2404,2269 2461,2269 2517,2270 2574,2271 2630,2272 2687,2273 2743,2275 2800,2277"/>
                <TextEquiv>
                    <Unicode>Reife bekundet. Sodann wurde nach älterer Überlieferung</Unicode>
                </TextEquiv>
            </TextLine>
            <TextLine id="r1l45" custom="readingOrder {index:44;}">
                <Coords points="483,2294 1142,2273 1325,2302 1362,2273 1510,2314 1635,2296 1635,2224 483,2247"/>
                <Baseline points="496,2275 552,2276 608,2277 664,2278 721,2279 777,2279 833,2280 889,2280 946,2280 1002,2280 1058,2280 1114,2279 1171,2279 1227,2279 1283,2278 1339,2278 1396,2278 1452,2277 1508,2277 1564,2277 1621,2278"/>
                <TextEquiv>
                    <Unicode>Eduard Koschwitz: Ein französisches Werk über die französische</Unicode>
                </TextEquiv>
            </TextLine>
            <TextLine id="r1l46" custom="readingOrder {index:45;}">
                <Coords points="1649,2322 2773,2340 2813,2326 2814,2268 1649,2284"/>
                <Baseline points="1664,2312 1720,2312 1777,2313 1834,2313 1891,2313 1947,2314 2004,2314 2061,2314 2118,2314 2174,2315 2231,2315 2288,2315 2345,2316 2401,2317 2458,2317 2515,2319 2572,2320 2628,2321 2685,2323 2742,2326 2799,2328"/>
                <TextEquiv>
                    <Unicode>„Der Müller und sein Kind“ wieder aufgenommen. Nach</Unicode>
                </TextEquiv>
            </TextLine>
            <TextLine id="r1l47" custom="readingOrder {index:46;}">
                <Coords points="640,2331 1287,2350 1438,2332 1438,2286 640,2296"/>
                <Baseline points="655,2328 693,2327 731,2326 770,2326 808,2326 847,2326 885,2325 924,2326 962,2326 1001,2326 1039,2326 1077,2326 1116,2326 1154,2326 1193,2326 1231,2326 1270,2326 1308,2326 1347,2325 1385,2325 1424,2324"/>
                <TextEquiv>
                    <Unicode>Kriegs= und Revanche=Dichtung. Sp. 1503.</Unicode>
                </TextEquiv>
            </TextLine>
            <TextLine id="r1l48" custom="readingOrder {index:47;}">
                <Coords points="1637,2386 2053,2358 2816,2392 2817,2325 1638,2319"/>
                <Baseline points="1652,2367 1709,2365 1766,2363 1824,2362 1881,2362 1939,2361 1996,2361 2054,2362 2111,2362 2169,2363 2226,2364 2283,2365 2341,2366 2398,2367 2456,2369 2513,2370 2571,2371 2628,2371 2686,2372 2743,2372 2801,2372"/>
                <TextEquiv>
                    <Unicode>der Dichtung von gestern wirkte das Rührstück von</Unicode>
                </TextEquiv>
            </TextLine>
            <TextLine id="r1l49" custom="readingOrder {index:48;}">
                <Coords points="476,2402 1480,2399 1512,2393 1512,2300 1292,2347 650,2349 476,2317"/>
                <Baseline points="491,2377 541,2377 591,2377 642,2377 692,2377 743,2377 793,2376 843,2376 894,2376 944,2376 995,2376 1045,2376 1095,2376 1146,2376 1196,2376 1247,2376 1297,2376 1347,2377 1398,2377 1448,2378 1499,2379"/>
                <TextEquiv>
                    <Unicode>Karl von Torresani: Weiße Mauern. VIII. Sp. 1510.</Unicode>
                </TextEquiv>
            </TextLine>
            <TextLine id="r1l50" custom="readingOrder {index:49;}">
                <Coords points="1643,2415 2805,2435 2782,2373 1644,2371"/>
                <Baseline points="1658,2410 1714,2410 1771,2411 1827,2412 1884,2412 1941,2412 1997,2413 2054,2413 2111,2413 2167,2414 2224,2414 2281,2414 2337,2415 2394,2415 2451,2416 2507,2417 2564,2418 2621,2419 2677,2420 2734,2421 2791,2423"/>
                <TextEquiv>
                    <Unicode>olim. Es wird eben in der Burg wieder mit Lust und</Unicode>
                </TextEquiv>
            </TextLine>
            <TextLine id="r1l51" custom="readingOrder {index:50;}">
                <Coords points="517,2440 593,2464 706,2441 758,2464 790,2438 840,2467 880,2438 930,2467 999,2450 1066,2468 1200,2439 1200,2389 518,2394"/>
                <Baseline points="531,2432 563,2432 596,2432 628,2432 661,2432 694,2432 726,2432 759,2432 792,2432 824,2432 857,2432 890,2432 922,2432 955,2433 988,2433 1020,2433 1053,2433 1086,2433 1118,2433 1151,2433 1184,2433"/>
                <TextEquiv>
                    <Unicode>Litterarische Chronik: Sp. 1515.</Unicode>
                </TextEquiv>
            </TextLine>
            <TextLine id="r1l52" custom="readingOrder {index:51;}">
                <Coords points="1654,2468 2804,2472 2804,2434 2691,2416 1655,2413"/>
                <Baseline points="1668,2460 1724,2461 1780,2461 1836,2462 1892,2462 1948,2463 2004,2463 2061,2464 2117,2464 2173,2464 2229,2465 2285,2465 2341,2466 2397,2466 2454,2467 2510,2467 2566,2468 2622,2468 2678,2469 2734,2470 2791,2471"/>
                <TextEquiv>
                    <Unicode>gut gespielt: und ihre guten Zeiten sind damit zurückge¬</Unicode>
                </TextEquiv>
            </TextLine>
            <TextLine id="r1l53" custom="readingOrder {index:52;}">
                <Coords points="1661,2521 2741,2529 2799,2518 2800,2469 1661,2471"/>
                <Baseline points="1674,2507 1729,2508 1785,2509 1840,2510 1896,2510 1951,2511 2007,2512 2062,2512 2118,2513 2173,2513 2229,2514 2285,2514 2340,2515 2396,2515 2451,2516 2507,2516 2562,2517 2618,2518 2673,2518 2729,2519 2785,2520"/>
                <TextEquiv>
                    <Unicode>kehrt. Wiederum ist's schwer, einen Sitz zu bekommen.</Unicode>
                </TextEquiv>
            </TextLine>
            <TextLine id="r1l54" custom="readingOrder {index:53;}">
                <Coords points="956,2564 994,2569 1023,2543 1055,2545 1087,2565 1127,2541 1142,2540 1157,2552 1177,2549 1175,2467 1092,2495 1083,2486 1068,2492 1036,2473 1013,2485 984,2474 972,2485 955,2483"/>
                <Baseline points="971,2538 998,2535 1025,2534 1053,2533 1080,2533 1108,2533 1135,2533 1163,2533"/>
                <TextEquiv>
                    <Unicode>Musik.</Unicode>
                </TextEquiv>
            </TextLine>
            <TextLine id="r1l55" custom="readingOrder {index:54;}">
                <Coords points="1657,2567 2801,2580 2790,2521 1657,2521"/>
                <Baseline points="1671,2558 1726,2558 1782,2558 1838,2558 1894,2558 1950,2558 2005,2558 2061,2558 2117,2559 2173,2559 2229,2560 2284,2560 2340,2561 2396,2562 2452,2562 2508,2564 2563,2565 2619,2566 2675,2568 2731,2569 2787,2570"/>
                <TextEquiv>
                    <Unicode>Neue Schauspieler wie Kutschera und die Sandrock</Unicode>
                </TextEquiv>
            </TextLine>
            <TextLine id="r1l56" custom="readingOrder {index:55;}">
                <Coords points="458,2633 707,2602 879,2627 1236,2607 1235,2535 1087,2565 1029,2542 861,2558 820,2529 733,2556 547,2548 457,2520"/>
                <Baseline points="472,2597 509,2598 546,2599 584,2599 621,2599 659,2600 696,2600 733,2599 771,2599 808,2599 846,2598 883,2598 920,2597 958,2597 995,2596 1033,2596 1070,2595 1107,2595 1145,2595 1182,2594 1220,2594"/>
                <TextEquiv>
                    <Unicode>Mar Loewengard: Konzerte. Sp. 1517.</Unicode>
                </TextEquiv>
            </TextLine>
            <TextLine id="r1l57" custom="readingOrder {index:56;}">
                <Coords points="1649,2617 2776,2628 2803,2579 1650,2562"/>
                <Baseline points="1663,2608 1719,2607 1775,2606 1831,2606 1887,2606 1944,2606 2000,2607 2056,2608 2112,2609 2168,2610 2225,2611 2281,2612 2337,2613 2393,2615 2449,2616 2506,2617 2562,2618 2618,2618 2674,2619 2730,2619 2787,2619"/>
                <TextEquiv>
                    <Unicode>bekunden ein erfreuliches Wachstum und ziehen an.</Unicode>
                </TextEquiv>
            </TextLine>
            <TextLine id="r1l58" custom="readingOrder {index:57;}">
                <Coords points="1641,2660 2254,2658 2326,2700 2623,2668 2718,2701 2812,2635 1641,2628"/>
                <Baseline points="1656,2657 1713,2657 1770,2657 1827,2657 1884,2657 1941,2657 1998,2657 2055,2657 2112,2657 2169,2657 2226,2657 2283,2658 2340,2659 2397,2660 2454,2661 2511,2662 2568,2663 2625,2665 2682,2667 2739,2669 2797,2672"/>
                <TextEquiv>
                    <Unicode>Dafür scheidet demnächst die Wolter in einigen ihrer</Unicode>
                </TextEquiv>
            </TextLine>
            <TextLine id="r1l59" custom="readingOrder {index:58;}">
                <Coords points="859,2695 882,2686 926,2712 955,2695 1057,2691 1077,2709 1132,2697 1208,2705 1228,2685 1251,2691 1251,2624 1228,2621 1199,2642 1106,2610 1027,2610 993,2639 969,2622 946,2640 917,2619 859,2625"/>
                <Baseline points="873,2688 899,2687 925,2687 951,2687 977,2686 1003,2686 1029,2686 1055,2686 1081,2686 1107,2686 1133,2686 1159,2686 1185,2686 1211,2686 1238,2687"/>
                <TextEquiv>
                    <Unicode>Bildende Kunst.</Unicode>
                </TextEquiv>
            </TextLine>
            <TextLine id="r1l60" custom="readingOrder {index:59;}">
                <Coords points="1640,2731 1747,2724 1774,2701 1823,2725 2111,2709 2168,2731 2238,2708 2239,2671 1641,2661"/>
                <Baseline points="1655,2702 1683,2702 1712,2702 1740,2702 1769,2702 1797,2702 1826,2703 1854,2703 1883,2704 1911,2704 1940,2705 1968,2706 1997,2706 2025,2707 2054,2708 2082,2708 2111,2708 2139,2709 2168,2709 2196,2709 2225,2710"/>
                <TextEquiv>
                    <Unicode>ilten Glanzrollen von uns.</Unicode>
                </TextEquiv>
            </TextLine>
            <TextLine id="r1l61" custom="readingOrder {index:60;}">
                <Coords points="469,2756 1450,2774 1517,2753 1517,2674 927,2713 634,2671 469,2712"/>
                <Baseline points="483,2747 534,2749 585,2750 636,2750 687,2751 738,2751 789,2751 840,2750 891,2750 942,2749 993,2749 1044,2748 1095,2748 1146,2747 1197,2746 1248,2746 1299,2746 1350,2745 1401,2745 1452,2746 1503,2746"/>
                <TextEquiv>
                    <Unicode>Hugo Ernst Schmidt: Ausstellung bei Gurlitt Sp. 1519.</Unicode>
                </TextEquiv>
            </TextLine>
            <TextLine id="r1l62" custom="readingOrder {index:61;}">
                <Coords points="1731,2754 1858,2787 2814,2771 2782,2724 2524,2695 1731,2725"/>
                <Baseline points="1744,2764 1796,2764 1849,2764 1902,2764 1955,2764 2008,2765 2060,2765 2113,2766 2166,2766 2219,2767 2272,2767 2324,2768 2377,2769 2430,2770 2483,2770 2536,2771 2588,2771 2641,2772 2694,2773 2747,2773 2800,2774"/>
                <TextEquiv>
                    <Unicode>Im Volkstheater ist man mit der Saison übel</Unicode>
                </TextEquiv>
            </TextLine>
            <TextLine id="r1l63" custom="readingOrder {index:62;}">
                <Coords points="498,2815 1122,2842 1595,2799 1531,2753 498,2768"/>
                <Baseline points="513,2807 566,2807 619,2807 673,2807 726,2808 780,2808 833,2808 886,2808 940,2808 993,2808 1047,2808 1100,2808 1153,2808 1207,2807 1260,2807 1314,2806 1367,2806 1420,2805 1474,2804 1527,2803 1581,2802"/>
                <TextEquiv>
                    <Unicode>Die Litterarische Gesellschaft zu Leipzig. Sp. 1520.</Unicode>
                </TextEquiv>
            </TextLine>
            <TextLine id="r1l64" custom="readingOrder {index:63;}">
                <Coords points="1634,2827 2691,2843 2807,2829 2808,2768 1635,2757"/>
                <Baseline points="1648,2811 1705,2812 1762,2813 1819,2814 1876,2814 1934,2815 1991,2815 2048,2816 2105,2816 2162,2816 2220,2817 2277,2817 2334,2817 2391,2818 2448,2818 2506,2819 2563,2820 2620,2821 2677,2822 2734,2823 2792,2825"/>
                <TextEquiv>
                    <Unicode>zufrieden. Ein schwacher Besuch. Neuheiten, die versagen,</Unicode>
                </TextEquiv>
            </TextLine>
            <TextLine id="r1l65" custom="readingOrder {index:64;}">
                <Coords points="1637,2851 2055,2885 2807,2864 2761,2825 1637,2817"/>
                <Baseline points="1652,2858 1709,2859 1766,2860 1823,2861 1880,2862 1937,2864 1994,2865 2051,2866 2108,2867 2165,2868 2222,2868 2279,2869 2336,2870 2393,2870 2450,2870 2507,2870 2564,2870 2621,2870 2678,2870 2735,2869 2792,2868"/>
                <TextEquiv>
                    <Unicode>wvie mein „Regentag“, oder die, wie „Pastor Brose“ und</Unicode>
                </TextEquiv>
            </TextLine>
            <TextLine id="r1l66" custom="readingOrder {index:65;}">
                <Coords points="1633,2931 2783,2939 2810,2870 1634,2853"/>
                <Baseline points="1648,2914 1705,2913 1762,2912 1819,2912 1877,2912 1934,2912 1991,2912 2049,2913 2106,2913 2163,2914 2221,2915 2278,2916 2335,2917 2392,2918 2450,2918 2507,2919 2564,2920 2622,2920 2679,2921 2736,2921 2794,2921"/>
                <TextEquiv>
                    <Unicode>S.Gräfin Fritzi“, am ersten Abend allerdings ihren Erfolg</Unicode>
                </TextEquiv>
            </TextLine>
            <TextLine id="r1l67" custom="readingOrder {index:66;}">
                <Coords points="1642,2954 2806,2974 2806,2934 2702,2921 1642,2913"/>
                <Baseline points="1655,2964 1711,2963 1768,2962 1825,2961 1882,2961 1939,2960 1996,2961 2052,2961 2109,2962 2166,2963 2223,2963 2280,2965 2337,2965 2394,2966 2450,2967 2507,2968 2564,2968 2621,2968 2678,2968 2735,2968 2792,2967"/>
                <TextEquiv>
                    <Unicode>chaben, um aber nachher keine Wirkung zu üben. Das</Unicode>
                </TextEquiv>
            </TextLine>
            <TextLine id="r1l68" custom="readingOrder {index:67;}">
                <Coords points="837,3008 930,3025 973,3007 1011,3030 1046,3006 1101,3017 1127,3005 1182,3034 1261,3030 1260,2917 1216,2934 1106,2930 1080,2948 1039,2928 964,2952 911,2938 836,2956"/>
                <Baseline points="851,3004 877,3001 903,2998 930,2996 956,2996 983,2995 1009,2996 1035,2996 1062,2996 1088,2997 1115,2997 1141,2997 1167,2997 1194,2996 1220,2995 1247,2992"/>
                <TextEquiv>
                    <Unicode>Wiener Kunst.</Unicode>
                </TextEquiv>
            </TextLine>
            <TextLine id="r1l69" custom="readingOrder {index:68;}">
                <Coords points="1636,3023 2804,3017 2804,2982 2670,2967 1637,2953"/>
                <Baseline points="1651,3008 1707,3009 1764,3009 1821,3010 1878,3010 1935,3011 1992,3011 2049,3012 2106,3012 2163,3012 2220,3012 2276,3012 2333,3013 2390,3013 2447,3014 2504,3014 2561,3015 2618,3015 2675,3016 2732,3017 2789,3018"/>
                <TextEquiv>
                    <Unicode>Ensemble von einst ist zerstört, ein Stückchen Selbst¬</Unicode>
                </TextEquiv>
            </TextLine>
            <TextLine id="r1l70" custom="readingOrder {index:69;}">
                <Coords points="1646,3059 2805,3087 2806,3015 1647,3018"/>
                <Baseline points="1661,3057 1717,3058 1774,3058 1830,3059 1887,3059 1943,3059 2000,3060 2056,3060 2113,3060 2169,3061 2226,3061 2282,3061 2339,3062 2395,3062 2452,3063 2508,3064 2565,3065 2621,3066 2678,3067 2734,3068 2791,3070"/>
                <TextEquiv>
                    <Unicode>vertrauen geht mit zum Teufel, wenn nach Jahren, in</Unicode>
                </TextEquiv>
            </TextLine>
            <TextLine id="r1l71" custom="readingOrder {index:70;}">
                <Coords points="1001,3096 1018,3097 1027,3088 1062,3089 1085,3078 1100,3087 1117,3088 1118,3035 1089,3032 1084,3026 1072,3028 1055,3010 1046,3007 1035,3016 1026,3015 1017,3024 1002,3024"/>
                <Baseline points="1016,3063 1045,3062 1074,3063 1104,3065"/>
                <TextEquiv>
                    <Unicode>Von</Unicode>
                </TextEquiv>
            </TextLine>
            <TextLine id="r1l72" custom="readingOrder {index:71;}">
                <Coords points="1638,3118 2738,3130 2794,3075 1638,3066"/>
                <Baseline points="1651,3105 1707,3106 1763,3106 1820,3107 1876,3107 1933,3108 1989,3108 2045,3108 2102,3109 2158,3109 2215,3109 2271,3110 2327,3110 2384,3111 2440,3112 2497,3112 2553,3113 2609,3115 2666,3116 2722,3117 2779,3119"/>
                <TextEquiv>
                    <Unicode>denen alles geriet, eines ohne rechten Segen sich ein¬</Unicode>
                </TextEquiv>
            </TextLine>
            <TextLine id="r1l73" custom="readingOrder {index:72;}">
                <Coords points="888,3172 958,3170 975,3155 1007,3155 1027,3134 1047,3145 1073,3136 1126,3137 1138,3149 1149,3137 1201,3144 1199,3057 1162,3052 1139,3073 1101,3057 1072,3083 1034,3081 1017,3099 965,3083 887,3096"/>
                <Baseline points="903,3135 928,3133 954,3133 980,3132 1006,3131 1032,3131 1057,3131 1083,3131 1109,3130 1135,3129 1161,3128 1187,3126"/>
                <TextEquiv>
                    <Unicode>D. J. David.</Unicode>
                </TextEquiv>
            </TextLine>
            <TextLine id="r1l74" custom="readingOrder {index:73;}">
                <Coords points="1643,3164 2805,3175 2785,3111 1644,3118"/>
                <Baseline points="1657,3154 1713,3154 1770,3155 1826,3155 1883,3156 1940,3156 1996,3157 2053,3158 2110,3158 2166,3159 2223,3159 2280,3160 2336,3160 2393,3161 2450,3161 2506,3161 2563,3161 2620,3161 2676,3160 2733,3160 2790,3159"/>
                <TextEquiv>
                    <Unicode>stellt. Vielleicht bringt Karlweiß' „das Goldene Wiener</Unicode>
                </TextEquiv>
            </TextLine>
            <TextLine id="r1l75" custom="readingOrder {index:74;}">
                <Coords points="1650,3204 2794,3238 2762,3168 1650,3164"/>
                <Baseline points="1665,3206 1720,3206 1776,3206 1832,3206 1888,3207 1943,3207 1999,3207 2055,3207 2111,3208 2166,3208 2222,3208 2278,3209 2334,3209 2389,3209 2445,3209 2501,3210 2557,3210 2612,3210 2668,3210 2724,3210 2780,3209"/>
                <TextEquiv>
                    <Unicode>Herz“ endlich den Umschlag, obzwar sich ein bösartiges</Unicode>
                </TextEquiv>
            </TextLine>
            <TextLine id="r1l76" custom="readingOrder {index:75;}">
                <Coords points="976,3261 991,3261 1002,3270 1017,3256 1046,3263 1064,3252 1075,3264 1116,3256 1118,3196 1086,3200 1069,3182 1040,3179 1031,3184 1011,3175 996,3189 979,3188"/>
                <Baseline points="991,3242 1018,3241 1046,3241 1074,3243 1102,3245"/>
                <TextEquiv>
                    <Unicode>XII.</Unicode>
                </TextEquiv>
            </TextLine>
            <TextLine id="r1l77" custom="readingOrder {index:76;}">
                <Coords points="1649,3255 2793,3270 2753,3215 1649,3203"/>
                <Baseline points="1665,3252 1720,3253 1776,3254 1832,3254 1887,3255 1943,3255 1999,3255 2054,3256 2110,3256 2166,3256 2222,3256 2277,3256 2333,3257 2389,3257 2444,3257 2500,3257 2556,3258 2611,3258 2667,3259 2723,3259 2779,3260"/>
                <TextEquiv>
                    <Unicode>Radaupublikum etwa seit einem Jahre in den Premi¬</Unicode>
                </TextEquiv>
            </TextLine>
            <TextLine id="r1l78" custom="readingOrder {index:77;}">
                <Coords points="1651,3310 2798,3326 2798,3273 2743,3265 1651,3260"/>
                <Baseline points="1665,3304 1723,3304 1782,3304 1841,3304 1900,3304 1959,3304 2018,3304 2077,3303 2136,3303 2195,3303 2253,3303 2312,3303 2371,3303 2430,3304 2489,3304 2548,3304 2607,3305 2666,3305 2725,3306 2784,3307"/>
                <TextEquiv>
                    <Unicode>èren dieses Hauses eingenistet hat. Überdies macht</Unicode>
                </TextEquiv>
            </TextLine>
            <TextLine id="r1l79" custom="readingOrder {index:78;}">
                <Coords points="552,3322 1630,3329 1630,3265 1595,3257 552,3261"/>
                <Baseline points="567,3316 619,3318 671,3320 724,3321 776,3322 829,3322 881,3323 934,3323 986,3323 1039,3322 1091,3322 1143,3321 1196,3320 1248,3320 1301,3319 1353,3318 1406,3317 1458,3317 1511,3316 1563,3316 1616,3316"/>
                <TextEquiv>
                    <Unicode>Es ist ziemlich viel, was sich seit meinem letzten</Unicode>
                </TextEquiv>
            </TextLine>
            <TextLine id="r1l80" custom="readingOrder {index:79;}">
                <Coords points="1643,3373 2808,3378 2808,3314 1644,3300"/>
                <Baseline points="1658,3352 1714,3352 1771,3352 1828,3352 1884,3352 1941,3352 1998,3352 2054,3352 2111,3352 2168,3353 2225,3353 2281,3353 2338,3354 2395,3354 2451,3354 2508,3355 2565,3355 2621,3355 2678,3356 2735,3356 2792,3357"/>
                <TextEquiv>
                    <Unicode>ohne allen Zweifel das Karl=Theater, dem es sehr gut</Unicode>
                </TextEquiv>
            </TextLine>
            <TextLine id="r1l81" custom="readingOrder {index:80;}">
                <Coords points="467,3369 1640,3376 1640,3324 1492,3316 467,3325"/>
                <Baseline points="482,3368 539,3370 596,3371 653,3372 711,3372 768,3372 825,3372 882,3372 940,3371 997,3371 1054,3370 1111,3370 1169,3369 1226,3368 1283,3367 1340,3367 1398,3366 1455,3366 1512,3366 1569,3366 1627,3366"/>
                <TextEquiv>
                    <Unicode>Briefe begeben hat. Das Burgtheater hat bereits</Unicode>
                </TextEquiv>
            </TextLine>
            <TextLine id="r1l82" custom="readingOrder {index:81;}">
                <Coords points="1650,3410 2794,3418 2794,3375 2705,3362 1650,3363"/>
                <Baseline points="1664,3404 1719,3403 1775,3401 1831,3401 1887,3400 1943,3400 1998,3401 2054,3401 2110,3402 2166,3403 2222,3404 2277,3405 2333,3406 2389,3407 2445,3407 2501,3408 2556,3408 2612,3408 2668,3407 2724,3407 2780,3405"/>
                <TextEquiv>
                    <Unicode>geht, empfindlichen Schaden; es geht nur ihm, nach den</Unicode>
                </TextEquiv>
            </TextLine>
            <TextLine id="r1l83" custom="readingOrder {index:82;}">
                <Coords points="462,3427 1565,3426 1623,3417 1623,3373 461,3387"/>
                <Baseline points="476,3422 532,3421 589,3421 645,3420 702,3420 759,3419 815,3419 872,3419 928,3419 985,3419 1042,3419 1098,3419 1155,3419 1211,3419 1268,3419 1325,3419 1381,3418 1438,3418 1494,3416 1551,3415 1608,3414"/>
                <TextEquiv>
                    <Unicode>seinen ersten starken Erfolg mit einem neuen Stücke.</Unicode>
                </TextEquiv>
            </TextLine>
            <TextLine id="r1l84" custom="readingOrder {index:83;}">
                <Coords points="1637,3464 2807,3478 2807,3420 2703,3411 1637,3403"/>
                <Baseline points="1652,3450 1709,3450 1766,3450 1823,3450 1880,3450 1937,3450 1994,3450 2051,3450 2108,3451 2165,3451 2222,3451 2279,3452 2336,3452 2393,3453 2450,3453 2507,3454 2564,3455 2621,3456 2678,3456 2735,3457 2792,3458"/>
                <TextEquiv>
                    <Unicode>kaiserlichen Bühnen, wirklich gut, nur ihm — und dem</Unicode>
                </TextEquiv>
            </TextLine>
            <TextLine id="r1l85" custom="readingOrder {index:84;}">
                <Coords points="467,3479 1612,3475 1611,3420 1472,3415 467,3438"/>
                <Baseline points="482,3469 537,3469 593,3469 649,3469 705,3469 760,3469 816,3469 872,3469 928,3469 983,3469 1039,3469 1095,3468 1151,3468 1206,3468 1262,3467 1318,3466 1374,3466 1429,3465 1485,3464 1541,3462 1597,3461"/>
                <TextEquiv>
                    <Unicode>Eigentlich mit zweien: mit Giacosas „Rechte der Seele,“</Unicode>
                </TextEquiv>
            </TextLine>
            <TextLine id="r1l86" custom="readingOrder {index:85;}">
                <Coords points="1644,3518 1807,3508 1821,3523 1859,3511 1894,3526 1987,3503 2019,3509 2019,3474 1984,3477 1952,3457 1888,3462 1877,3450 1775,3467 1644,3455"/>
                <Baseline points="1660,3497 1686,3496 1712,3496 1739,3495 1765,3495 1791,3495 1818,3495 1844,3495 1871,3495 1897,3496 1923,3496 1950,3497 1976,3498 2003,3500"/>
                <TextEquiv>
                    <Unicode>Raimundtheater.</Unicode>
                </TextEquiv>
            </TextLine>
            <TextLine id="r1l87" custom="readingOrder {index:86;}">
                <Coords points="467,3530 1623,3533 1637,3474 467,3487"/>
                <Baseline points="480,3519 537,3519 594,3519 651,3520 708,3520 765,3519 822,3519 880,3519 937,3519 994,3518 1051,3518 1108,3517 1165,3517 1222,3516 1280,3515 1337,3515 1394,3514 1451,3513 1508,3512 1565,3511 1623,3510"/>
                <TextEquiv>
                    <Unicode>einer Nora=Studie, wo der Konflikt aber aus einem</Unicode>
                </TextEquiv>
            </TextLine>
            <TextLine id="r1l88" custom="readingOrder {index:87;}">
                <Coords points="1713,3564 2656,3583 2796,3567 2796,3491 2645,3522 2521,3483 2439,3512 2053,3480 1864,3528 1713,3512"/>
                <Baseline points="1726,3551 1778,3553 1831,3555 1884,3556 1936,3557 1989,3558 2042,3559 2094,3559 2147,3560 2200,3560 2253,3560 2305,3560 2358,3560 2411,3560 2463,3560 2516,3561 2569,3561 2621,3561 2674,3561 2727,3562 2780,3562"/>
                <TextEquiv>
                    <Unicode>Von den Prätensionen, mit denen man bei der Grün¬</Unicode>
                </TextEquiv>
            </TextLine>
            <TextLine id="r1l89" custom="readingOrder {index:88;}">
                <Coords points="467,3565 1620,3585 1640,3509 467,3530"/>
                <Baseline points="481,3565 538,3566 595,3568 652,3568 709,3569 767,3569 824,3570 881,3569 938,3569 995,3569 1053,3568 1110,3567 1167,3566 1224,3565 1281,3564 1339,3563 1396,3562 1453,3561 1510,3561 1567,3560 1625,3559"/>
                <TextEquiv>
                    <Unicode>Grabe, das sich kaum über dem abgewiesenen Liebhaber</Unicode>
                </TextEquiv>
            </TextLine>
            <TextLine id="r1l90" custom="readingOrder {index:89;}">
                <Coords points="1630,3621 2803,3614 2771,3567 1630,3546"/>
                <Baseline points="1644,3609 1701,3609 1758,3608 1815,3608 1872,3608 1930,3608 1987,3608 2044,3608 2101,3609 2158,3609 2216,3610 2273,3610 2330,3610 2387,3611 2444,3611 2502,3612 2559,3612 2616,3612 2673,3611 2730,3611 2788,3610"/>
                <TextEquiv>
                    <Unicode>dung dieses Unternehmens erfüllt war, besteht heute</Unicode>
                </TextEquiv>
            </TextLine>
            <TextLine id="r1l91" custom="readingOrder {index:90;}">
                <Coords points="466,3634 1622,3622 1621,3567 465,3564"/>
                <Baseline points="481,3617 537,3618 593,3618 649,3619 706,3619 762,3619 818,3618 875,3618 931,3617 987,3617 1044,3616 1100,3615 1156,3614 1212,3613 1269,3613 1325,3612 1381,3611 1438,3610 1494,3610 1550,3609 1607,3609"/>
                <TextEquiv>
                    <Unicode>geschlossen, aufsteigt, die in glänzender Darstellung</Unicode>
                </TextEquiv>
            </TextLine>
            <TextLine id="r1l92" custom="readingOrder {index:91;}">
                <Coords points="1639,3661 2766,3677 2803,3613 1639,3620"/>
                <Baseline points="1652,3659 1708,3659 1765,3659 1822,3659 1879,3659 1936,3659 1992,3659 2049,3659 2106,3659 2163,3659 2220,3659 2276,3659 2333,3659 2390,3659 2447,3659 2504,3659 2560,3659 2617,3660 2674,3660 2731,3661 2788,3662"/>
                <TextEquiv>
                    <Unicode>allerdings nicht eine mehr. Litterarisch ernst kann</Unicode>
                </TextEquiv>
            </TextLine>
            <TextLine id="r1l93" custom="readingOrder {index:92;}">
                <Coords points="464,3688 1628,3656 1627,3627 1505,3614 463,3633"/>
                <Baseline points="479,3669 535,3670 592,3670 649,3670 705,3670 762,3670 819,3669 875,3669 932,3668 989,3667 1046,3667 1102,3666 1159,3665 1216,3664 1272,3663 1329,3662 1386,3661 1442,3660 1499,3659 1556,3658 1613,3657"/>
                <TextEquiv>
                    <Unicode>ungemein kräftig wirkte, und mit Arthur Schnitzlers</Unicode>
                </TextEquiv>
            </TextLine>
            <TextLine id="r1l94" custom="readingOrder {index:93;}">
                <Coords points="1633,3704 2806,3724 2806,3674 2748,3665 1633,3655"/>
                <Baseline points="1648,3705 1705,3705 1762,3704 1819,3704 1876,3704 1933,3704 1990,3704 2047,3705 2104,3705 2161,3705 2219,3706 2276,3707 2333,3707 2390,3708 2447,3708 2504,3708 2561,3708 2618,3708 2675,3708 2732,3708 2790,3707"/>
                <TextEquiv>
                    <Unicode>man's nicht mehr gut nehmen. Aber es hat volle</Unicode>
                </TextEquiv>
            </TextLine>
            <TextLine id="r1l95" custom="readingOrder {index:94;}">
                <Coords points="472,3717 1619,3719 1618,3664 472,3680"/>
                <Baseline points="487,3717 542,3717 598,3717 654,3717 710,3717 766,3717 822,3717 878,3717 934,3717 990,3716 1046,3716 1101,3715 1157,3714 1213,3713 1269,3712 1325,3711 1381,3710 1437,3709 1493,3707 1549,3705 1605,3703"/>
                <TextEquiv>
                    <Unicode>„Liebelei.“ Ich habe manche Bedenken gegen das Stück,</Unicode>
                </TextEquiv>
            </TextLine>
            <TextLine id="r1l96" custom="readingOrder {index:95;}">
                <Coords points="1634,3753 2801,3758 2801,3723 2572,3705 1634,3724"/>
                <Baseline points="1648,3755 1704,3754 1761,3754 1818,3753 1875,3753 1932,3752 1989,3752 2046,3752 2103,3752 2160,3752 2217,3752 2273,3752 2330,3752 2387,3753 2444,3753 2501,3753 2558,3754 2615,3754 2672,3755 2729,3755 2786,3755"/>
                <TextEquiv>
                    <Unicode>Häuser. Da ist Buchbinders „Heiratsschwindler“, eine</Unicode>
                </TextEquiv>
            </TextLine>
            <TextLine id="r1l97" custom="readingOrder {index:96;}">
                <Coords points="468,3782 1554,3773 1620,3758 1620,3717 467,3732"/>
                <Baseline points="483,3769 539,3768 595,3767 651,3766 707,3765 763,3765 819,3764 875,3763 931,3763 987,3763 1044,3762 1100,3762 1156,3761 1212,3761 1268,3760 1324,3760 1380,3759 1436,3758 1492,3757 1548,3756 1605,3754"/>
                <TextEquiv>
                    <Unicode>sein Bestes liegt im Beiwerk, die Tragik wächst nicht</Unicode>
                </TextEquiv>
            </TextLine>
            <TextLine id="r1l98" custom="readingOrder {index:97;}">
                <Coords points="1626,3807 2749,3819 2784,3761 1626,3766"/>
                <Baseline points="1641,3808 1697,3806 1754,3805 1810,3803 1867,3802 1923,3801 1980,3801 2036,3801 2093,3801 2149,3801 2206,3801 2262,3802 2319,3802 2375,3803 2432,3803 2488,3804 2545,3804 2601,3804 2658,3804 2714,3804 2771,3804"/>
                <TextEquiv>
                    <Unicode>Posse, die nach dem bewährten Rezepte, aber mit un¬</Unicode>
                </TextEquiv>
            </TextLine>
            <TextLine id="r1l99" custom="readingOrder {index:98;}">
                <Coords points="463,3810 1578,3821 1630,3802 1630,3759 462,3773"/>
                <Baseline points="476,3817 533,3815 590,3814 647,3813 704,3812 761,3811 818,3811 875,3811 932,3810 989,3810 1046,3810 1103,3809 1160,3809 1217,3808 1274,3808 1331,3807 1388,3806 1445,3804 1502,3803 1559,3801 1617,3799"/>
                <TextEquiv>
                    <Unicode>aus den Gestalten heraus, die männliche Hauptfigur ist</Unicode>
                </TextEquiv>
            </TextLine>
            <TextLine id="r1l100" custom="readingOrder {index:99;}">
                <Coords points="1634,3867 2798,3874 2798,3816 2685,3804 1634,3812"/>
                <Baseline points="1648,3856 1704,3856 1761,3856 1818,3855 1875,3855 1931,3855 1988,3854 2045,3854 2102,3854 2158,3854 2215,3853 2272,3853 2329,3853 2385,3853 2442,3853 2499,3853 2556,3853 2612,3854 2669,3854 2726,3854 2783,3855"/>
                <TextEquiv>
                    <Unicode>leugbarem Geschick für die Bedürfnisse eines harmlosen</Unicode>
                </TextEquiv>
            </TextLine>
            <TextLine id="r1l101" custom="readingOrder {index:100;}">
                <Coords points="455,3853 563,3881 1620,3858 1619,3809 454,3810"/>
                <Baseline points="471,3863 527,3864 584,3864 641,3864 697,3864 754,3864 811,3864 867,3863 924,3863 981,3862 1038,3861 1094,3861 1151,3859 1208,3859 1264,3857 1321,3856 1378,3855 1434,3854 1491,3852 1548,3850 1605,3849"/>
                <TextEquiv>
                    <Unicode>wiederum der Anatol, sein ins Wienerische übersetzter</Unicode>
                </TextEquiv>
            </TextLine>
            <TextLine id="r1l102" custom="readingOrder {index:101;}">
                <Coords points="461,3941 2340,3942 2804,3862 461,3880"/>
                <Baseline points="477,3914 592,3913 708,3912 823,3911 939,3910 1055,3909 1170,3908 1286,3907 1401,3906 1517,3906 1633,3905 1748,3905 1864,3905 1979,3904 2095,3904 2211,3904 2326,3904 2442,3904 2557,3904 2673,3904 2789,3904"/>
                <TextEquiv>
                    <Unicode>Typus des französischen Weltmannes. Aber — die Arbeit Publikums, das gerne lachen will, gemacht ist und dem</Unicode>
                </TextEquiv>
            </TextLine>
            <TextLine id="r1l103" custom="readingOrder {index:102;}">
                <Coords points="2614,3981 2634,3982 2657,3997 2675,3988 2687,3997 2707,3991 2721,3994 2742,3974 2762,3975 2763,3916 2743,3919 2737,3913 2693,3927 2676,3915 2658,3930 2641,3927 2629,3938 2615,3938"/>
                <Baseline points="2630,3967 2659,3965 2688,3965 2717,3966 2747,3968"/>
                <TextEquiv>
                    <Unicode>1490</Unicode>
                </TextEquiv>
            </TextLine>
            <TextLine id="r1l104" custom="readingOrder {index:103;}">
                <Coords points="497,4002 520,4004 538,3998 549,4004 578,3991 604,3991 619,4005 639,4005 638,3929 618,3933 603,3924 589,3939 565,3937 560,3931 554,3937 548,3931 536,3937 513,3929 496,3932"/>
                <Baseline points="512,3976 540,3974 568,3973 596,3973 624,3974"/>
                <TextEquiv>
                    <Unicode>1489</Unicode>
                </TextEquiv>
            </TextLine>
            <TextEquiv>
                <Unicode>Liebele
5. L#1 box 10/1
G
C

„N
Lagazi

□.2
Ges%
6
— für Litteratur. —
1832 begründet
Herausgegeben von Otto Neumann=Hofer.
Verlag von
von
Redaktion: Berlin=Eharlottenburg II, Carmerstraße 10.
Conrad Skopnik
Joseph Lehmann.
 in Berlin.
Expedition: Berlin NV., Dorotheenstraße 8.
Erscheint jeden Sonnabend. — Preis 4 Mark vierteljährlich. Bestellungen werden von jeder Bua handlung, jedem Postamt (Nr. 3580 der
Postzeitungsliste), sowie vom Verlage des „Magazin“ entgegengenommen. Anzeigen 40 Pfg. die viergespaltene Nonpareillezeile.
2 Preis der Einzelrummer 40 Pfg. Se
—
     
64. Jahrgang.
Berlin, den 16. November 1895.
Nr. 46.
Anzngsweiser Aachdruck fünlicher Aeikel, anser den noelsische und dramalischen, unter genaner chnellenangabe gestater
Unbefugter Nachdruck wird auf Grund der Gesetze und Verträge verfolgt.
Pist ehrlich und verdient alle Achtung; es ist Bühnensinn
Inhalt:
darinnen, und der erste Aufzug ist lebendig und echt.
Darnach ist eigentlich alles soweit erschöpft, daß nur
Titteratur, Wissenschaft und öffentliches Leben.
noch die Schlüsse gezogen werden müssen, sodaß die schöne
architektonische Gliederung des Dramas eigentlich leidet.
J. J. David: Wiener Kunst XII. Sp. 1489.
Es ist nichts Neues, auch für ihn nicht, was Schnitzler
J. Reinke: Mann und Weib. Sp. 1493.
bot, aber es ist ein tüchtiges Werk, das zunehmende
Willp Rath: Neue Verse und moderne Kritik I. Sp. 1496.
Reife bekundet. Sodann wurde nach älterer Überlieferung
Eduard Koschwitz: Ein französisches Werk über die französische
„Der Müller und sein Kind“ wieder aufgenommen. Nach
Kriegs= und Revanche=Dichtung. Sp. 1503.
der Dichtung von gestern wirkte das Rührstück von
Karl von Torresani: Weiße Mauern. VIII. Sp. 1510.
olim. Es wird eben in der Burg wieder mit Lust und
Litterarische Chronik: Sp. 1515.
gut gespielt: und ihre guten Zeiten sind damit zurückge¬
kehrt. Wiederum ist's schwer, einen Sitz zu bekommen.
Musik.
Neue Schauspieler wie Kutschera und die Sandrock
Mar Loewengard: Konzerte. Sp. 1517.
bekunden ein erfreuliches Wachstum und ziehen an.
Dafür scheidet demnächst die Wolter in einigen ihrer
Bildende Kunst.
ilten Glanzrollen von uns.
Hugo Ernst Schmidt: Ausstellung bei Gurlitt Sp. 1519.
Im Volkstheater ist man mit der Saison übel
Die Litterarische Gesellschaft zu Leipzig. Sp. 1520.
zufrieden. Ein schwacher Besuch. Neuheiten, die versagen,
wvie mein „Regentag“, oder die, wie „Pastor Brose“ und
S.Gräfin Fritzi“, am ersten Abend allerdings ihren Erfolg
chaben, um aber nachher keine Wirkung zu üben. Das
Wiener Kunst.
Ensemble von einst ist zerstört, ein Stückchen Selbst¬
vertrauen geht mit zum Teufel, wenn nach Jahren, in
Von
denen alles geriet, eines ohne rechten Segen sich ein¬
D. J. David.
stellt. Vielleicht bringt Karlweiß' „das Goldene Wiener
Herz“ endlich den Umschlag, obzwar sich ein bösartiges
XII.
Radaupublikum etwa seit einem Jahre in den Premi¬
èren dieses Hauses eingenistet hat. Überdies macht
Es ist ziemlich viel, was sich seit meinem letzten
ohne allen Zweifel das Karl=Theater, dem es sehr gut
Briefe begeben hat. Das Burgtheater hat bereits
geht, empfindlichen Schaden; es geht nur ihm, nach den
seinen ersten starken Erfolg mit einem neuen Stücke.
kaiserlichen Bühnen, wirklich gut, nur ihm — und dem
Eigentlich mit zweien: mit Giacosas „Rechte der Seele,“
Raimundtheater.
einer Nora=Studie, wo der Konflikt aber aus einem
Von den Prätensionen, mit denen man bei der Grün¬
Grabe, das sich kaum über dem abgewiesenen Liebhaber
dung dieses Unternehmens erfüllt war, besteht heute
geschlossen, aufsteigt, die in glänzender Darstellung
allerdings nicht eine mehr. Litterarisch ernst kann
ungemein kräftig wirkte, und mit Arthur Schnitzlers
man's nicht mehr gut nehmen. Aber es hat volle
„Liebelei.“ Ich habe manche Bedenken gegen das Stück,
Häuser. Da ist Buchbinders „Heiratsschwindler“, eine
sein Bestes liegt im Beiwerk, die Tragik wächst nicht
Posse, die nach dem bewährten Rezepte, aber mit un¬
aus den Gestalten heraus, die männliche Hauptfigur ist
leugbarem Geschick für die Bedürfnisse eines harmlosen
wiederum der Anatol, sein ins Wienerische übersetzter
Typus des französischen Weltmannes. Aber — die Arbeit Publikums, das gerne lachen will, gemacht ist und dem
1490
1489</Unicode>
            </TextEquiv>
        </TextRegion>
    </Page>
</PcGts>
