3484 4320
284 219 831 322 5. Liebelei
927 217 1435 331 box 10/3
490 255 905 341 EUUTEr
795 1015 3394 1107 . Seleleigung des Offieiers=Ehrekrathes von einigermnaßen anders darstellen würde, es ist insbesondere schauungen entsprechen
508 1049 3384 1141 dem Bezirksgerichte der Innern Stadt Wien zu vierzehn möglich, daß dem zweiten Spruche des Ehrenrathes neue, bei vor den ordentlichen
2882 1183 3397 1256 unglücklichen Christine, l#
1695 1185 2891 1242 1 sofern sie das Zeug zum Soldaten haben, wie der brave
2888 1226 3385 1301 Sorma, die ihr mit der
1712 1224 2894 1298 kleine Junge, der den Preußen in dem Treffen bei Henners¬
896 1206 1373 1338 Feuilleton.
2884 1274 3396 1342 gerecht wurde und sich
1715 1267 2893 1328 dorf den Weg zeigte, und wenn ihr Vater ein tapferer
2891 1318 3395 1402 Kampf mit den Schwier
1718 1322 2889 1382 Reitersmann war. In dem ersten Stücke verwerthete
819 1328 1427 1430 Berliner Theaterbrief.
2881 1367 3090 1449 weghalf.
1717 1376 2895 1430 Wildenbruch die bekannte Erzählung des thüringischen Can¬
1233 1391 1691 1485 Berlin, Ende März.
1717 1418 2889 1475 didaten, dem Friebrich die Barschaft wiedergibt, welche ihm
2978 1403 3397 1496 Je weniger erfreulich
1719 1453 2887 1523 der Uebereifer der königlichen Zollbeamten confiscirte, zu
606 1460 1713 1534 Die Sonne lacht freundlich zu den Fenstern herein,
2884 1452 3381 1534 richten, desto tröstlicher i
1718 1512 2882 1572 einem trotz der Kürze noch zu breiten Rührstücke. Dieses
524 1499 1713 1579 im Thiergarten grünt und sprießt es seit Wochen schon, und
2883 1516 3376 1585 ihn äußere Umstände t
1716 1561 2888 1622 hatte aber wenigstens das Verdienst, Frau Niemann=Raabe
533 1563 1712 1626 die frischen Blättertriebe sagen uns, daß es nicht mehr an
2886 1567 3387 1636 sein. In dieser Lage
1711 1609 2886 1668 Gelegenheit zur Bethätigung ihrer ebenso großen wie liebens¬
520 1613 1720 1678 der Zeit sei, mit feierlicher Miene über die Winter=Ernte
2886 1606 3397 1684 bliner's „Frau Arneck“
1711 1655 2890 1710 würdigen Kunst zu bieten. Auf diese Hilfe mußte „Der Junge
524 1655 1717 1723 der Bühnen zu berichten, sondern höchstens Nachlese zu
2882 1655 3397 1733 Tizian.“ Diese Damen,
1705 1690 2880 1784 von Hennersdorf“ verzichten, und so konnte ihm auch König
523 1709 1712 1767 halten. Auch die Ereignisse an den Theatern in diesem
2895 1698 3399 1768 haben sehen können, in
1713 1747 2424 1819 Friedrich's Beistand nichts nützen.
529 1752 1725 1825 Winter sind auf Nachlese gestimmt. Der Winter hat wenig
2887 1755 3406 1816 führungen das Versäumt
517 1799 1720 1854 Neuheiten von ernsterem Gehalt oder bleibendem Werthe
2886 1806 3398 1874 gegangen; der Letzteren
1796 1800 2893 1888 Einen soliden, anhaltenden Erfolg hatte im Deutschen
522 1847 1708 1922 gebracht; als Zugstücke haben sich, auf dem Repertoire
2886 1837 3408 1915 ersten Hälfte ihres Dasei
1710 1855 2886 1923 Theater Arthur Schnitzler's Schauspie. „Liebelei“ durch
521 1899 1707 1967 erhalten — Herr v. Wildenbruch verzeihe die Zusammen¬
2889 1889 3398 1973 es blieb uns versagt, die
1708 1901 2887 1969 seine scharfe, bald herbe, bald humoristische Schilderung aus
515 1944 1715 2004 stellung, welche sich durch die Thatsachen ergibt — die
2880 1943 3136 2027 zu prüfen.
1717 1946 2893 2007 dem Wiener Leben und den resoluten Zug, der es kenn¬
521 1990 1725 2054 „Tolle Nacht“ von Freund und Mannstädt, deren 200.
1706 1980 2899 2069 zeichnet. Wir können uns über diesen Erfolg des begabten
2971 1974 3390 2072 Ernstere Beachtung
516 2028 1713 2103 Aufführung dem Director des Central=Theaters Ge¬
1719 2049 2887 2103 Wiener Cchriftstellers nur aufrichtig freuen, wenn wir uns
2887 2022 3388 2099 Stücke, die eigentlich beid
520 2077 1720 2147 legenheit zu einem großen Jubelfestmal gab, und
2889 2097 3390 2150 Problemdramen fallen. D
1708 2093 2894 2152 auch ernsten Bedenken dagegen nicht verschlossen. Sein
513 2122 1721 2193 Wildenbruch's „König Heinrich“. Man wird kaum an¬
1711 2149 2890 2208 Drama macht es nicht leicht, sich darüber klar zu werden,
2881 2135 3406 2206 von einem jungen Dicht#
527 2172 1731 2243 nehmen dürfen, daß diese allerdings charakteristischen
1713 2187 2888 2241 ob man es mit einem naiven Maler der Wirklichkeit oder
2887 2183 3402 2260 Jahre durch ein Drama
531 2220 1713 2280 Erfolge die nächste Zukunft der dramatischen Dich¬
1711 2230 2890 2299 mit einem ausgesuchten, früh entwickelten Raffinement zu
2878 2225 3393 2303 Manier Aufsehen erregte
523 2276 1713 2338 tung in Deutschland vorzeichnen sollen. Der heitere,
1708 2276 2893 2330 thun hat, welches in klugem Anempfinden der Natür¬
2873 2275 3395 2347 wachrief, die aber nicht g
527 2316 1716 2379 anspruchslose Schwank wie zum Beispiel noch jüngst die
1710 2323 2889 2389 lichkeit manche ihrer besten Farben und Töne zu ent¬
2876 2313 3402 2395 Stück war Paul Lin
532 2344 1715 2435 „Höllenbrücke“ von Wolff und Jaffé im Hoftheater, und
1712 2376 2891 2446 lehnen verstand. Auch kann man sich nicht verhehlen,
2887 2372 3391 2447 welches in diesem Blatt
526 2415 1712 2479 das dröhnende, rollende Pathos behalten immer eine gewisse
1708 2417 2886 2492 daß es im Grunde eine recht traurige Moral ist,
2882 2421 3344 2495 Aufführung, die der
532 2461 1721 2528 Wirkung auf die Masse, ohne daß sie bessere Kost ver¬
1709 2467 2891 2534 aus der heraus der Autor durch den Raisonneur
2879 2469 3330 2529 ging, erwähnt word
522 2506 1719 2570 schmähen würde, wenn sie ihr geboten wird. Bei seinen
1710 2512 2889 2576 des Stückes, den blasirten Theodor Kaiser, den Freund des
2886 2516 3330 2591 schlaf“ erzählt eine
532 2559 1718 2629 späteren Darbiekungen in diesem Winter verließ Herrn
1704 2560 2887 2617 unglücklichen Helden und durch den Vater der armen Chri¬
2895 2547 3240 2625 Einsamkeit eines
3235 2562 3336 2624 still
520 2593 1709 2666 v. Wildenbruch im Lessing=Theater das Glück, das ihm auf
1709 2611 2892 2679 stine die Befriedigung der Sinnlichkeit den armen Mädchen
2882 2610 3220 2682 Mädchen, des
523 2630 1705 2706 der Bühne des Berliner Theaters gelächelt hatte. Er
1710 2657 2889 2725 gewissermaßen als die Glückseligkeit der Enterbten empfehlen
2879 2645 3200 2721 beraubt, zwische
522 2695 1705 2759 brachte an Einem Abend zwei Stücke, den Einacter
1711 2705 2894 2766 läßt. Schnitzler's Stück bot zugleich die erfreuliche Gelegen¬
2884 2705 3204 2772 und einem stän
525 2741 1704 2799 „Jungfer Immergrün“ und ein größeres Volksstück, „Der
1712 2754 2898 2815 heit zu einigen schauspielerischen Leistungen, die bleibende
2885 2756 3202 2815 lobt hat, ohne
531 2800 1717 2869 Junge von Hennersdorf“, beide aus der Zeit Friedrich's
1716 2800 2891 2857 Anerkennung verdienen und deren wir, obschon sie seinerzeit
2878 2800 3205 2862 weil eben kein
530 2825 1705 2895 des Großen entnommen, eines platter als das andere.
1713 2848 2885 2905 unmittelbar nach der Aufführung erwähnt wurden, gerne
2886 2842 3203 2918 der Pension hat
517 2878 1714 2932 Wildenbruch zog diesmal wieder das Register des preußi¬
1706 2884 3197 2956 noch einmal gedenken. Gisela Schneider, eine Vollblut= welt, die jetzten
532 2929 1714 2984 schen Patriotismus von rein dynastischer Färbung auf. Die
1713 2942 3197 3003 Wienerin, die Gattin ihres Collegen Nissen vom Deutschen oder einenhne
530 2979 1716 3050 Hohenzollern als Vorsehung alles Guten und Rührenden
1708 2978 3207 3063 Theater, bewies, wie seinerzeit in Rosner's Ledeum", die Da kommt ein
528 3026 1721 3105 sind in beiden Stücken das Grundmotiv. Friedrich der
1709 3022 2891 3094 frische, lebendige Heiterkeit und Gewecktheit der lebensfrohen
2874 3026 3218 3104 und der Bräut
526 3070 1716 3140 Große versorgt hungernde Candidaten und treu am Bräu¬
1704 3081 2886 3137 Mädchen der Donaustadt, und es ist nur zu bedauern, daß
2875 3085 3316 3154 gefundenen Mann, d
515 3132 1712 3192 tigam hängende alte Mädchen, ist das Facit von „Jungfer
1708 3133 3376 3206 ihr so wenig die Möglichkeit geboten ist, sich von dieser sich rasch erholt und
517 3159 3375 3243 Immergrün“, und er macht sogar uneheliche Kinder ehrlich, Seite zu zeigen. Die Rolle ihrer tragischen Partnerin, der Schriftsteller, der um
2324 3239 2498 3320 UNR
2393 3281 2565 3373 1.30
2253 3300 2465 3401 G
2496 3341 2560 3383 82
2351 3357 2411 3405 nn
2354 3347 2576 3443 sdn-e
2311 3367 2365 3427 915
2419 3388 2556 3437 H
2371 3400 2454 3476 355
2443 3426 2542 3475 3
2294 3432 2550 3523 A
