3436 4352
237 250 741 343 5. Liebele
406 246 1372 359 box 12/5
474 1106 1579 1234 Husschnitt aus: Schlesische Zeitung, Brasht
497 1216 1017 1347 vom; 2aräian
730 1308 1251 1406 Schnitzler im Film.
425 1367 1647 1474 Vor ein pagrWeIrthur Schniplers „Liebelei“
431 1420 1656 1516 Thaliatheater gespielt und das süß=traurige Werk hat dank
433 1468 1654 1554 glänzenden Besetzung der beiden weiblichen Hauptrollen die
337 1500 1651 1599 Zwhörer wieder genuckt und erschüttert. Jetzt kann man die
346 1543 1652 1658 „Abelei“ auch im Kino, und zwar in den Tauentzien=Licht¬
347 1597 1657 1686 splelen, sehen, und dabei Vergleiche anstellen zwischen der Wirkung
353 1635 1652 1728 der Bühne und der Wirkung der Films. Dieser letztere steht als
351 1673 1657 1777 solcher, vom technischen Standpuntte aus, durchaus auf der Höhe: die
355 1717 1659 1805 Bilder sind tadellos, erstklassige Schuspieler, darunter der Kopen¬
354 1755 1702 1847 hagener Künstler Waldemar Psilander, haben bei der Aufnahme¬
350 1800 1660 1894 mitgewirkt, die Inszenierung läßt nichts zu wünschen übrig. Gleich¬
363 1843 1675 1935 wohl: gegenüber der lebendigen Dichtung Schnitzlers mutet der
365 1883 1675 1998 Film wie eine Gespensterkomödie an. Was verleiht gerade der
371 1932 1682 2028 „Liebelei“ ihren unvergänglichen Reiz, durch den sie vielleicht alle
371 1975 1675 2065 Schöpfungen ihres Autors überleben wird? Die wundervolle
375 2008 1677 2111 Stimmung, die über dem Stück lagert, diese Wienerische
372 2062 1683 2151 Atmosphäre mit der Mischung von Frivolität und „Gemüt", von
371 2100 1687 2189 heiterer Ausgelassenheit und bitterstem Ernst. Alles das kann
374 2165 1682 2229 einfach der Film nicht geben. Für ihn mußte die vom Dichter so
374 2183 1685 2273 glücklich konzentrierte Handlung wieder in ihre einzelnen Bestand¬
364 2230 1690 2341 teile aufgelöst werden, aus dem Schnitzlerschen Drama ist hier
369 2255 1684 2374 ein Roman in Bildern geworden. Man sieht, wie Fritz Lobheimer
379 2311 1696 2397 und Theodor Kaiser die beiden „süßen Mädel“, Christine und Mizi.
378 2347 1694 2443 in einer Tanzstunde kennen lernen, begleitet den alten Violinisten
386 2395 1692 2493 Weiring, Christines Vater, in sein Theater, wohnt dort der Vor¬
386 2437 1688 2536 stellung in der Loge bei, wo Fritz der Frau seines Bekannten (die
383 2484 1699 2567 im Stück nicht vorkommt) den Hof macht und dabei vom Gatten,
392 2523 1698 2623 der ihn später erschießt, argwöhnisch belauert wird; die zwei Liebes¬
395 2580 1694 2671 paare unternehmen eine Fahrt ins Freie usw. usw., kurz, es vergeht
387 2611 1693 2690 ein ganzer Akt bis zu jener Szene, mit der Schnitzler beginnt, dem
390 2657 1707 2755 Souper zu Vieren mit der Unterbrechung durch den betrogenen
401 2706 1708 2794 Ehemann. In derselben Art wird die Handlung weitergeführt und
393 2736 1705 2836 man ließe es sich noch gefallen, daß der Schauplatz offenbar nicht
396 2775 1700 2881 Wien, sondern Kopenhagen ist, wenn nicht gerade das Feinste und
403 2821 1710 2919 Tiefste des Werkes, der Dialog, hier sich doch als ganz unentbehrlich
398 2868 1706 2958 herausstellte. Es mag Schauer= und Kriminaldramen à lu Pauk
405 2905 1712 2999 Lindau geben, bei denen man auf das Wort verzichten kann und
402 2945 1713 3038 die sich darum für den Film ebenso eignen, wie für die Bühne.
408 2996 1719 3090 Einer Dichtung wie der „Liebelei“ raubt man mit dem Wort
411 3031 1718 3124 geradezu die Seele — sie wird tot, nichtssagend, leer, im Höchst¬
416 3075 1716 3167 fall eine schöne Attrappe. — Voran geht ein Posse „Don Juan
409 3112 1717 3206 heiratet“ mit Joseph Giampietro in der Titelrolle und
401 3160 1709 3257 mit etwas beklommenem Gefühl sieht man (im Rahmen einer
419 3203 1723 3309 witzlosen Farce) diesen in Wirtlichkeit bereits der Erde wieder¬
426 3249 1723 3343 gegebenen Körper wieder in seiner ganzen Volubilität sich bewegen,
418 3285 1725 3386 sieht dies moquante Lächeln und die charakteristischen Gesten.
420 3339 1724 3434 kurz nach dem Tode eines Künstlers, den man liebgeyonnenütet
417 3378 1725 3475 seine Wiederauferstehung im Film fast ein wenig nh#lich an.
1500 3426 1665 3492 A. D.
1992 433 2423 510 Husschnitt aus:
2213 457 3127 573 22FE. e Morgent Secm
1988 542 2156 597 vom:
2299 595 2695 683 Tauenßien=Theater.
1855 662 3136 725 7Von den vielen Theaterstücken, die in der letzten Zeit verfilmr
1841 712 3139 771 worden sind. ist das erfolgreiche Drama „Liebelei“ des Wiener
1842 769 3139 829 Autors Schnitzler das neueste, dessen Vorführungsrecht sich das
1850 818 2788 866 hiesige TälenhreneTheater gesichert hat.
1926 821 3147 904 Das Personenverzeichnis dieses Filmwerkes weist gegenüben
1848 889 3142 957 demjenigen des Bühnenstückes einige kleine Veränderungen ai.
1840 951 3149 1019 Di Gestalt der Frau Katharina Binder, die wir auf dem Theater
1849 999 3131 1050 ledigsich in den Expositionsszenen zu sehen bekommen, brauchte bei
1849 1037 3112 1081 der Bearbeitung für das Kino nicht berücksichtigt zu werden; da
1859 1061 3123 1123 gegen bemerken wir auf der Leinwand eine andere handelnde Figur,
1857 1111 3131 1164 die im Theater hinter den Kulissen bleibt: Adele Schroll, die Frau¬
1860 1174 3135 1237 Herr“ figuriert. Alle die Ereignisse, deren im Theater im Dialog
1861 1224 3144 1272 Erwähnung getan wird, spielen sich natürlich im Film chronologisch
1849 1267 3139 1309 vor unseren Augen ab. Tief ergreisend ist der von dem Original
1858 1307 3144 1349 einigermaßen abweichende Schluß des Kinostücks, zu dessen vorzüg¬
1849 1339 3153 1408 licher Darstellung sich eine Anzahl hervorragender Künstler — unter
1849 1385 2828 1424 ihnen Pfylander=Kopenhagen — vereinigt haben. —
1931 1411 3148 1458 Der dem Drama vorausgehende Film „Don Juan hei¬
1861 1457 3154 1510 ratet“ ist, obwohl eine Posse, doch eine wehmütige Erinnerung.
1849 1491 3156 1549 Die Hauptrolle spielt hier kein anderer als der dahingeschiedene
1849 1538 3158 1588 Josef Giampietro, und so löst das Stück trotz seines Humors
1860 1566 3160 1619 ein schmerzliches Gedenken aus an den Mann, der zwar da auf der
1859 1611 3164 1670 weißen Fläche zu leben scheint, in Wirklichkeit aber nicht mehr auf;
1854 1661 2910 1708 stehen wird, um dem Publikum seine Kunst zu geben.
1918 1674 3167 1757 Die „Rundschau aus aller Welt“, eine prächtige Naturaufnahne
1846 1743 3173 1801 von den schwedischen „Trollhättanfällen“, sowie eine lustige Komödie
1862 1791 2733 1859 ergänzen das sehenswerte optische Programm.
2233 2043 3203 2120 Tagesbete aus Mähren und Schlesien
2000 2106 2424 2189 Husschnitt aus:
2596 2108 2800 2197 Bünn.
2250 2163 2870 2258 Z3FEB191 Abendblatt
1897 2229 2495 2302 vones Wäntigen zu sichern.
1984 2281 3124 2359 „Liebelei“ von Artur Schuitzler im Empire Bio Co.,
1890 2342 3166 2435 Großer Platz. Gegen alle Befürchtung ist Schnitzlers¬1
1902 2402 3136 2458 wundervolle „Liebelei“ durch die Verfilmung nicht verzer#t
1888 2447 3117 2513 und vergröbert worden, wenn man von dem letzten Bild,
1895 2499 3159 2562 dem hinzuerfundenen Herzschlag Christinens am offenen
1897 2538 3106 2608 Sarge Fritzens, absieht. Was in der Dichtung notgedrungen
1887 2595 3103 2640 berichtete Vorgeschichte bleiben mußte, tritt hier plastisch
1896 2641 3100 2718 und packend gestellt an den Anfang. Fritzens und „Chri¬
1897 2695 3094 2754 stinens Bekanntschaft in einer Tanzstunde, das erste Ren¬
1897 2740 3104 2811 dezvons im Freien, das Verhältnis mit der Fabrikantens¬
1887 2803 3111 2853 gattin und dessen Entdeckung durch den Mann. Dann folgen
1897 2846 3104 2888 die bekannten Szenen des ersten Aktes, die Forderung zum
1888 2878 3100 2963 Duell, der Besuch in Christinens Zimmer und das
1894 2941 3106 2995 Duell selbst. Christinens langes Harren auf die Rückkehr
1887 2987 3118 3042 des Geliebten, die Todesnachricht und der neu hinzugekom¬
1903 3036 3098 3108 mene Tod des Mädchens im Trauerhause bilden den auch
1897 3083 3093 3156 im Kino ans Herz greifenden Ausgang dieser stimmungs¬
1898 3132 3100 3206 gewaltigen Liebestragödie. Waldemar Pfylander spielt den
1902 3181 3090 3242 Fritz mit vollendeter mimischer Kunst und auch die anderen
1893 3238 3094 3294 Darsteller kommen dem Geist Schnitzlers möglichst nahe.
1899 3275 3089 3347 Leider ist der Film nicht in Wien ausgenommen und so
1903 3322 3096 3390 fehlt das uns allen vertraute liebe Milieu. Dem ernsten
1903 3380 3107 3425 Schauspiel geht ein Possenakt voraus: „Don Juan hei¬
1899 3429 3099 3471 ratet.“ Man lacht zwar, aber ein wehes, melancholisches
1888 3473 3088 3539 Gefühl beschleicht den Zuschauer: denn der köstliche Josef¬
1884 3520 3085 3585 Giampietro, der hier in den drolligen Situationen so be¬
1887 3580 3101 3638 zwingend komisch umherschwirrt, liegt schon viele Wochen
1886 3622 3099 3687 unter der Erde. — Der Besuch des Liebeleifilms wird
1887 3675 3096 3746 sicher auch alle die nicht reuen, die dem Kino ablehnend
1888 3711 2248 3786 gegenüberstehen.
1974 3766 2563 3840 Großzer Einhr####:#
