3436 4256
183 140 268 230 5
325 149 715 223 Liebelei
865 146 1296 241 box 13/4
292 205 849 263 —
833 652 1077 700 I. Oesterr.
593 640 1174 726 ERVER verere. kors.
432 718 1174 761 Büro für Zeitungsnachrichten
429 759 1179 801 WIEN I, WOL ZEILE 11
451 790 1215 868 OeBterTeIcH Sei FIIn¬
489 849 984 938 zeitug, die,
612 955 945 1032 4. 5. 1953
635 1060 921 1135 Liebelei
416 1115 1217 1199 Die Firma Koppelmann &
347 1186 1219 1237 keiter bringt „Liebelei“, einen
342 1226 1201 1290 Tonfilm-nach Arthür Schnitzlers Büh¬
352 1273 1210 1336 nenwerk, zur Erscheinung. Die Manu¬
346 1328 1216 1389 skriptautoren haben es verstanden, die
352 1382 1216 1433 Handlung des Bühnenwerkes mit
349 1437 1213 1475 filmisch wirksamen Szenen auszuge¬
342 1476 1225 1539 stalten, Regisseur Max Ophüls hat die
344 1531 1207 1589 Atmosphäre des Vorkriegs-Wiens in
337 1579 1218 1635 zahlreichen charakteristischen Zügen
339 1642 1217 1685 lebendig gemacht. — In der Hofoper ist
352 1676 1219 1744 ein glanzvolles Publikum versammelt.
347 1725 1216 1783 auf der Galerie steht kunstbegeisterte
347 1781 1205 1842 Jugend, darunter Mizzi Schlager, ein
337 1839 1215 1887 etwas leichtsinniges Mädel, und ihre
335 1885 1210 1932 Frcundin Christl, die Tochter des
335 1921 1212 1982 Opernmusikers Weyring. Da fällt den
350 1976 1205 2022 Mäuenen der Operngucker aus der
335 2019 1204 2082 Hand, vor die Füße des Dragonerober¬
337 2063 1212 2127 leutnants Theodor Kaiser, der mit
333 2130 1211 2193 seinem Freund Leutnant Fritz Loh¬
336 2184 1205 2237 heimer im Theater ist. Während Fritz
339 2219 1205 2279 die Oper vor Schluß verläßt, um die
348 2272 1212 2323 Baronin von Eggersdorf aufzusuchen.
332 2319 1208 2370 lernt Theodor bei der Rückgabe
338 2385 1192 2432 des Opernguckers die beiden Mäd¬
334 2417 1212 2477 chen kennen und freundet sich mit
336 2467 1203 2527 Mizzi rasch an. Durch ihn wird Fritz
343 2514 1204 2581 mit Christl bekannt. Als Fritz seine
331 2579 1202 2628 Liebe zur Baronin schon nahezu ver¬
341 2614 1211 2679 gessen hat und ihn mit Christl schon
345 2664 1201 2724 ein inniges tiefes Gefühl verbindet, er¬
344 2711 1210 2763 langt der Baron Gewißheit über die
334 2766 1195 2812 Beziehungen seiner Frau zu dem Leut¬
347 2825 1199 2872 nant. Nur ein Duell zwischen ihm und
340 2862 1191 2930 Fritz kann die Angelegenheit austragen.
347 2909 1210 2963 und Christl erfährt Erst nach dem
339 2959 1205 3018 Tode des jungen Mannes, daß er
351 3009 1211 3062 wegen einer anderen Frau sterben
331 3061 1197 3109 mußte. Das kann sie nicht über¬
333 3107 1209 3163 leben und folgt ilm in den Tod.
411 3156 1198 3222 Unter den ausgezeichneten Darstel¬
341 3205 1209 3263 lern dieses Films muß an erster Stelle
345 3256 1201 3319 Luise Ullrich erwähnt werden, die
340 3306 1208 3367 Mizzi Schlagers Rolle mit lebensvoller
327 3360 1196 3419 Natürlichkeit spielt. Magda Schnei¬
339 3403 1209 3473 der zeigt als Christl eine neue Seite
341 3453 1194 3510 ihrer Begabung. Wolfgang Lieben¬
333 3505 1188 3568 einer und Willi Eichberger spie¬
341 3561 1200 3611 len die beiden jungen Offiziere sehr
337 3608 1203 3660 sympathisch. Glanzleistungen sind auch
344 3651 1207 3699 die Darstellungen Paul Hörbigers
340 3711 1209 3761 als Weyring, Olga Tschechowa
334 3749 1212 3807 als Baronin und Gustav Gründgens
333 3801 1202 3864 als Baron von Eggendorf. Ein sehr ge¬
343 3852 1211 3918 lungener Film, der in Wien besonders
336 3899 673 3980 gefallen wird.
1956 1674 2463 1790 „ORSENNER“
1891 1750 2566 1846 Wien, I., iie Nr. 11
1984 1819 2480 1904 Telafon R-23-0-43
1992 1895 2521 2000 Hersennert, WIEN
2148 2011 2572 2106 4. URZ. 1933
2086 2164 2355 2230 Liebelei.
1856 2221 2702 2279 Knanv nach der Aufführung im „Theater in
1778 2249 2698 2319 der Josefstadt“ ist nun auch eine Vertonfilmung
1778 2312 2697 2361 des Meisterwerkes Schnitzlers erschienen und
1789 2346 2693 2391 man freut sich feststellen zu können, daß es wie¬
1792 2379 2693 2431 der einmal gelungen ist, die Hilfsmittel der
1790 2405 2702 2487 Filmkunst dazu zu verwenden um ein Kunstwerk
1791 2460 2685 2513 von einer neuen Seite zum Erlebnis werden zu
1787 2494 2713 2553 lassen. Max Ovhüls führt geschmackvolle Re¬
1781 2527 2694 2587 gie. die die nicht nur hübsche, sondern auch be¬
1780 2577 2691 2633 gabte Maada Schneider als Christine und Luise
1785 2617 2690 2679 Ullrich als Schlager=Mitzi, Willi Eichberger.
1788 2641 2685 2698 Wolfgang Liebensteiner, Paul Hörbinger und
1791 2694 2683 2740 Gustav Gründgens zur vollausgenutzten Geltung
1780 2736 2705 2811 kommen läßt. Ein Film, der Wiener Luft und
1788 2763 2227 2836 Wiener Wesen atmet.
