3484 4224
405 157 699 231 febele
200 161 746 260 5. 11
431 1296 1519 1413 Ausschnitt aus: Köchische Zeituare
431 1407 910 1474 vom: 19 GUN
896 1407 1127 1518 —
639 1480 1356 1619 Theater und Musik. /4
836 1591 1071 1661 Liebelei.
427 1634 1584 1726 * Im Deutschen Theater ging am Samstag Arthur
665 1695 1587 1759 chanptel Liebelei über die Bühne. Von den
338 1742 1589 1804 beiden Liebespaaren wurde das oberflächliche Paar, das
356 1769 1579 1835 mit nüchterner Lebensklugheit die Liebe als einen ver¬
1469 1796 1580 1850 von
1002 1811 1465 1868 Zeitvertreib betrachtet,
353 1817 1003 1882 pnüglichen, jederzeit kündbaren
349 1843 1589 1926 Rudolf Blanckarts und Mizzi Korth Halper sehr flott,
361 1882 1585 1960 mit trefflichem Humor und echter Wiener Lokalfarbe gespielt; das
351 1914 1590 1987 andere Paar machte nur hier und da schüchterne Versuche in der
364 1957 1589 2026 Wiener Mundart. Auch fehlte es Wolfgang Bartels, der sich
360 1998 1595 2071 übrigens viel natürlicher gab als in den Stücken von Strindbeig, ein
362 2034 1589 2118 wenig an lebemännisch reichter Eleganz und einem Anhauch öster¬
364 2073 1591 2159 reichischen Dandytums. Die Rolle der Christine, des süßen Mädels,
363 2113 1595 2191 das es so bitter ernst mit der Liebe nimmt, war einer Anfängerin,
359 2151 1601 2222 Else Lesebore, übertragen. Im äußern Auftreten, in den Be¬
369 2189 1597 2265 wegungen, ist die Darstellerin noch nicht über die angelernte Schablone
376 2233 1595 2305 der Theaterschule hinaus; sie spielte auch kein Wiener Mädchen son¬
367 2269 1601 2340 dern eine sentimentale Liebhaberin, wie der Fachausdruck heißt, schlecht¬
364 2307 1603 2387 weg. Aber über diese Mängel, welche Zeit und Arbeit tilgen können,
366 2344 1606 2424 sieht man gern hinweg, da die Künstlerin, die durch ein ansprechendes
375 2375 1593 2453 Außere unterstützt wird, über eine gute Sprechtechnik verfügt und in
377 2421 1601 2502 den tragischen Szenen eine bemerkenswerte Kraft der Empfini##ng
373 2457 1609 2538 offenbarte, so daß man an ihr Auftreten Hoffnungen knüpfen darf.
374 2499 1602 2588 Der Vater Christlnes wurde von Kurt Marx, die Frau Binder von
373 2543 1602 2597 Erna Geschwandner recht befriedigend gespielt. Wir glauben,
376 2581 1623 2660 einem Wunsch des Publikums zu entsprechen, wenn wir dem Theater
387 2618 1164 2707 eine etwas größere Pünktlichkelt empfehien.
2467 649 2767 718 1 „l
2072 683 2865 781 (QuelienAphr Gie (wind. eitung
1856 745 2297 832 Ausschnitt aus:
1862 800 2456 903 vom: 2500A 1976
1879 885 2948 963 Eeßelei, von Arthur Schnlhlex. Castspiel des 6e4.
1777 941 2648 1019 Grete Reiul vom Kleinen Theater in Berlin.
1902 966 2923 1040 Es gibt eine Anzahl Kritiker, bei denen Schnitzler
1776 1012 2918 1092 nicht gut wegkommt. So wird er anläßlich der Urauffüh¬
1790 1080 2908 1116 rungen seiner letzten drei Einakter. „Stunde des Erkennens“
1793 1077 2919 1158 „Das Bachusfest“, „Große Szene;, die in Wien und Frank¬
1789 1133 2925 1193 furt zu gleicher Zeit über die Breiter gingen, als der müde,
1799 1174 2924 1232 #trontsche Skeptiker, den jeder Schwung und alle Begeisterungs¬
1792 1230 2927 1272 fähigkett fehlt, genannt. Jeder Mensch hat Freunde und
1795 1250 2923 1299 Feinde und die schlechtesten Frichte sind es nicht, woran
1792 1298 2935 1354 die Wespen nagen. Daß Schnitzler, der Seelenarzt Schnitzler,
1803 1327 2949 1383 in vielen seiner Werke eine Mischung von lüsterner Sinn¬
1795 1375 2923 1423 lichkeit und bedenklicher Grotik mit Sentimentalität uni
1790 1406 2923 1465 blasiertem Philosophieren mischt, ist ja jedem bekannt. Ich
1788 1443 2927 1497 verweise nur auf seine literarischen Erzeignisse, die nicht
1796 1490 2925 1551 für die Bühne geschrieben sind. Wenn man ihn aber in
1796 1514 2927 1574 seinen Bühnenwerken einen ähnlichen Vorwurf machen
1793 1556 2924 1621 wollte, so wäre dieses Generalisieren verfehlt. In, Liebelel“
1793 1615 2936 1656 lernt man Schnitzler als Dichter von innerer Wahrheit
1803 1639 2950 1703 kennen. Seine Seelenanalyse des Weides ist von psycho¬
1794 1689 2946 1746 logischer Tiefe, der Aufbau des Werkes selbst von Virtuosität.
1801 1727 2964 1771 Mon verstehe mich nicht falsch, wenn ich Schnitzler das
1795 1753 2935 1817 Wort rede; aber einige seiner Werke können Anspruch auf
1800 1797 2965 1877 g rechte und gute Wertung machen. Und hieher gehört
1801 1848 2026 1910 „Liebelei“.
1910 1866 2977 1939 Das Stück ist ja so bekannt, daß eine Inhaltsangabe:
1801 1918 2982 1978 wohl nicht nötig ist. Also die Aufführung: Der Gast, Grete
1795 1956 2944 2021 Reinl, ein Franzensbader Kind, hatie natürlich ein aus
1794 2003 2945 2047 verkauftes Haus und wurde mit Blumen fast überschüttet.
1801 2026 2945 2093 Der überaus große Beifall. der ihr als „Mizzi Schlager“
1806 2074 2964 2135 gezollt wurde, ist aber „ganz“ auf das Konto ihrer Leistung 1
1798 2127 2957 2187 zu schreiben. Frisch, sprudelnd, ohne krankhafte Moderni¬
1802 2150 2929 2218 täten, war ihre „Mizzi“ einfach köstlich. Das größte Lob
1810 2192 2962 2255 dürfte wohl darin gipfeln, wenn wir dem Wunsch: Ausdruck
1809 2251 2980 2290 verleihen, sie möchte bei einer anderen Gelegenheit nochmals
1811 2271 2964 2331 gastieren. Daß eine so geschlossene Vorstillung zustande (
1811 2315 2989 2375 kam, ist der zielbewußten Arbei: unseres ganz vorzüglichen z
1802 2361 2947 2405 Regisseurs Leo Bowacz zu danken. Man sieht aus der
1807 2385 2958 2441 Darstellung der einzelnen Rollen, daß er das Empfinden
1811 2442 2956 2481 des Schauspielers nicht vergewaltigt, sondern belebt durch
1809 2472 2955 2523 sein Wort und nicht zuletzt durch sein eigenes brillantes
1813 2522 2948 2579 Spiel. Daß Bowacz auch Klavier spielt, wie c., die Rolle
1803 2553 2951 2611 als Fritz Lobheimer verlangt, macht die Figur des Fritz erst
1813 2600 2951 2641 recht nalürlich. Wir hatten seit Jahren keinen so tüchtigen
1814 2635 2951 2682 Schauspieler und Spielleiter wie Bowacz. Georg Seide¬
1819 2662 2989 2728 mann als Weiling und Tha Burkhart als Katharina
1803 2706 2950 2774 Binder waren sehr gut. Franz von Kirsch war ein
1816 2743 2956 2799 richt guter Theodor, der mit seinem süßen Weaner
1811 2783 2945 2842 Madl, der Mizzi, das Leben nimmt wie es ist.
1812 2810 2971 2885 Als Christine stellte sich Hertha von Franken vor. Die
1814 2859 2977 2924 sinnige ernsthafte Natur dieses Mädchens wurde durch
1826 2917 2970 2965 v. Franken besonders gut zum Ausdruck gebracht. Die
1814 2941 2976 3013 Szene, wo Fritz ein Stündchen stillen Glückes genießt und
1817 2990 2958 3044 dann Abschied nimmt, war einsach überwältigend schön.
1818 3024 2955 3072 Bowacz und v. Franken war ein Paar, das an dem großen
1815 3059 2950 3117 Erfolge des Abends, nächst dem Gaste, reichsten Anteil
1817 3093 2950 3149 hatte. R. Volker gab den betrogenen Herrn der unbe¬
1822 3147 2951 3211 kannten Dame, um derentwillen der arme Fritz sein Leben
1815 3188 2103 3246 lassen mußte.
1933 3196 2973 3272 Die Vorstellung war wie aus einem Guß. Jeder
1823 3252 2950 3310 der Darsteller gab sein Bestes. Der Beifall war denn auch
1819 3305 2959 3354 ein sehr stürmischer und galt sowohl der „lieben Gastin“ in
1820 3326 2983 3422 erster Linie als auch unseren heimischen tüchtigen Kräften.)
