3484 4224
659 198 717 279 2
481 187 583 279 1
279 208 963 316 5. Lausei
210 923 674 1007 er Theatersaison 1895/96.
200 1019 1021 1092 sgut ist wie er selbst, über Wasser ge¬
210 1088 1037 1157 tte ein Ende, wenn nicht, wie bei Haupt¬
205 1149 1034 1225 und beim frommen Glauben, in höchster
204 1210 1038 1278 hsten wäre. Gott schickt, ein wenig ex
199 1264 1037 1333 tsch=Amerikaner, der nach einiger Wider¬
206 1324 1045 1396 Päckchen Geldmangels und Herzensfülle
197 1383 1044 1457 kmmt und an den Sonnenschein trägt.
196 1437 1048 1514 fück sind die Menschen. Sie sind von
201 1496 1039 1570 schildert, die zugleich lächelnd auf sie
204 1572 1038 1632 or ihnen auf den Knieen liegt. Der
208 1616 1039 1689 ter, der Bub, sie leben und sind liebens¬
205 1684 1029 1747 fanche Züge mögen zu unmittelbar aus
191 1724 1045 1816 kein, stellen sich nicht genügend in den
210 1805 1040 1872 ptivirung und Oekonomie, sind zu wenig
215 1860 1037 1920 mmigkeit des Mädchens, die lyrische
193 1909 1040 1988 lismutter, die Zuneigung des rettenden
204 1980 1046 2042 Familie, das Judenthum des künftigen
211 2034 1028 2093 dadurch ein Uebererichthum an Charak¬
232 2085 1047 2155 schlanke Bäumchen zu üppig in die
208 2147 1036 2220 heiten erkennt man, daß die Dichterin
225 2209 1046 2281 zu lieb war, nicht ganz frei geworden
225 2266 1037 2342 als erfunden. Der Komposition fehlt
222 2333 1049 2403 so verflatternd die Handlung ist, so
193 2385 1046 2465 tails; entzückende Einfälle, entzückende
212 2443 1024 2514 Herzensgrund geholt. Für unser Ber¬
205 2495 1042 2586 kmend, daß diese „Gefühlskomödie“, die
232 2554 1040 2640 ziemlich weit entgegenkam, einen viel
226 2615 1041 2695 als Schönthan=Koppels windige
197 2672 1044 2746 (Lessingtheater oder gar im Königlichen
204 2742 960 2823 nieks dummdreiste „Kranke Zeit“.
220 2800 1044 2871 Milieurealisten steht der Dichterin von
215 2856 1038 2928 sten Georg Hirschfeld, an dem jener
223 2908 1041 2992 der Hofbühne umsonst sein kraftloses
222 2978 1048 3049 kühlen wagte. Frau Bernstein und
218 3032 1031 3092 rt Hauptmann tief angeregt worden.
209 3090 1036 3169 icht ihr berühmtes Muster, dem ein
204 3149 1040 3227 kenlos nachahmt. Vielmehr scheint er
210 3202 1039 3278 elen gewesen zu sein. Sie haben sich
217 3273 1049 3353 t, nicht wie vor zwanzig Jahren Lindau
224 3322 1041 3417 und Dumas, sondern wie vor hundert¬
974 183 1427 289 box 10/3
2726 901 2850 979 491
1796 899 2492 995 Die Berliner Theatersaison 1895/96.
1450 1032 2855 1087 zwanzig Jahren der junge Goethe an Shakespeare. Mit ihrer
1442 1065 2861 1139 reichern Bildung, ihrem reifern Geist, ihren tiefern Kunsterfahrungen
1454 1133 2855 1199 steht Frau Bernstein dem voranschreitenden Dichtgenossen freier
1446 1192 2857 1254 gegenüber, als der blutjunge Hirschfeld, der vom Eindruck noch
1444 1244 2855 1296 befangen ist und sich selbst noch sacht. Wie im „Tedeum“, so
1442 1292 2861 1375 handelt sichs auch in den „Müttern“ um einen Musikanten, der
1453 1363 2854 1436 sich in den Nöthen des Lebens nicht zu helfen weiß, um dessen
1445 1429 2867 1493 Schicksal Freundesherzen zittern, Freundeshände sorgen. Dort
1445 1477 2850 1548 ein Alter, hier ein Junger. Jener konnte was in seiner Kunst,
1437 1541 2861 1602 dieser möchte was können. Beide lassen sich „bemuttern“. Im
1450 1602 2853 1662 „Tedeum“ steht die Dichterin selbst ihrem „großen Kinde“ mütter¬
1439 1658 2855 1734 lich=töchterlich gegenüber; der freie Blick der Liebe schuf hier ein
1442 1721 2852 1784 entzückend wahres Charakterbild. In den „Müttern“ scheint der
1449 1775 2862 1851 Dichter sein „kleines Kind“ in sich selbst gesucht zu haben. Er gab
1445 1829 2854 1913 ihm das eigne Weh; so stand ihm die Gestalt zu nah, als daß er
1437 1889 2859 1967 sie hätte überblicken können. Das alte Mißgeschick deutscher Roman¬
1443 1966 2862 2028 helden, in denen sich das eigne Ich ihcer Dichter spiegeln sollte,
1444 2009 2856 2072 ereilte auch diesen urmen Judenknaben Robert Frey: das Interesse
1446 2062 2855 2141 des Dichters an sich selbst macht theils zu viel Wesens mit ihm,
1443 2123 2853 2193 theils zieht ihn des Dichters moralischer Katzenjammer zu tief ins
1448 2186 2858 2255 Schwächliche, Weichliche hinunter. So schwankt etwas armselig
1444 2240 2865 2300 seine verschwommene Gestalt zwischen unausgeglichenen Gegensätzen
1445 2307 2864 2369 und wird allmählich uninteressant. Das künstlerische Meisterstück,
1443 2361 2850 2432 sich selbst zu objektiviren, ist Goethe im „Werther“ und im „Wilhelm
1452 2414 2841 2487 Meister“, Keller im „Grünen Heinrich“ und in „Pankraz dem Schmoller“
1447 2474 2853 2558 gelungen. Wenn es dem jungen Hirschfeld nicht gelungen ist, so
1447 2556 2850 2609 darf er sich (unsre Dramatiker haben dieses Schwerste selten genug
1448 2597 2860 2678 gewagt) mit unzähligen ältern Romanschriftstellern trösten. Auch
1443 2662 2858 2733 in den „Müttern“ wühlt der schmerzenreiche Kampf um eine arme
1446 2722 2856 2784 Seele, an der wir uns nicht wärmen können. Desto heißer erregt
1443 2778 2851 2833 der Kampf selbst, erregen diejenigen, die den Kampf führen. Es
1443 2830 2846 2904 sind (der Titel trifft Wesen und Werth des Stückes) „die Mütter“
1452 2900 2855 2972 Robert ist von einer Mutter zur andern gegangen; von seiner leib¬
1442 2939 2863 3023 lichen Mutter zu einer Art Pflegemutter. Diese Pflegemutter ist
1441 3021 2860 3079 sein Verhältniß, seine Geliebte, mit der er nicht nur, wie es in
1456 3066 2846 3137 Sudermanns „Ehre“ heißt, „geht“, sondern bei der er sogar ein¬
1443 3126 2860 3205 liegt. Der verlorne Sohn des wohlhabenden Fabrikantenhauses
1455 3194 2860 3254 findet in der Arbeitstube dieser armen Proletarierin Bett und Tisch,
1441 3236 2858 3305 und Alles nur um Liebe! Sie fühlt sich Mutter seines Kindes,
1438 3306 2859 3393 aber noch mehr ist sie ihm selbst, dem hilflosen, willensschwachen
