3484 4256
364 158 592 234 iebe
187 153 1289 267 5ei box 13/7
2270 79 2520 142 F. M. S.
2522 111 2950 181 London, 5. Augrst.
2128 177 2983 234 In Londoner Theaterkreisen herrscht bereits Hoch¬
2016 211 2992 263 betrieb. Die meisten Direktoren bereiten ihre Herbst¬
2020 244 2993 298 novitäten vor von denen nicht weniger als fünszig in
2023 289 3005 356 den ersten Wochen der kommenden Saison aufgeführt
2019 323 2303 389 werden sollen.
1906 354 3009 439 Es ist für Londons Theaterkonjunktur bezeichnend, daß fast
1793 418 3011 480 alle Bühnen des Westends über den ganzen Sommer vergeben
1802 468 2999 535 sind, und auch in diesen Tagen noch zahlreiche Premieren statt¬
1803 516 3005 590 finden. Tatsächlich ist der durch das schlechte Wetter geförderte
1802 566 3006 633 Theaterbesuch gegenwärtig noch öesser als in den Monaten der
1809 629 3003 682 Hochsaison. Das englische Theater lebt nicht von den Parterre¬
1809 646 3003 734 beiuchern, sondern von dem Galeriepublikum, das sich gegenwärtig
1799 717 2993 793 eher entschließt, ein Theater aufzusuchen als im Winter. Es fehlen
1804 764 3002 838 nur die „oberen Zehntausend“, die elegante Gesellschaft, die dem
1805 805 2999 878 gesellschaftlichen Leben den glanzvollen Hintergrund bietet, die
1805 871 3000 929 Mitglieder des Hofes, die jedem Ereignis das festliche Gepräge
1817 922 1949 1001 geben.
2130 950 2673 1038 Wiener Operettenkonjunktur.
1895 999 3020 1081 Die Jazzoperette hat sich überlebt. Die synkopièrte Musik hat
1818 1081 3017 1132 keinen Anklang mehr gefunden und die Theaterproduzenten kehren
1808 1107 3015 1183 zur Wiener Operette und den nach ihrem Modell geschaffenen
1820 1172 3008 1232 melodiösen und liebenswürdigen Musikstücken zurück, die vor ein
1810 1205 3002 1289 paar Jahren noch als „altmodisch“ verrufen und aus dem
1815 1251 2997 1320 Repertoire gestrichen wurden. Einstweilen sind drei große
1814 1300 2983 1381 Operettenpremieren von Wiener Meistern für die ersten Herbst
1804 1348 3006 1419 wochen angelündigt. C. B. Cochran bereitet „Liebelei“ mit
1816 1395 3002 1463 der Musik von Oskar Straus und Irene Eisinger in der
1803 1444 3005 1523 Hauptrolle vor. Straus wird auch mit seinen „Drei Walzer“
1819 1504 3020 1561 im Londoner Herbstrepertoire vertreten sein. Cochran hat über¬
1812 1544 3031 1604 dies Gitta Alpars Londoner Bühnendebüt für den Herbst in
1811 1589 3026 1679 Brodszkys „Königin“ angesetzt. Wie man hört, wird auch
1825 1637 3019 1716 „Gaby“ eine Operette von Bernard Grün, aufgeführt werden,
1811 1687 3019 1760 und Robert Katscher, der Komponist der „Wunder=Bar“, arbeitet an
1824 1732 3008 1796 der Vorbereitung einer großen musikalischen Komödie, die gleich¬
1822 1788 3009 1859 falls im Herbst in London herauskommen wird. Die Verhand¬
1825 1811 3019 1901 lungen über eine Londoner Aufführung der „Eva“ von Franz
1828 1878 3019 1942 Lehar sind noch nicht abgeschlossen. Eine der größten musikal schen
1829 1923 3022 1991 Sensationen verspricht man sich von der Operette des englischen
1826 1979 3013 2038 Komponist.n Carlile „Magische Liebe“, in der die Wienerm
1833 2027 2614 2088 Alice Hübsch in London debütieren wird.
2201 2077 2630 2163 Hausse in Tragödien.
1901 2119 3038 2211 Es ist interessant und für die gegenwärtige Theaterkonjunktur!
1799 2185 3042 2275 bezeichnend, daß die Produzenten es wieher wagen, mit ernsten
1804 2274 3006 2347 Dramen herauszukommen, während man sich in den letzten
1806 2336 3015 2388 Jahren nur auf Komödien verlegt hatte, um einzig und allein
1807 2380 3011 2433 ür die Unterhaltung des Publikums zu sorgen. Sir John Martin
1794 2429 3008 2494 Harvey hat Professor Max Reinhardt eingeladen, im Herbst
1804 2487 3005 2540 „Oedipus Rex“ im Lyzeumtheater, wo vor einigen Jahren
1799 2525 3006 2583 das „Mirakel“ aufgeführt wurde, zu inszenieren. Nancy Price
1800 2568 3008 2631 eine der stärksten schauspielerischen Erscheinungen der englischen
1793 2622 3007 2675 Bichne und zugleich eine aufrichtige Wegbereiterin echter Theater¬
1792 2655 3016 2719 ku ist, plant die Aufführung von Stephan Zweigs „Jeremias“.
1795 2705 3014 2771 Gegenwärtig läuft unter ihrer Leitung „Das Insekten¬
1805 2753 3014 2811 spiel“ der Brüder Capek mit dem großen Erfolg im Little¬
1805 2808 3017 2860 theater, während sie selbst die Hauptrolle, die Figur einer
1803 2841 3006 2906 Hundertjährigen, in „White oaks“, dem ersten kanadischen
1806 2896 2958 2953 Drama, das in Europa aufgeführt wurde, im Playhouse spielt.
1899 2949 3020 3010 Cochran hat ein besonders reiches Programm für den
1804 3012 3019 3069 Herbst. Er kündigt auch Elisabeth Bergner in Sir James
1798 3057 3018 3113 Barries Drama „Der Knabe David“ an. Das Stück mußte
1806 3108 3020 3163 wegen der plötzlichen Erkrankung der Bergner mehrmals ver¬
1793 3141 3019 3213 schoben werden, ist aber jetzt für Mitte September endgültig an¬
1799 3201 3012 3258 gesetzt worden. Zilahys „Ihreletzte Rolle“ wird mit Mary
1798 3251 3007 3308 Ellis in der Hauptpartie aufgeführt werden. Leontine Sagan
1805 3290 2999 3351 inszeniert das neue Stück von Novello „Careleß Rapture“
1792 3329 3019 3389 und Heinrich Schnitzler wird gleichfalls ein neues Werk
1798 3381 3024 3460 inszenieren. „Professor Bernhardi“ ist inzwischen in
1797 3430 3015 3511 einem größeren Theater herausgekommen und bildet den großen
1800 3479 2212 3557 Erfolg des Monats.
2196 3510 2623 3601 Ein Dutzend Revuen.
1906 3585 3012 3652 Die Vorschau wäre nicht vollständig, wenn man nicht auch
1797 3632 3015 3689 die zahlreichen Revuen, die für den Herbst vorbereitet werden,
1810 3689 3006 3741 erwähnen würde. Felix Ferry, der mit der Londoner
1811 3729 3020 3794 Aufführung der Salm=Revue sehr erfolgreich war, hat Lupe Velez
1803 3781 3012 3835 für seine nächste Produktion verpflichtet. Neue Revuen sind noch
1799 3831 3012 3871 im Windmilltheater, im Prince=Edward=Theater und im Saville¬
1803 3872 3016 3932 Theater geplant. Insgesamt werden im September und Oktober
1808 3930 3018 3998 nicht weniger als zwölf neue Revuen zur Aufführung kommen.
