<?xml version="1.0" encoding="UTF-8" standalone="yes"?>
<PcGts xmlns="http://schema.primaresearch.org/PAGE/gts/pagecontent/2013-07-15" xmlns:xsi="http://www.w3.org/2001/XMLSchema-instance" xsi:schemaLocation="http://schema.primaresearch.org/PAGE/gts/pagecontent/2013-07-15 http://schema.primaresearch.org/PAGE/gts/pagecontent/2013-07-15/pagecontent.xsd">
    <Metadata>
        <Creator>prov=University of Rostock/Institute of Mathematics/CITlab/Gundram Leifert/gundram.leifert@uni-rostock.de:name=ONB_Newseye_GT_M1+(htr_id=10810)::::v=2.4.2
prov=University of Rostock/Institute of Mathematics/CITlab/Tobias Gruening/tobias.gruening@uni-rostock.de:name=de.uros.citlab.module.baseline2polygon.B2PSeamMultiOriented:v=2.4.2
prov=University of Rostock/Institute of Mathematics/CITlab/Tobias Gruening/tobias.gruening@uni-rostock.de:name=/mnt/transkribus/LA/DEA/URO/LA_news_onb_att.pb:de.uros.citlab.segmentation.CITlab_LA_ML:v=2.4.2
Transkribus</Creator>
        <Created>2019-10-07T11:56:18.710+02:00</Created>
        <LastChange>2019-10-09T09:04:46.764+02:00</LastChange>
        <TranskribusMetadata docId="223992" pageId="9508551" pageNr="918" tsid="16632543" status="IN_PROGRESS" userId="40391" imgUrl="https://files.transkribus.eu/Get?id=HRNYNVKIZTTJISHHQRDFYONC&amp;fileType=view" xmlUrl="https://files.transkribus.eu/Get?id=FAQEKMQBTRJPGIWZLYWEBYYX" imageId="6197811"/>
    </Metadata>
    <Page imageFilename="223992_0918.jpeg" imageWidth="3392" imageHeight="4320">
        <ReadingOrder>
            <OrderedGroup id="ro_1711446059618" caption="Regions reading order">
                <RegionRefIndexed index="0" regionRef="r1"/>
            </OrderedGroup>
        </ReadingOrder>
        <TextRegion orientation="0.0" id="r1" custom="readingOrder {index:0;}">
            <Coords points="230,225 230,3880 3146,3880 3146,225"/>
            <TextLine id="r1l1" custom="readingOrder {index:0;}">
                <Coords points="379,260 740,271 770,259 771,212 649,197 580,220 524,196 474,219 446,197 427,211 380,201"/>
                <Baseline points="392,255 418,254 444,254 470,254 496,254 522,254 548,254 575,255 601,255 627,256 653,256 679,256 705,257 731,257 758,256"/>
                <TextEquiv>
                    <Unicode>Liebelei</Unicode>
                </TextEquiv>
            </TextLine>
            <TextLine id="r1l2" custom="readingOrder {index:1;}">
                <Coords points="219,288 947,281 1051,310 1357,279 1357,202 1277,190 537,260 219,189"/>
                <Baseline points="230,245 285,256 341,265 397,271 453,276 508,279 564,280 620,281 676,280 731,279 787,277 843,275 899,272 954,270 1010,268 1066,267 1122,266 1177,266 1233,268 1289,270 1345,274"/>
                <TextEquiv>
                    <Unicode>5. LELLELE box 11/5</Unicode>
                </TextEquiv>
            </TextLine>
            <TextLine id="r1l3" custom="readingOrder {index:2;}">
                <Coords points="2615,852 2631,850 2637,854 2646,853 2649,856 2651,853 2662,852 2656,786 2644,787 2640,790 2637,788 2624,801 2610,803"/>
                <Baseline points="2626,831 2648,829"/>
                <TextEquiv>
                    <Unicode></Unicode>
                </TextEquiv>
            </TextLine>
            <TextLine id="r1l4" custom="readingOrder {index:3;}">
                <Coords points="3070,844 3101,844 3110,845 3112,848 3131,844 3138,850 3147,850 3151,806 3139,805 3131,811 3113,808 3108,802 3106,805 3073,807"/>
                <Baseline points="3082,829 3109,829 3136,833"/>
                <TextEquiv>
                    <Unicode>1</Unicode>
                </TextEquiv>
            </TextLine>
            <TextLine id="r1l5" custom="readingOrder {index:4;}">
                <Coords points="2695,863 2730,852 2759,856 2787,845 2818,856 2824,851 2834,856 2841,848 2855,850 2853,796 2825,799 2775,782 2759,795 2754,792 2738,800 2721,796 2706,782 2692,783"/>
                <Baseline points="2706,836 2733,834 2760,834 2787,833 2814,832 2842,830"/>
                <TextEquiv>
                    <Unicode></Unicode>
                </TextEquiv>
            </TextLine>
            <TextLine id="r1l6" custom="readingOrder {index:5;}">
                <Coords points="2192,898 2717,880 2901,904 3136,886 3136,849 2191,868"/>
                <Baseline points="2203,889 2249,889 2295,889 2341,888 2387,888 2433,887 2479,887 2525,886 2571,886 2617,886 2663,885 2709,885 2755,885 2801,885 2847,885 2893,885 2939,886 2985,886 3031,887 3077,887 3124,888"/>
                <TextEquiv>
                    <Unicode>werk stellt sich somit als eine durchaus wert¬</Unicode>
                </TextEquiv>
            </TextLine>
            <TextLine id="r1l7" custom="readingOrder {index:6;}">
                <Coords points="1316,906 1594,905 1649,932 1978,902 2042,923 2148,907 2148,853 1316,882"/>
                <Baseline points="1328,906 1368,907 1408,907 1449,907 1489,907 1530,907 1570,906 1610,906 1651,905 1691,904 1732,904 1772,903 1812,902 1853,901 1893,901 1934,900 1974,900 2014,899 2055,900 2095,900 2136,900"/>
                <TextEquiv>
                    <Unicode>Schnitzlers „Tiebelei“ als Oper.</Unicode>
                </TextEquiv>
            </TextLine>
            <TextLine id="r1l8" custom="readingOrder {index:7;}">
                <Coords points="2196,927 3113,955 3137,887 2196,901"/>
                <Baseline points="2207,927 2252,926 2298,926 2344,926 2390,926 2436,926 2482,926 2527,926 2573,927 2619,927 2665,928 2711,928 2757,928 2803,929 2848,929 2894,929 2940,930 2986,930 3032,929 3078,929 3124,928"/>
                <TextEquiv>
                    <Unicode>volle Arbeit oar, die jeder Bühne eine dank¬</Unicode>
                </TextEquiv>
            </TextLine>
            <TextLine id="r1l9" custom="readingOrder {index:8;}">
                <Coords points="2196,989 2298,965 2375,979 2481,960 2564,977 2611,960 2679,977 2790,965 2790,939 2701,927 2196,928"/>
                <Baseline points="2209,961 2237,963 2265,964 2294,964 2322,965 2351,966 2379,966 2408,966 2436,966 2465,966 2493,966 2521,965 2550,965 2578,965 2607,964 2635,964 2664,964 2692,964 2721,964 2749,964 2778,964"/>
                <TextEquiv>
                    <Unicode>bare Aufgabe bieten würde.</Unicode>
                </TextEquiv>
            </TextLine>
            <TextLine id="r1l10" custom="readingOrder {index:9;}">
                <Coords points="1292,977 1782,962 1858,989 1886,963 2037,980 2150,957 2074,906 1292,930"/>
                <Baseline points="1303,971 1344,971 1386,971 1428,972 1470,972 1512,971 1553,971 1595,971 1637,971 1679,970 1721,969 1762,969 1804,968 1846,967 1888,966 1930,965 1971,964 2013,962 2055,961 2097,960 2139,958"/>
                <TextEquiv>
                    <Unicode>. Fränkfurt a. M., 19. Septbr.</Unicode>
                </TextEquiv>
            </TextLine>
            <TextLine id="r1l11" custom="readingOrder {index:10;}">
                <Coords points="315,981 405,1012 730,1013 826,985 897,1014 982,988 1196,1015 1197,883 1036,913 926,870 657,919 560,878 315,889"/>
                <Baseline points="327,976 369,979 412,980 455,982 498,984 541,985 584,985 627,985 670,985 713,985 756,984 798,984 841,983 884,983 927,982 970,982 1013,982 1056,983 1099,983 1142,985 1185,987"/>
                <TextEquiv>
                    <Unicode>Theater und Musik.</Unicode>
                </TextEquiv>
            </TextLine>
            <TextLine id="r1l12" custom="readingOrder {index:11;}">
                <Coords points="2274,1010 3122,1017 3139,967 2274,977"/>
                <Baseline points="2287,1003 2329,1004 2371,1004 2413,1004 2455,1004 2497,1004 2539,1003 2581,1003 2623,1003 2665,1003 2707,1002 2749,1002 2791,1002 2833,1002 2875,1002 2917,1002 2959,1003 3001,1003 3043,1004 3085,1005 3127,1006"/>
                <TextEquiv>
                    <Unicode>Die Aufnahme des Werkes war geradezu</Unicode>
                </TextEquiv>
            </TextLine>
            <TextLine id="r1l13" custom="readingOrder {index:12;}">
                <Coords points="1309,1026 1835,1034 1961,1009 2098,1032 2190,1002 2190,967 1309,983"/>
                <Baseline points="1321,1014 1363,1013 1406,1013 1449,1013 1492,1013 1535,1013 1578,1014 1621,1014 1664,1014 1707,1013 1750,1013 1792,1013 1835,1013 1878,1012 1921,1011 1964,1010 2007,1009 2050,1008 2093,1006 2136,1004 2179,1001"/>
                <TextEquiv>
                    <Unicode>Der zweite Kapellmeister der Frankfurter</Unicode>
                </TextEquiv>
            </TextLine>
            <TextLine id="r1l14" custom="readingOrder {index:13;}">
                <Coords points="2210,1050 3141,1044 3141,1011 2396,1014 2210,984"/>
                <Baseline points="2221,1042 2266,1043 2311,1044 2357,1045 2402,1046 2448,1046 2493,1046 2539,1046 2584,1046 2630,1046 2675,1046 2720,1045 2766,1045 2811,1045 2857,1044 2902,1043 2948,1042 2993,1042 3039,1041 3084,1040 3130,1040"/>
                <TextEquiv>
                    <Unicode>begeistert. Nach jedom Akte mußte sich der</Unicode>
                </TextEquiv>
            </TextLine>
            <TextLine id="r1l15" custom="readingOrder {index:14;}">
                <Coords points="1248,1054 1510,1079 1580,1050 2165,1059 2188,1014 1248,1021"/>
                <Baseline points="1259,1052 1304,1054 1350,1054 1396,1055 1442,1055 1488,1055 1534,1055 1579,1054 1625,1053 1671,1052 1717,1051 1763,1050 1809,1049 1855,1048 1900,1047 1946,1046 1992,1046 2038,1046 2084,1046 2130,1046 2176,1047"/>
                <TextEquiv>
                    <Unicode>Oper, Franz Neumann, hat bisher ein</Unicode>
                </TextEquiv>
            </TextLine>
            <TextLine id="r1l16" custom="readingOrder {index:15;}">
                <Coords points="2196,1083 3120,1093 3146,1041 2196,1053"/>
                <Baseline points="2207,1086 2253,1085 2299,1084 2346,1084 2392,1083 2439,1083 2485,1083 2531,1083 2578,1083 2624,1083 2671,1083 2717,1083 2763,1083 2810,1083 2856,1083 2903,1083 2949,1083 2995,1083 3042,1082 3088,1082 3135,1081"/>
                <TextEquiv>
                    <Unicode>Komponist unzählige Male dem Puvlikum</Unicode>
                </TextEquiv>
            </TextLine>
            <TextLine id="r1l17" custom="readingOrder {index:16;}">
                <Coords points="1251,1099 2199,1093 2198,1053 2092,1043 1251,1059"/>
                <Baseline points="1263,1091 1309,1092 1355,1092 1401,1092 1447,1092 1494,1092 1540,1092 1586,1092 1632,1091 1678,1091 1725,1090 1771,1090 1817,1089 1863,1088 1909,1088 1956,1087 2002,1086 2048,1085 2094,1084 2140,1083 2187,1082"/>
                <TextEquiv>
                    <Unicode>bescheidenels künstlerisches Dasein geführt.</Unicode>
                </TextEquiv>
            </TextLine>
            <TextLine id="r1l18" custom="readingOrder {index:17;}">
                <Coords points="545,1127 581,1122 599,1139 623,1122 672,1139 701,1118 778,1116 821,1134 840,1120 983,1125 984,1076 936,1062 878,1076 807,1059 722,1080 701,1066 654,1078 621,1052 590,1068 545,1052"/>
                <Baseline points="558,1107 583,1109 609,1110 635,1111 661,1111 687,1111 712,1111 738,1111 764,1111 790,1110 816,1110 841,1110 867,1110 893,1110 919,1110 945,1110 971,1112"/>
                <TextEquiv>
                    <Unicode>Die neue Revue</Unicode>
                </TextEquiv>
            </TextLine>
            <TextLine id="r1l19" custom="readingOrder {index:18;}">
                <Coords points="2206,1129 3144,1138 3144,1082 2206,1084"/>
                <Baseline points="2219,1125 2264,1125 2310,1124 2355,1124 2401,1124 2447,1123 2492,1123 2538,1123 2584,1122 2629,1122 2675,1122 2721,1122 2766,1122 2812,1122 2858,1122 2903,1122 2949,1122 2995,1122 3040,1122 3086,1122 3132,1123"/>
                <TextEquiv>
                    <Unicode>zeigen. Die gute Aufführung, mit Fräulein</Unicode>
                </TextEquiv>
            </TextLine>
            <TextLine id="r1l20" custom="readingOrder {index:19;}">
                <Coords points="1254,1137 2194,1126 2173,1091 2008,1080 1619,1109 1254,1095"/>
                <Baseline points="1266,1130 1311,1130 1357,1130 1403,1129 1449,1129 1495,1129 1541,1129 1586,1129 1632,1129 1678,1129 1724,1128 1770,1128 1816,1128 1862,1127 1907,1127 1953,1127 1999,1126 2045,1125 2091,1125 2137,1124 2183,1123"/>
                <TextEquiv>
                    <Unicode>Wenigstens in den Augen der Leute, die nur</Unicode>
                </TextEquiv>
            </TextLine>
            <TextLine id="r1l21" custom="readingOrder {index:20;}">
                <Coords points="2196,1179 2410,1154 3141,1163 3117,1123 2196,1122"/>
                <Baseline points="2207,1162 2253,1162 2299,1161 2345,1161 2391,1161 2437,1160 2483,1160 2529,1159 2575,1159 2621,1159 2667,1158 2713,1158 2759,1158 2805,1158 2851,1158 2897,1158 2943,1158 2989,1158 3035,1158 3081,1159 3128,1160"/>
                <TextEquiv>
                    <Unicode>Sellin und Herrn Gentner an der</Unicode>
                </TextEquiv>
            </TextLine>
            <TextLine id="r1l22" custom="readingOrder {index:21;}">
                <Coords points="1882,1171 1969,1173 1980,1163 2058,1177 2110,1162 2160,1178 2174,1166 2195,1168 2195,1130 2103,1131 2084,1122 2065,1134 1999,1130 1978,1140 1881,1131"/>
                <Baseline points="1893,1167 1919,1165 1945,1164 1971,1162 1998,1161 2024,1161 2050,1160 2076,1160 2103,1161 2129,1162 2155,1162 2182,1164"/>
                <TextEquiv>
                    <Unicode>Er war als</Unicode>
                </TextEquiv>
            </TextLine>
            <TextLine id="r1l23" custom="readingOrder {index:22;}">
                <Coords points="1258,1180 1503,1164 1703,1181 1738,1164 1774,1190 1802,1170 1885,1181 1884,1146 1780,1126 1257,1143"/>
                <Baseline points="1270,1173 1300,1172 1330,1171 1360,1171 1390,1170 1420,1170 1450,1170 1480,1169 1510,1169 1540,1169 1571,1169 1601,1168 1631,1168 1661,1168 1691,1168 1721,1168 1751,1167 1781,1167 1811,1167 1841,1166 1872,1166"/>
                <TextEquiv>
                    <Unicode>auf Namen oder Rang sehen.</Unicode>
                </TextEquiv>
            </TextLine>
            <TextLine id="r1l24" custom="readingOrder {index:23;}">
                <Coords points="336,1178 400,1202 454,1171 489,1193 765,1174 871,1195 920,1172 1137,1202 1206,1174 1206,1139 1116,1115 480,1122 454,1143 336,1119"/>
                <Baseline points="349,1174 391,1173 433,1172 475,1171 518,1171 560,1170 602,1170 644,1170 687,1171 729,1171 771,1171 813,1171 856,1172 898,1172 940,1172 982,1172 1025,1172 1067,1172 1109,1172 1151,1172 1194,1172"/>
                <TextEquiv>
                    <Unicode>des Berliner Metropol=Theaters.</Unicode>
                </TextEquiv>
            </TextLine>
            <TextLine id="r1l25" custom="readingOrder {index:24;}">
                <Coords points="2207,1197 3150,1215 3150,1161 3053,1154 2207,1161"/>
                <Baseline points="2220,1202 2265,1201 2311,1201 2357,1200 2403,1200 2449,1199 2495,1199 2540,1199 2586,1198 2632,1198 2678,1198 2724,1198 2770,1198 2816,1197 2861,1197 2907,1197 2953,1197 2999,1197 3045,1197 3091,1196 3137,1196"/>
                <TextEquiv>
                    <Unicode>Spitze, tat das ihrige zu dem großen Erfolge.</Unicode>
                </TextEquiv>
            </TextLine>
            <TextLine id="r1l26" custom="readingOrder {index:25;}">
                <Coords points="1248,1216 2195,1215 2195,1168 1248,1181"/>
                <Baseline points="1259,1211 1305,1211 1351,1210 1397,1210 1443,1210 1490,1209 1536,1209 1582,1209 1628,1209 1674,1208 1721,1208 1767,1208 1813,1207 1859,1207 1905,1206 1952,1205 1998,1205 2044,1204 2090,1204 2136,1203 2183,1202"/>
                <TextEquiv>
                    <Unicode>Operetten=Dirigent beliebt und geschätzt. Ein¬</Unicode>
                </TextEquiv>
            </TextLine>
            <TextLine id="r1l27" custom="readingOrder {index:26;}">
                <Coords points="473,1250 678,1229 706,1250 775,1235 796,1256 824,1234 982,1243 1059,1225 1059,1187 962,1198 912,1171 877,1193 785,1173 682,1199 564,1201 509,1176 472,1191"/>
                <Baseline points="485,1237 513,1236 541,1235 569,1234 597,1234 625,1233 653,1232 681,1231 709,1231 737,1230 766,1230 794,1229 822,1229 850,1228 878,1228 906,1227 934,1227 962,1227 990,1227 1018,1227 1047,1227"/>
                <TextEquiv>
                    <Unicode>„Hurral Wir leben noch!“</Unicode>
                </TextEquiv>
            </TextLine>
            <TextLine id="r1l28" custom="readingOrder {index:27;}">
                <Coords points="1248,1255 3149,1214 1247,1219"/>
                <Baseline points="1259,1250 1357,1250 1456,1250 1555,1250 1654,1249 1753,1249 1852,1248 1951,1247 2050,1246 2149,1244 2247,1243 2346,1242 2445,1240 2544,1239 2643,1238 2742,1237 2841,1236 2940,1235 3039,1234 3138,1234"/>
                <TextEquiv>
                    <Unicode>geweihte aber wußten längst, daß in dem Auch Arthur Schnitzler, der seit einigen</Unicode>
                </TextEquiv>
            </TextLine>
            <TextLine id="r1l29" custom="readingOrder {index:28;}">
                <Coords points="2194,1297 2649,1269 3151,1292 3150,1254 3101,1241 2194,1238"/>
                <Baseline points="2205,1280 2251,1279 2298,1279 2345,1278 2391,1277 2438,1276 2485,1275 2531,1275 2578,1274 2625,1274 2672,1273 2718,1273 2765,1272 2812,1272 2858,1272 2905,1271 2952,1271 2998,1271 3045,1272 3092,1272 3139,1272"/>
                <TextEquiv>
                    <Unicode>Tagen in Frankfurt weilte, wurde gerufen.</Unicode>
                </TextEquiv>
            </TextLine>
            <TextLine id="r1l30" custom="readingOrder {index:29;}">
                <Coords points="290,1301 1105,1280 1242,1303 1241,1228 1187,1216 796,1254 290,1233"/>
                <Baseline points="301,1284 347,1283 393,1282 440,1282 486,1281 533,1280 579,1280 625,1279 672,1279 718,1279 765,1279 811,1279 857,1279 904,1279 950,1278 997,1278 1043,1278 1089,1278 1136,1278 1182,1278 1229,1278"/>
                <TextEquiv>
                    <Unicode>Revue von Julius Freund und Viktor Holländer</Unicode>
                </TextEquiv>
            </TextLine>
            <TextLine id="r1l31" custom="readingOrder {index:30;}">
                <Coords points="1985,1286 2018,1284 2035,1296 2044,1286 2108,1293 2124,1284 2162,1293 2183,1307 2202,1305 2202,1258 2183,1251 2136,1246 2112,1263 2082,1248 2042,1251 2028,1241 1985,1260"/>
                <Baseline points="1996,1288 2023,1282 2051,1280 2079,1280 2107,1281 2135,1282 2163,1284 2191,1283"/>
                <TextEquiv>
                    <Unicode>der so</Unicode>
                </TextEquiv>
            </TextLine>
            <TextLine id="r1l32" custom="readingOrder {index:31;}">
                <Coords points="1255,1285 1990,1303 1990,1253 1907,1242 1255,1262"/>
                <Baseline points="1267,1291 1302,1290 1338,1289 1373,1287 1409,1287 1445,1286 1480,1286 1516,1286 1551,1286 1587,1285 1623,1285 1658,1285 1694,1285 1729,1285 1765,1285 1801,1285 1836,1285 1872,1284 1907,1284 1943,1283 1979,1281"/>
                <TextEquiv>
                    <Unicode>jungen, bestimmten Kapellmeister,</Unicode>
                </TextEquiv>
            </TextLine>
            <TextLine id="r1l33" custom="readingOrder {index:32;}">
                <Coords points="1252,1336 3111,1344 3158,1282 1251,1301"/>
                <Baseline points="1263,1327 1357,1327 1451,1326 1545,1326 1639,1325 1733,1324 1827,1323 1921,1322 2015,1321 2109,1320 2204,1319 2298,1318 2392,1317 2486,1317 2580,1316 2674,1316 2768,1315 2862,1315 2956,1315 3050,1316 3145,1317"/>
                <TextEquiv>
                    <Unicode>schwungvoll Walzer zu dirigieren verstand, Es war ein Erfolg, wie man ihn hier lange</Unicode>
                </TextEquiv>
            </TextLine>
            <TextLine id="r1l34" custom="readingOrder {index:33;}">
                <Coords points="667,1353 959,1357 999,1335 1034,1349 1119,1341 1169,1362 1206,1345 1206,1305 1102,1280 1017,1302 918,1289 867,1308 829,1290 666,1284"/>
                <Baseline points="679,1336 704,1338 730,1338 756,1339 782,1339 808,1339 833,1340 859,1340 885,1339 911,1339 937,1339 962,1338 988,1338 1014,1337 1040,1336 1066,1336 1091,1335 1117,1335 1143,1334 1169,1334 1195,1333"/>
                <TextEquiv>
                    <Unicode>Berlin, 18. September.</Unicode>
                </TextEquiv>
            </TextLine>
            <TextLine id="r1l35" custom="readingOrder {index:34;}">
                <Coords points="2883,1368 2909,1361 2925,1376 2971,1351 3006,1364 3027,1358 3059,1378 3086,1357 3111,1375 3140,1373 3159,1367 3160,1322 3087,1332 3050,1314 3000,1310 2971,1330 2951,1313 2884,1323"/>
                <Baseline points="2896,1355 2921,1353 2946,1353 2971,1352 2996,1353 3021,1353 3046,1355 3071,1357 3096,1358 3121,1359 3146,1361"/>
                <TextEquiv>
                    <Unicode>H. Schy</Unicode>
                </TextEquiv>
            </TextLine>
            <TextLine id="r1l36" custom="readingOrder {index:35;}">
                <Coords points="1259,1369 2386,1374 2588,1357 2588,1320 1259,1336"/>
                <Baseline points="1271,1369 1336,1367 1401,1366 1466,1365 1532,1364 1597,1363 1662,1362 1728,1362 1793,1361 1858,1361 1924,1360 1989,1360 2054,1359 2119,1359 2185,1358 2250,1357 2315,1357 2381,1355 2446,1354 2511,1353 2577,1352"/>
                <TextEquiv>
                    <Unicode>mehr steckte als ein simpler Kapellmeister. In nicht erlebt hatte.</Unicode>
                </TextEquiv>
            </TextLine>
            <TextLine id="r1l37" custom="readingOrder {index:36;}">
                <Coords points="362,1396 795,1415 1222,1397 1248,1366 1010,1339 720,1356 673,1333 626,1359 362,1370"/>
                <Baseline points="373,1388 416,1390 459,1392 502,1393 545,1394 588,1395 631,1395 675,1395 718,1395 761,1394 804,1394 847,1393 890,1393 933,1392 977,1391 1020,1391 1063,1390 1106,1390 1149,1389 1192,1389 1236,1389"/>
                <TextEquiv>
                    <Unicode>Seit Jahren bilden die ersten Aufführungen!</Unicode>
                </TextEquiv>
            </TextLine>
            <TextLine id="r1l38" custom="readingOrder {index:37;}">
                <Coords points="1242,1419 2164,1409 2213,1404 2213,1374 1607,1382 1572,1358 1242,1383"/>
                <Baseline points="1253,1404 1300,1404 1347,1404 1395,1404 1442,1404 1490,1403 1537,1403 1584,1402 1632,1401 1679,1401 1727,1400 1774,1400 1821,1399 1869,1399 1916,1399 1964,1399 2011,1399 2058,1400 2106,1400 2153,1401 2201,1403"/>
                <TextEquiv>
                    <Unicode>Wahrheit ist er ein Künstler ersten Ranges,</Unicode>
                </TextEquiv>
            </TextLine>
            <TextLine id="r1l39" custom="readingOrder {index:38;}">
                <Coords points="284,1443 1231,1437 1231,1397 1196,1395 284,1396"/>
                <Baseline points="295,1432 341,1433 387,1434 433,1434 480,1435 526,1435 572,1435 618,1435 665,1434 711,1434 757,1434 803,1433 850,1433 896,1432 942,1432 988,1432 1035,1431 1081,1431 1127,1431 1173,1431 1220,1432"/>
                <TextEquiv>
                    <Unicode>der „bunten Jahresschau im Metropol=Theater</Unicode>
                </TextEquiv>
            </TextLine>
            <TextLine id="r1l40" custom="readingOrder {index:39;}">
                <Coords points="1256,1450 2208,1449 2228,1392 1255,1410"/>
                <Baseline points="1268,1446 1315,1444 1362,1442 1410,1441 1457,1441 1505,1440 1552,1440 1599,1440 1647,1440 1694,1440 1742,1440 1789,1440 1836,1440 1884,1440 1931,1439 1979,1438 2026,1436 2073,1435 2121,1432 2168,1429 2216,1425"/>
                <TextEquiv>
                    <Unicode>der nur widerwillig in die Bahnen der leich¬</Unicode>
                </TextEquiv>
            </TextLine>
            <TextLine id="r1l41" custom="readingOrder {index:40;}">
                <Coords points="295,1472 1179,1479 1235,1470 1235,1432 295,1435"/>
                <Baseline points="306,1470 351,1472 397,1473 443,1474 489,1474 535,1475 581,1475 627,1475 673,1475 719,1475 765,1474 810,1474 856,1474 902,1473 948,1473 994,1473 1040,1473 1086,1473 1132,1473 1178,1473 1224,1473"/>
                <TextEquiv>
                    <Unicode>deu eigentlichen Anfang der neuen Spielzeit</Unicode>
                </TextEquiv>
            </TextLine>
            <TextLine id="r1l42" custom="readingOrder {index:41;}">
                <Coords points="1251,1485 2201,1478 2179,1431 1251,1450"/>
                <Baseline points="1264,1486 1310,1485 1356,1485 1402,1485 1448,1484 1495,1484 1541,1483 1587,1482 1633,1482 1679,1481 1726,1481 1772,1480 1818,1479 1864,1479 1910,1478 1957,1478 2003,1477 2049,1476 2095,1476 2141,1475 2188,1475"/>
                <TextEquiv>
                    <Unicode>teren Muse gelenkt wurde und nicht die Kraft</Unicode>
                </TextEquiv>
            </TextLine>
            <TextLine id="r1l43" custom="readingOrder {index:42;}">
                <Coords points="297,1519 1053,1501 1089,1533 1237,1516 1237,1471 631,1493 296,1472"/>
                <Baseline points="309,1511 354,1513 400,1514 446,1515 492,1516 538,1517 583,1517 629,1517 675,1516 721,1516 767,1515 812,1514 858,1513 904,1512 950,1511 996,1510 1041,1510 1087,1509 1133,1508 1179,1507 1225,1507"/>
                <TextEquiv>
                    <Unicode>für Berlin und sind ein wirkliches Ereignis</Unicode>
                </TextEquiv>
            </TextLine>
            <TextLine id="r1l44" custom="readingOrder {index:43;}">
                <Coords points="1249,1537 2206,1530 2205,1485 2002,1471 1696,1499 1248,1482"/>
                <Baseline points="1261,1521 1307,1521 1354,1522 1400,1522 1447,1522 1494,1522 1540,1521 1587,1521 1634,1520 1680,1520 1727,1519 1774,1518 1820,1518 1867,1517 1914,1517 1960,1516 2007,1516 2054,1515 2100,1515 2147,1515 2194,1515"/>
                <TextEquiv>
                    <Unicode>besaß, sie für immer zu verlassen. Wenigstens</Unicode>
                </TextEquiv>
            </TextLine>
            <TextLine id="r1l45" custom="readingOrder {index:44;}">
                <Coords points="366,1547 1243,1554 1243,1524 1162,1510 366,1531"/>
                <Baseline points="377,1552 419,1553 462,1554 505,1554 548,1554 590,1554 633,1554 676,1554 719,1553 761,1553 804,1552 847,1552 890,1551 932,1551 975,1550 1018,1550 1061,1549 1103,1548 1146,1548 1189,1548 1232,1548"/>
                <TextEquiv>
                    <Unicode>hauptstädtischen Leben geworden. Man</Unicode>
                </TextEquiv>
            </TextLine>
            <TextLine id="r1l46" custom="readingOrder {index:45;}">
                <Coords points="1258,1570 2104,1576 2198,1559 2197,1516 1257,1532"/>
                <Baseline points="1269,1563 1314,1562 1360,1562 1406,1561 1452,1560 1498,1559 1544,1559 1590,1558 1636,1558 1682,1557 1728,1557 1773,1557 1819,1557 1865,1556 1911,1556 1957,1556 2003,1556 2049,1556 2095,1556 2141,1557 2187,1557"/>
                <TextEquiv>
                    <Unicode>nicht als Dirigent. Als Komponist hat er jetzt</Unicode>
                </TextEquiv>
            </TextLine>
            <TextLine id="r1l47" custom="readingOrder {index:46;}">
                <Coords points="284,1580 421,1609 1241,1591 1240,1555 1113,1543 284,1557"/>
                <Baseline points="295,1593 341,1594 388,1594 434,1594 481,1594 528,1594 574,1593 621,1593 668,1593 714,1592 761,1592 808,1591 854,1590 901,1590 948,1589 994,1588 1041,1587 1088,1586 1134,1586 1181,1585 1228,1584"/>
                <TextEquiv>
                    <Unicode>muß die ungeheure Wagenreihe in der Behren¬</Unicode>
                </TextEquiv>
            </TextLine>
            <TextLine id="r1l48" custom="readingOrder {index:47;}">
                <Coords points="1248,1606 2198,1597 2197,1552 1248,1564"/>
                <Baseline points="1261,1600 1307,1601 1353,1601 1399,1601 1446,1600 1492,1600 1538,1599 1584,1598 1631,1597 1677,1596 1723,1596 1769,1595 1816,1594 1862,1593 1908,1593 1954,1593 2001,1593 2047,1593 2093,1594 2139,1595 2186,1596"/>
                <TextEquiv>
                    <Unicode>mit seiner Oper „Liebelei“ die im</Unicode>
                </TextEquiv>
            </TextLine>
            <TextLine id="r1l49" custom="readingOrder {index:48;}">
                <Coords points="281,1655 502,1628 1214,1639 1242,1597 483,1586 422,1610 280,1582"/>
                <Baseline points="293,1632 339,1631 386,1631 433,1631 480,1630 527,1630 574,1630 621,1630 668,1630 715,1629 762,1629 808,1629 855,1629 902,1629 949,1629 996,1628 1043,1628 1090,1628 1137,1628 1184,1627 1231,1627"/>
                <TextEquiv>
                    <Unicode>Itraße an einem solchen Abend gesehen haben,</Unicode>
                </TextEquiv>
            </TextLine>
            <TextLine id="r1l50" custom="readingOrder {index:49;}">
                <Coords points="1243,1639 1398,1665 1485,1634 2202,1638 2201,1591 2034,1607 1963,1579 1242,1601"/>
                <Baseline points="1255,1639 1301,1639 1348,1639 1395,1639 1441,1639 1488,1638 1535,1637 1581,1637 1628,1636 1675,1635 1722,1634 1768,1633 1815,1633 1862,1632 1908,1631 1955,1631 2002,1631 2048,1631 2095,1632 2142,1632 2189,1634"/>
                <TextEquiv>
                    <Unicode>Opernhause gestern ihre Uraufführung</Unicode>
                </TextEquiv>
            </TextLine>
            <TextLine id="r1l51" custom="readingOrder {index:50;}">
                <Coords points="293,1677 1241,1675 1241,1635 1090,1623 293,1635"/>
                <Baseline points="305,1669 351,1669 397,1669 443,1669 489,1669 535,1669 581,1669 628,1669 674,1668 720,1668 766,1668 812,1668 858,1668 904,1667 951,1667 997,1667 1043,1667 1089,1667 1135,1668 1181,1668 1228,1669"/>
                <TextEquiv>
                    <Unicode>die sich vor den Pforten des Theaters stquende</Unicode>
                </TextEquiv>
            </TextLine>
            <TextLine id="r1l52" custom="readingOrder {index:51;}">
                <Coords points="1243,1689 2164,1683 2214,1678 2214,1635 1243,1639"/>
                <Baseline points="1255,1680 1302,1679 1349,1679 1396,1678 1444,1678 1491,1677 1538,1677 1586,1676 1633,1676 1680,1676 1728,1675 1775,1675 1822,1675 1869,1674 1917,1674 1964,1674 2011,1674 2059,1674 2106,1674 2153,1674 2201,1674"/>
                <TextEquiv>
                    <Unicode>erlebte, bewiesen, daß es ihm Ernst um die</Unicode>
                </TextEquiv>
            </TextLine>
            <TextLine id="r1l53" custom="readingOrder {index:52;}">
                <Coords points="287,1722 954,1696 1218,1717 1249,1667 287,1677"/>
                <Baseline points="299,1709 345,1709 392,1708 439,1708 486,1708 533,1708 580,1708 627,1708 674,1708 721,1708 768,1708 814,1708 861,1707 908,1707 955,1707 1002,1707 1049,1707 1096,1707 1143,1706 1190,1706 1237,1706"/>
                <TextEquiv>
                    <Unicode>Menge, die den Kartenbesitzern den Eingang</Unicode>
                </TextEquiv>
            </TextLine>
            <TextLine id="r1l54" custom="readingOrder {index:53;}">
                <Coords points="1243,1733 2209,1713 2208,1676 1998,1666 1242,1690"/>
                <Baseline points="1255,1719 1302,1718 1349,1718 1396,1717 1443,1717 1490,1716 1537,1716 1584,1716 1631,1715 1678,1715 1726,1714 1773,1714 1820,1713 1867,1713 1914,1712 1961,1711 2008,1710 2055,1709 2102,1708 2149,1707 2197,1705"/>
                <TextEquiv>
                    <Unicode>Kunst ist, und daß er nicht nach billigen Er¬</Unicode>
                </TextEquiv>
            </TextLine>
            <TextLine id="r1l55" custom="readingOrder {index:54;}">
                <Coords points="295,1751 1131,1762 1247,1742 1247,1711 295,1720"/>
                <Baseline points="306,1747 352,1748 399,1748 445,1748 492,1748 538,1748 585,1748 631,1747 678,1747 724,1746 771,1745 817,1744 864,1744 910,1743 957,1743 1003,1743 1050,1743 1096,1743 1143,1743 1189,1744 1236,1745"/>
                <TextEquiv>
                    <Unicode>erschwert, muß die Aufregung mitgefühlt haben,</Unicode>
                </TextEquiv>
            </TextLine>
            <TextLine id="r1l56" custom="readingOrder {index:55;}">
                <Coords points="1599,1759 1677,1771 1726,1747 1795,1761 1931,1746 2028,1748 2063,1769 2087,1752 2202,1761 2202,1707 2028,1727 1950,1710 1835,1711 1809,1730 1721,1707 1599,1719"/>
                <Baseline points="1610,1752 1639,1751 1668,1751 1697,1751 1726,1750 1755,1750 1784,1750 1813,1750 1842,1750 1871,1750 1900,1750 1929,1750 1958,1750 1987,1750 2016,1750 2045,1750 2074,1749 2103,1749 2132,1748 2161,1748 2191,1747"/>
                <TextEquiv>
                    <Unicode>s ist ein Werk von höchster</Unicode>
                </TextEquiv>
            </TextLine>
            <TextLine id="r1l57" custom="readingOrder {index:56;}">
                <Coords points="1249,1761 1374,1763 1407,1746 1431,1764 1518,1760 1539,1748 1558,1760 1581,1757 1580,1712 1538,1722 1470,1712 1413,1725 1378,1718 1352,1728 1248,1721"/>
                <Baseline points="1261,1757 1286,1756 1312,1755 1338,1755 1363,1755 1389,1755 1415,1754 1440,1754 1466,1754 1492,1753 1517,1752 1543,1751 1569,1749"/>
                <TextEquiv>
                    <Unicode>folgen strebt.</Unicode>
                </TextEquiv>
            </TextLine>
            <TextLine id="r1l58" custom="readingOrder {index:57;}">
                <Coords points="338,1792 472,1810 555,1780 663,1810 691,1784 925,1800 1045,1776 1252,1803 1252,1740 338,1761"/>
                <Baseline points="351,1788 395,1787 439,1786 484,1786 528,1785 573,1785 617,1784 662,1784 706,1784 751,1783 795,1783 839,1783 884,1783 928,1783 973,1783 1017,1784 1062,1784 1106,1784 1151,1784 1195,1784 1240,1784"/>
                <TextEquiv>
                    <Unicode>e sich des ganzen engeren Viertels um das</Unicode>
                </TextEquiv>
            </TextLine>
            <TextLine id="r1l59" custom="readingOrder {index:58;}">
                <Coords points="1243,1810 2216,1796 2216,1756 2154,1751 1243,1754"/>
                <Baseline points="1255,1794 1302,1793 1349,1793 1397,1792 1444,1791 1492,1791 1539,1791 1587,1790 1634,1790 1682,1790 1729,1790 1776,1790 1824,1790 1871,1790 1919,1790 1966,1790 2014,1790 2061,1790 2109,1790 2156,1790 2204,1790"/>
                <TextEquiv>
                    <Unicode>künstlerischer Potenz. Das gleichnamige drei¬</Unicode>
                </TextEquiv>
            </TextLine>
            <TextLine id="r1l60" custom="readingOrder {index:59;}">
                <Coords points="290,1823 1237,1831 1237,1795 1133,1777 290,1792"/>
                <Baseline points="302,1826 348,1825 394,1825 440,1824 486,1824 533,1824 579,1824 625,1824 671,1824 717,1825 764,1825 810,1825 856,1825 902,1825 948,1825 995,1824 1041,1823 1087,1823 1133,1821 1179,1820 1226,1818"/>
                <TextEquiv>
                    <Unicode>Theater, zwischen den Linden, der Friedrich¬</Unicode>
                </TextEquiv>
            </TextLine>
            <TextLine id="r1l61" custom="readingOrder {index:60;}">
                <Coords points="1250,1842 2200,1839 2199,1795 2110,1786 1250,1806"/>
                <Baseline points="1261,1834 1307,1834 1353,1833 1399,1833 1446,1832 1492,1832 1538,1831 1585,1831 1631,1831 1677,1830 1724,1830 1770,1829 1816,1829 1862,1828 1909,1827 1955,1827 2001,1826 2048,1825 2094,1824 2140,1823 2187,1822"/>
                <TextEquiv>
                    <Unicode>aktige Schauspiel von Arthur Schnitzler</Unicode>
                </TextEquiv>
            </TextLine>
            <TextLine id="r1l62" custom="readingOrder {index:61;}">
                <Coords points="350,1876 1241,1874 1241,1836 1146,1823 350,1831"/>
                <Baseline points="363,1866 406,1866 449,1865 492,1864 536,1864 579,1863 622,1863 666,1862 709,1862 752,1862 796,1862 839,1861 882,1861 925,1861 969,1861 1012,1861 1055,1860 1099,1860 1142,1860 1185,1860 1229,1859"/>
                <TextEquiv>
                    <Unicode>aße und der Mauerstraße an einem solchen</Unicode>
                </TextEquiv>
            </TextLine>
            <TextLine id="r1l63" custom="readingOrder {index:62;}">
                <Coords points="1250,1872 2060,1883 2192,1873 2213,1830 1249,1841"/>
                <Baseline points="1261,1874 1308,1873 1355,1872 1402,1871 1449,1871 1496,1870 1543,1869 1590,1869 1637,1869 1684,1868 1731,1868 1778,1868 1825,1868 1872,1867 1919,1867 1966,1867 2013,1867 2060,1867 2107,1867 2154,1867 2201,1867"/>
                <TextEquiv>
                    <Unicode>bildet mit nur ganz geringfügigen Aenderungen</Unicode>
                </TextEquiv>
            </TextLine>
            <TextLine id="r1l64" custom="readingOrder {index:63;}">
                <Coords points="326,1913 1240,1914 1212,1864 326,1868"/>
                <Baseline points="337,1904 381,1904 426,1904 470,1904 515,1904 560,1903 604,1903 649,1903 693,1903 738,1903 783,1903 827,1903 872,1903 916,1903 961,1903 1006,1903 1050,1903 1095,1903 1139,1903 1184,1902 1229,1902"/>
                <TextEquiv>
                    <Unicode>Ranzabend bemächtigt, um zu begreifen, daß</Unicode>
                </TextEquiv>
            </TextLine>
            <TextLine id="r1l65" custom="readingOrder {index:64;}">
                <Coords points="1254,1918 2144,1916 2205,1904 2205,1874 1253,1876"/>
                <Baseline points="1265,1912 1311,1912 1357,1911 1404,1910 1450,1910 1497,1909 1543,1908 1589,1908 1636,1907 1682,1907 1729,1907 1775,1906 1821,1906 1868,1906 1914,1906 1961,1906 2007,1905 2053,1905 2100,1905 2146,1906 2193,1906"/>
                <TextEquiv>
                    <Unicode>die textliche Unterlage der Oper. Die Musik</Unicode>
                </TextEquiv>
            </TextLine>
            <TextLine id="r1l66" custom="readingOrder {index:65;}">
                <Coords points="378,1942 559,1964 637,1940 1245,1950 1245,1915 1134,1899 378,1918"/>
                <Baseline points="390,1946 432,1945 474,1944 516,1943 558,1942 600,1942 642,1942 684,1942 726,1942 768,1942 811,1942 853,1942 895,1942 937,1942 979,1942 1021,1941 1063,1941 1105,1940 1147,1939 1189,1938 1232,1937"/>
                <TextEquiv>
                    <Unicode>immer für das Theaterleben der tiefste</Unicode>
                </TextEquiv>
            </TextLine>
            <TextLine id="r1l67" custom="readingOrder {index:66;}">
                <Coords points="1247,1954 1676,1962 1706,1934 2211,1960 2210,1904 2045,1896 1247,1921"/>
                <Baseline points="1259,1950 1306,1950 1353,1950 1400,1950 1447,1949 1494,1949 1541,1949 1588,1948 1635,1948 1682,1948 1729,1947 1776,1947 1823,1946 1870,1946 1917,1946 1964,1945 2011,1945 2058,1945 2105,1944 2152,1944 2199,1944"/>
                <TextEquiv>
                    <Unicode>ist modern im besten Sinne und legt ihren</Unicode>
                </TextEquiv>
            </TextLine>
            <TextLine id="r1l68" custom="readingOrder {index:67;}">
                <Coords points="379,1988 1253,1981 1253,1953 1209,1941 379,1941"/>
                <Baseline points="391,1982 433,1981 476,1981 518,1981 561,1981 603,1981 646,1981 688,1981 731,1980 773,1980 816,1980 859,1980 901,1980 944,1980 986,1980 1029,1980 1071,1980 1114,1980 1156,1980 1199,1979 1242,1979"/>
                <TextEquiv>
                    <Unicode>b jeder Zuschauerschaft die erste Rolle</Unicode>
                </TextEquiv>
            </TextLine>
            <TextLine id="r1l69" custom="readingOrder {index:68;}">
                <Coords points="1247,2002 1893,1992 1892,1954 1852,1943 1247,1955"/>
                <Baseline points="1260,1988 1291,1988 1322,1988 1353,1988 1384,1988 1415,1988 1446,1988 1477,1988 1508,1988 1539,1987 1570,1987 1601,1987 1632,1986 1663,1986 1694,1985 1725,1984 1756,1984 1787,1983 1818,1982 1849,1981 1880,1980"/>
                <TextEquiv>
                    <Unicode>Schwerpunkt in das Orcheste</Unicode>
                </TextEquiv>
            </TextLine>
            <TextLine id="r1l70" custom="readingOrder {index:69;}">
                <Coords points="1912,1989 2028,1988 2054,2011 2080,2007 2106,2030 2140,2022 2203,2033 2207,2001 2142,1987 2097,1950 2049,1941 2033,1953 1989,1945 1958,1962 1945,1951 1930,1961 1916,1957"/>
                <Baseline points="1925,1984 1951,1984 1978,1984 2005,1986 2032,1987 2059,1990 2085,1994 2112,1999 2139,2005 2166,2013 2193,2022"/>
                <TextEquiv>
                    <Unicode>t. Dieses Die</Unicode>
                </TextEquiv>
            </TextLine>
            <TextLine id="r1l71" custom="readingOrder {index:70;}">
                <Coords points="370,2030 1223,2026 1246,1976 370,1988"/>
                <Baseline points="381,2019 423,2020 466,2021 509,2021 551,2021 594,2021 637,2021 679,2021 722,2021 765,2021 808,2020 850,2020 893,2020 936,2019 978,2019 1021,2019 1064,2019 1106,2019 1149,2019 1192,2020 1235,2020"/>
                <TextEquiv>
                    <Unicode>lt: das Zuschauen. Sehen wollen die</Unicode>
                </TextEquiv>
            </TextLine>
            <TextLine id="r1l72" custom="readingOrder {index:71;}">
                <Coords points="1258,2036 2074,2019 2073,1991 1965,1982 1258,1996"/>
                <Baseline points="1269,2028 1308,2028 1348,2027 1387,2027 1427,2027 1467,2026 1506,2026 1546,2026 1586,2025 1625,2025 1665,2025 1705,2024 1744,2024 1784,2024 1824,2024 1863,2023 1903,2023 1943,2023 1982,2023 2022,2023 2062,2023"/>
                <TextEquiv>
                    <Unicode>mit vollendeter Meisterschaft behandelt.</Unicode>
                </TextEquiv>
            </TextLine>
            <TextLine id="r1l73" custom="readingOrder {index:72;}">
                <Coords points="291,2070 1016,2050 1118,2080 1252,2066 1252,2014 290,2026"/>
                <Baseline points="302,2065 348,2063 395,2061 442,2060 489,2059 536,2058 583,2058 630,2057 677,2057 724,2057 771,2057 817,2058 864,2058 911,2058 958,2058 1005,2059 1052,2059 1099,2059 1146,2059 1193,2059 1240,2058"/>
                <TextEquiv>
                    <Unicode>Menschen, die ins Metropol=Theater gehen, das</Unicode>
                </TextEquiv>
            </TextLine>
            <TextLine id="r1l74" custom="readingOrder {index:73;}">
                <Coords points="1258,2053 1329,2079 2215,2059 2141,2021 1258,2037"/>
                <Baseline points="1269,2068 1315,2068 1362,2067 1409,2067 1455,2066 1502,2066 1549,2066 1595,2065 1642,2065 1689,2064 1736,2064 1782,2064 1829,2064 1876,2063 1922,2063 1969,2063 2016,2063 2062,2062 2109,2062 2156,2062 2203,2062"/>
                <TextEquiv>
                    <Unicode>Instrumentation ist bildschön und nutzt alle</Unicode>
                </TextEquiv>
            </TextLine>
            <TextLine id="r1l75" custom="readingOrder {index:74;}">
                <Coords points="294,2108 1083,2101 1083,2072 1026,2059 294,2070"/>
                <Baseline points="306,2104 344,2103 382,2102 420,2102 459,2101 497,2100 535,2100 573,2099 612,2099 650,2098 688,2097 726,2097 765,2096 803,2096 841,2096 879,2096 918,2095 956,2095 994,2095 1032,2095 1071,2095"/>
                <TextEquiv>
                    <Unicode>Hören ist verglei zweise Nebensache.</Unicode>
                </TextEquiv>
            </TextLine>
            <TextLine id="r1l76" custom="readingOrder {index:75;}">
                <Coords points="1115,2105 1156,2109 1167,2099 1181,2106 1200,2098 1212,2098 1217,2103 1231,2100 1236,2105 1250,2102 1249,2074 1237,2074 1220,2063 1197,2063 1192,2068 1154,2057 1133,2072 1115,2070"/>
                <Baseline points="1126,2100 1154,2099 1182,2098 1210,2097 1238,2098"/>
                <TextEquiv>
                    <Unicode>Zum</Unicode>
                </TextEquiv>
            </TextLine>
            <TextLine id="r1l77" custom="readingOrder {index:76;}">
                <Coords points="1258,2107 2208,2108 2208,2059 1329,2079 1258,2053"/>
                <Baseline points="1271,2107 1317,2107 1363,2106 1409,2106 1456,2106 1502,2105 1548,2105 1594,2104 1641,2104 1687,2103 1733,2103 1779,2102 1826,2102 1872,2102 1918,2101 1964,2101 2011,2101 2057,2101 2103,2102 2149,2102 2196,2103"/>
                <TextEquiv>
                    <Unicode>Effekte mit fast raffinierter Natürlichkeit aus.</Unicode>
                </TextEquiv>
            </TextLine>
            <TextLine id="r1l78" custom="readingOrder {index:77;}">
                <Coords points="298,2140 1253,2147 1252,2100 1210,2098 298,2107"/>
                <Baseline points="311,2140 357,2140 403,2139 450,2139 496,2138 543,2138 589,2137 636,2137 682,2136 729,2136 775,2136 821,2136 868,2135 914,2135 961,2135 1007,2135 1054,2135 1100,2135 1147,2136 1193,2136 1240,2136"/>
                <TextEquiv>
                    <Unicode>Sehen gibt es jevesmal außerordentlich viel,</Unicode>
                </TextEquiv>
            </TextLine>
            <TextLine id="r1l79" custom="readingOrder {index:78;}">
                <Coords points="1245,2149 2204,2146 2204,2108 2072,2097 1245,2102"/>
                <Baseline points="1257,2147 1303,2146 1350,2145 1397,2144 1443,2143 1490,2143 1537,2143 1583,2142 1630,2142 1677,2142 1724,2142 1770,2142 1817,2142 1864,2142 1910,2142 1957,2141 2004,2141 2050,2141 2097,2140 2144,2140 2191,2139"/>
                <TextEquiv>
                    <Unicode>Ohne in Ertreme zu verfallen, versteht es der</Unicode>
                </TextEquiv>
            </TextLine>
            <TextLine id="r1l80" custom="readingOrder {index:79;}">
                <Coords points="295,2186 1245,2177 1205,2138 1103,2133 295,2141"/>
                <Baseline points="306,2178 352,2178 398,2178 445,2178 491,2178 538,2178 584,2177 630,2177 677,2176 723,2176 770,2176 816,2175 862,2175 909,2175 955,2175 1002,2175 1048,2175 1094,2175 1141,2176 1187,2176 1234,2177"/>
                <TextEquiv>
                    <Unicode>so viel daß, wer bis zum Schluß ausdauert,</Unicode>
                </TextEquiv>
            </TextLine>
            <TextLine id="r1l81" custom="readingOrder {index:80;}">
                <Coords points="1262,2196 2212,2176 2185,2143 2110,2139 1262,2151"/>
                <Baseline points="1273,2187 1319,2186 1365,2186 1412,2185 1458,2184 1504,2184 1551,2183 1597,2183 1643,2182 1690,2182 1736,2181 1782,2180 1829,2180 1875,2179 1921,2179 1968,2178 2014,2177 2060,2176 2107,2175 2153,2175 2200,2174"/>
                <TextEquiv>
                    <Unicode>Komponist, in jedem Tatte neue Ueberraschun¬</Unicode>
                </TextEquiv>
            </TextLine>
            <TextLine id="r1l82" custom="readingOrder {index:81;}">
                <Coords points="295,2227 1252,2231 1235,2177 295,2184"/>
                <Baseline points="306,2224 352,2222 399,2221 445,2220 492,2219 539,2218 585,2218 632,2217 679,2217 725,2216 772,2216 819,2216 865,2216 912,2216 959,2216 1005,2216 1052,2216 1099,2215 1145,2215 1192,2215 1239,2214"/>
                <TextEquiv>
                    <Unicode>mit müden Augen das Haus verläßt, und das</Unicode>
                </TextEquiv>
            </TextLine>
            <TextLine id="r1l83" custom="readingOrder {index:82;}">
                <Coords points="1247,2231 2209,2226 2192,2177 1247,2191"/>
                <Baseline points="1259,2229 1305,2227 1352,2226 1399,2225 1446,2224 1493,2223 1540,2222 1586,2222 1633,2221 1680,2221 1727,2220 1774,2220 1821,2220 1868,2219 1914,2219 1961,2219 2008,2218 2055,2217 2102,2217 2149,2216 2196,2215"/>
                <TextEquiv>
                    <Unicode>gen zu ersinnen. Daß sich diese mit den Vor¬</Unicode>
                </TextEquiv>
            </TextLine>
            <TextLine id="r1l84" custom="readingOrder {index:83;}">
                <Coords points="294,2258 1036,2268 1125,2241 1248,2278 1248,2222 1158,2213 294,2223"/>
                <Baseline points="306,2262 352,2261 399,2259 445,2258 492,2258 538,2257 585,2256 631,2256 678,2256 724,2255 771,2255 818,2255 864,2255 911,2255 957,2255 1004,2255 1050,2255 1097,2255 1143,2255 1190,2255 1237,2254"/>
                <TextEquiv>
                    <Unicode>Gesehene ist fast immer so anmutig oder doch</Unicode>
                </TextEquiv>
            </TextLine>
            <TextLine id="r1l85" custom="readingOrder {index:84;}">
                <Coords points="2059,2265 2094,2274 2111,2262 2151,2266 2155,2261 2176,2269 2184,2262 2207,2261 2208,2228 2159,2221 2117,2227 2081,2217 2072,2226 2060,2225"/>
                <Baseline points="2070,2255 2095,2256 2120,2257 2145,2257 2170,2258 2195,2260"/>
                <TextEquiv>
                    <Unicode>heute</Unicode>
                </TextEquiv>
            </TextLine>
            <TextLine id="r1l86" custom="readingOrder {index:85;}">
                <Coords points="1249,2276 1522,2255 1987,2267 1986,2222 1249,2234"/>
                <Baseline points="1261,2266 1296,2265 1332,2263 1368,2262 1404,2262 1439,2261 1475,2260 1511,2260 1547,2259 1582,2259 1618,2259 1654,2258 1690,2258 1725,2258 1761,2258 1797,2258 1833,2258 1868,2258 1904,2258 1940,2258 1976,2258"/>
                <TextEquiv>
                    <Unicode>gängen auf der Bühne decken, ist</Unicode>
                </TextEquiv>
            </TextLine>
            <TextLine id="r1l87" custom="readingOrder {index:86;}">
                <Coords points="287,2296 1147,2309 1258,2290 1258,2252 287,2263"/>
                <Baseline points="299,2298 346,2298 393,2298 441,2297 488,2297 535,2296 583,2296 630,2295 677,2295 725,2294 772,2293 819,2293 867,2293 914,2292 961,2292 1009,2292 1056,2292 1103,2293 1151,2293 1198,2294 1246,2296"/>
                <TextEquiv>
                    <Unicode>lustig mannigfaltig, daß der Geist standhält,</Unicode>
                </TextEquiv>
            </TextLine>
            <TextLine id="r1l88" custom="readingOrder {index:87;}">
                <Coords points="1252,2308 2138,2305 2197,2293 2197,2260 1252,2273"/>
                <Baseline points="1265,2302 1311,2302 1357,2301 1403,2301 1449,2300 1495,2299 1541,2299 1587,2298 1633,2298 1679,2297 1725,2297 1771,2296 1817,2296 1863,2296 1909,2295 1955,2295 2001,2295 2047,2295 2093,2295 2139,2295 2185,2295"/>
                <TextEquiv>
                    <Unicode>selbstverständlich. Da ist jede Bewegung ge¬</Unicode>
                </TextEquiv>
            </TextLine>
            <TextLine id="r1l89" custom="readingOrder {index:88;}">
                <Coords points="286,2349 1245,2326 1230,2291 285,2295"/>
                <Baseline points="298,2340 344,2338 391,2337 438,2336 485,2335 532,2334 578,2333 625,2333 672,2332 719,2332 766,2331 812,2331 859,2331 906,2330 953,2330 1000,2330 1046,2330 1093,2330 1140,2330 1187,2330 1234,2330"/>
                <TextEquiv>
                    <Unicode>mögen auch die Augen matt werden. Für das</Unicode>
                </TextEquiv>
            </TextLine>
            <TextLine id="r1l90" custom="readingOrder {index:89;}">
                <Coords points="1252,2343 2195,2353 2208,2290 2015,2316 1251,2308"/>
                <Baseline points="1264,2346 1310,2344 1357,2342 1403,2341 1450,2340 1497,2339 1543,2339 1590,2338 1636,2337 1683,2337 1730,2336 1776,2336 1823,2336 1869,2335 1916,2335 1963,2334 2009,2333 2056,2333 2102,2332 2149,2330 2196,2328"/>
                <TextEquiv>
                    <Unicode>deutet und musikalisch illustriert. Am treffend¬</Unicode>
                </TextEquiv>
            </TextLine>
            <TextLine id="r1l91" custom="readingOrder {index:90;}">
                <Coords points="2081,2376 2114,2376 2121,2383 2135,2385 2157,2385 2164,2380 2192,2399 2206,2397 2206,2347 2192,2347 2185,2340 2175,2343 2161,2336 2081,2341"/>
                <Baseline points="2093,2373 2118,2371 2144,2371 2169,2372 2195,2371"/>
                <TextEquiv>
                    <Unicode>das</Unicode>
                </TextEquiv>
            </TextLine>
            <TextLine id="r1l92" custom="readingOrder {index:91;}">
                <Coords points="287,2387 1152,2383 1244,2375 1244,2344 287,2347"/>
                <Baseline points="298,2379 344,2377 391,2376 438,2375 485,2374 531,2374 578,2373 625,2373 672,2372 718,2372 765,2372 812,2372 859,2372 905,2371 952,2371 999,2371 1046,2371 1092,2371 1139,2370 1186,2369 1233,2369"/>
                <TextEquiv>
                    <Unicode>Zuhörende sorgt Julius Freund Jahr für Jahr</Unicode>
                </TextEquiv>
            </TextLine>
            <TextLine id="r1l93" custom="readingOrder {index:92;}">
                <Coords points="1251,2384 2081,2386 2081,2341 2007,2332 1944,2356 1920,2337 1251,2342"/>
                <Baseline points="1263,2381 1303,2379 1343,2377 1383,2376 1424,2376 1464,2375 1504,2375 1545,2374 1585,2374 1625,2374 1666,2374 1706,2375 1746,2375 1786,2375 1827,2375 1867,2375 1907,2375 1948,2375 1988,2375 2028,2374 2069,2373"/>
                <TextEquiv>
                    <Unicode>sten vielleicht in dem ersten Akte, der</Unicode>
                </TextEquiv>
            </TextLine>
            <TextLine id="r1l94" custom="readingOrder {index:93;}">
                <Coords points="286,2415 1248,2425 1247,2376 286,2380"/>
                <Baseline points="298,2417 344,2416 391,2415 438,2415 485,2414 532,2413 579,2413 626,2412 673,2411 720,2410 767,2410 813,2409 860,2409 907,2408 954,2408 1001,2408 1048,2408 1095,2408 1142,2409 1189,2409 1236,2411"/>
                <TextEquiv>
                    <Unicode>mit einer Erfindungsgabe und einem launigen</Unicode>
                </TextEquiv>
            </TextLine>
            <TextLine id="r1l95" custom="readingOrder {index:94;}">
                <Coords points="1257,2429 1752,2437 1808,2411 2202,2437 2223,2385 1257,2389"/>
                <Baseline points="1268,2420 1315,2419 1362,2418 1409,2418 1456,2417 1503,2417 1550,2417 1598,2417 1645,2416 1692,2416 1739,2416 1786,2416 1833,2416 1880,2416 1928,2415 1975,2415 2022,2415 2069,2414 2116,2413 2163,2413 2211,2412"/>
                <TextEquiv>
                    <Unicode>lustige Souper der beiden Freunde mit ihren</Unicode>
                </TextEquiv>
            </TextLine>
            <TextLine id="r1l96" custom="readingOrder {index:95;}">
                <Coords points="289,2460 1248,2455 1247,2417 1188,2410 288,2415"/>
                <Baseline points="300,2453 346,2454 393,2454 440,2454 487,2454 533,2453 580,2453 627,2453 674,2452 720,2452 767,2451 814,2450 861,2450 907,2449 954,2449 1001,2448 1048,2447 1094,2447 1141,2447 1188,2446 1235,2446"/>
                <TextEquiv>
                    <Unicode>Humor, die auch dem strengsten Beurteiler Be¬</Unicode>
                </TextEquiv>
            </TextLine>
            <TextLine id="r1l97" custom="readingOrder {index:96;}">
                <Coords points="1778,2457 1816,2471 1830,2456 1920,2450 2052,2470 2089,2450 2108,2464 2217,2467 2216,2434 2138,2414 2068,2429 2042,2416 1778,2417"/>
                <Baseline points="1789,2459 1814,2457 1840,2456 1866,2455 1892,2455 1918,2454 1944,2454 1970,2453 1996,2453 2022,2453 2048,2453 2074,2453 2100,2452 2126,2452 2152,2452 2178,2451 2204,2450"/>
                <TextEquiv>
                    <Unicode>Hier kommt echte</Unicode>
                </TextEquiv>
            </TextLine>
            <TextLine id="r1l98" custom="readingOrder {index:97;}">
                <Coords points="1256,2460 1456,2469 1539,2451 1685,2470 1751,2457 1750,2429 1639,2414 1256,2429"/>
                <Baseline points="1267,2460 1293,2459 1319,2459 1345,2458 1371,2458 1398,2457 1424,2457 1450,2457 1476,2456 1503,2456 1529,2456 1555,2455 1581,2455 1607,2455 1634,2454 1660,2454 1686,2453 1712,2452 1739,2452"/>
                <TextEquiv>
                    <Unicode>Freundinnen schildert.</Unicode>
                </TextEquiv>
            </TextLine>
            <TextLine id="r1l99" custom="readingOrder {index:98;}">
                <Coords points="286,2508 1092,2500 1115,2476 1207,2500 1259,2485 1259,2445 286,2459"/>
                <Baseline points="299,2493 346,2493 393,2492 441,2492 488,2492 536,2491 583,2491 630,2491 678,2491 725,2491 773,2490 820,2490 867,2490 915,2490 962,2490 1010,2490 1057,2490 1104,2489 1152,2489 1199,2489 1247,2488"/>
                <TextEquiv>
                    <Unicode>wunderung abzwingen. Es ist wirklich nicht</Unicode>
                </TextEquiv>
            </TextLine>
            <TextLine id="r1l100" custom="readingOrder {index:99;}">
                <Coords points="1262,2500 2176,2504 2207,2459 1262,2460"/>
                <Baseline points="1273,2495 1319,2495 1365,2496 1411,2496 1457,2496 1503,2496 1549,2496 1596,2496 1642,2495 1688,2495 1734,2495 1780,2495 1826,2494 1872,2494 1919,2494 1965,2494 2011,2494 2057,2493 2103,2493 2149,2493 2196,2494"/>
                <TextEquiv>
                    <Unicode>Bohémien=Stimmung zum Ausdruck. Dabei</Unicode>
                </TextEquiv>
            </TextLine>
            <TextLine id="r1l101" custom="readingOrder {index:100;}">
                <Coords points="295,2531 1240,2549 1259,2483 295,2505"/>
                <Baseline points="307,2536 354,2535 401,2534 448,2533 495,2532 542,2531 589,2530 636,2530 683,2529 730,2528 777,2528 824,2528 871,2527 918,2527 965,2527 1012,2527 1059,2527 1106,2528 1153,2528 1200,2529 1247,2530"/>
                <TextEquiv>
                    <Unicode>so leicht, wie sich das anhört, zu einer langen</Unicode>
                </TextEquiv>
            </TextLine>
            <TextLine id="r1l102" custom="readingOrder {index:101;}">
                <Coords points="1256,2543 2217,2533 2163,2493 1256,2498"/>
                <Baseline points="1267,2535 1313,2535 1360,2535 1407,2535 1454,2535 1501,2535 1548,2534 1595,2534 1642,2534 1689,2533 1736,2533 1782,2533 1829,2532 1876,2532 1923,2532 1970,2532 2017,2531 2064,2531 2111,2531 2158,2531 2205,2531"/>
                <TextEquiv>
                    <Unicode>wahrt der Komponist die musikalische Charak¬</Unicode>
                </TextEquiv>
            </TextLine>
            <TextLine id="r1l103" custom="readingOrder {index:102;}">
                <Coords points="292,2574 1256,2576 1256,2543 1190,2531 292,2531"/>
                <Baseline points="304,2572 351,2572 398,2571 445,2571 492,2570 539,2570 586,2569 633,2569 680,2568 727,2567 774,2567 821,2567 868,2566 915,2566 962,2566 1009,2566 1056,2566 1103,2567 1150,2568 1197,2568 1244,2569"/>
                <TextEquiv>
                    <Unicode>Reihe der buntesten unl gestehen wir es nur,</Unicode>
                </TextEquiv>
            </TextLine>
            <TextLine id="r1l104" custom="readingOrder {index:103;}">
                <Coords points="1811,2575 2139,2572 2212,2589 2212,2541 2054,2541 2023,2529 1957,2543 1943,2533 1896,2552 1882,2537 1811,2537"/>
                <Baseline points="1822,2567 1847,2569 1872,2570 1897,2571 1922,2571 1947,2572 1972,2572 1997,2572 2023,2572 2048,2572 2073,2571 2098,2571 2123,2571 2148,2571 2173,2571 2199,2572"/>
                <TextEquiv>
                    <Unicode>der sentimentalen</Unicode>
                </TextEquiv>
            </TextLine>
            <TextLine id="r1l105" custom="readingOrder {index:104;}">
                <Coords points="1534,2574 1574,2567 1589,2578 1612,2576 1625,2587 1651,2591 1678,2575 1726,2572 1747,2581 1775,2572 1773,2537 1726,2539 1697,2531 1634,2540 1627,2533 1603,2534 1571,2546 1533,2541"/>
                <Baseline points="1546,2574 1573,2576 1600,2576 1627,2574 1654,2571 1681,2568 1708,2567 1735,2566 1762,2568"/>
                <TextEquiv>
                    <Unicode>Christine,</Unicode>
                </TextEquiv>
            </TextLine>
            <TextLine id="r1l106" custom="readingOrder {index:105;}">
                <Coords points="1251,2585 1324,2576 1346,2587 1404,2571 1468,2581 1496,2574 1522,2585 1543,2577 1542,2539 1488,2531 1425,2545 1396,2529 1375,2541 1288,2539 1250,2549"/>
                <Baseline points="1263,2576 1289,2576 1316,2576 1343,2575 1370,2574 1397,2573 1423,2572 1450,2571 1477,2571 1504,2571 1531,2571"/>
                <TextEquiv>
                    <Unicode>teristik der</Unicode>
                </TextEquiv>
            </TextLine>
            <TextLine id="r1l107" custom="readingOrder {index:106;}">
                <Coords points="662,2605 742,2621 826,2604 874,2620 1251,2611 1250,2578 1128,2562 1097,2586 977,2563 939,2578 661,2577"/>
                <Baseline points="674,2610 702,2609 730,2608 758,2607 787,2606 815,2606 843,2606 871,2605 900,2605 928,2605 956,2605 984,2606 1013,2606 1041,2606 1069,2606 1097,2606 1126,2606 1154,2605 1182,2605 1210,2605 1239,2604"/>
                <TextEquiv>
                    <Unicode>zusammtenhängenden Bilder</Unicode>
                </TextEquiv>
            </TextLine>
            <TextLine id="r1l108" custom="readingOrder {index:107;}">
                <Coords points="297,2615 382,2620 415,2601 443,2618 516,2614 535,2625 549,2611 577,2614 578,2590 549,2588 512,2566 493,2578 434,2568 415,2585 368,2575 342,2580 297,2565"/>
                <Baseline points="310,2611 335,2611 361,2610 386,2609 412,2609 437,2609 463,2609 488,2609 514,2610 539,2612 565,2614"/>
                <TextEquiv>
                    <Unicode>sehr wenig</Unicode>
                </TextEquiv>
            </TextLine>
            <TextLine id="r1l109" custom="readingOrder {index:108;}">
                <Coords points="1262,2618 2178,2619 2218,2590 1261,2585"/>
                <Baseline points="1273,2617 1319,2616 1366,2614 1413,2613 1459,2612 1506,2611 1553,2611 1599,2610 1646,2610 1693,2609 1740,2609 1786,2609 1833,2609 1880,2609 1926,2610 1973,2610 2020,2610 2066,2611 2113,2611 2160,2612 2207,2612"/>
                <TextEquiv>
                    <Unicode>Schwärmerin die Liebelei für Liebe, Spiel</Unicode>
                </TextEquiv>
            </TextLine>
            <TextLine id="r1l110" custom="readingOrder {index:109;}">
                <Coords points="298,2658 1196,2655 1243,2652 1243,2614 408,2600 298,2622"/>
                <Baseline points="309,2650 355,2649 401,2649 447,2648 493,2648 539,2647 585,2647 631,2647 677,2647 723,2646 770,2646 816,2646 862,2646 908,2646 954,2645 1000,2645 1046,2644 1092,2643 1138,2642 1184,2641 1231,2640"/>
                <TextEquiv>
                    <Unicode>etwas zu schreiben, das ein literarisch gebilde¬</Unicode>
                </TextEquiv>
            </TextLine>
            <TextLine id="r1l111" custom="readingOrder {index:110;}">
                <Coords points="1262,2661 2091,2662 2225,2654 2225,2617 1261,2616"/>
                <Baseline points="1273,2655 1320,2654 1367,2653 1414,2652 1461,2652 1508,2651 1555,2651 1602,2651 1649,2651 1696,2651 1743,2651 1790,2651 1837,2650 1884,2650 1931,2650 1978,2650 2025,2650 2072,2650 2119,2649 2166,2649 2214,2648"/>
                <TextEquiv>
                    <Unicode>für Ernst nimmt, am schärfsten. Wenn dann</Unicode>
                </TextEquiv>
            </TextLine>
            <TextLine id="r1l112" custom="readingOrder {index:111;}">
                <Coords points="296,2693 1128,2699 1245,2677 1245,2651 295,2660"/>
                <Baseline points="307,2690 353,2690 399,2689 446,2689 492,2689 538,2688 585,2688 631,2688 677,2688 724,2688 770,2687 816,2687 863,2687 909,2686 955,2686 1002,2685 1048,2684 1094,2684 1141,2682 1187,2681 1234,2680"/>
                <TextEquiv>
                    <Unicode>ter Mensch doch auch mit einem gewissen Ver¬</Unicode>
                </TextEquiv>
            </TextLine>
            <TextLine id="r1l113" custom="readingOrder {index:112;}">
                <Coords points="1262,2699 2221,2707 2220,2643 1262,2661"/>
                <Baseline points="1273,2695 1319,2695 1366,2694 1413,2693 1460,2692 1506,2692 1553,2691 1600,2690 1647,2689 1693,2689 1740,2688 1787,2688 1834,2687 1880,2687 1927,2687 1974,2687 2021,2688 2067,2688 2114,2689 2161,2691 2208,2692"/>
                <TextEquiv>
                    <Unicode>die tragische Duell=Affäre auf kurze Zeit das</Unicode>
                </TextEquiv>
            </TextLine>
            <TextLine id="r1l114" custom="readingOrder {index:113;}">
                <Coords points="813,2742 2220,2731 2159,2691 813,2678"/>
                <Baseline points="825,2722 894,2724 963,2725 1032,2726 1101,2727 1171,2728 1240,2729 1309,2729 1378,2729 1447,2729 1517,2729 1586,2729 1655,2728 1724,2728 1793,2727 1863,2727 1932,2726 2001,2725 2070,2724 2139,2723 2209,2722"/>
                <TextEquiv>
                    <Unicode>Freund besitzt zwei lustige Spiel dieser Szene mit rauher Brutali¬</Unicode>
                </TextEquiv>
            </TextLine>
            <TextLine id="r1l115" custom="readingOrder {index:114;}">
                <Coords points="294,2739 377,2733 405,2752 475,2725 565,2735 589,2754 650,2722 817,2727 817,2692 294,2701"/>
                <Baseline points="305,2735 330,2733 355,2732 380,2731 405,2730 430,2729 455,2729 480,2728 505,2728 530,2728 555,2728 580,2728 605,2728 630,2727 655,2727 680,2727 705,2727 730,2727 755,2726 780,2726 805,2725"/>
                <TextEquiv>
                    <Unicode>gnügen anhören kann.</Unicode>
                </TextEquiv>
            </TextLine>
            <TextLine id="r1l116" custom="readingOrder {index:115;}">
                <Coords points="301,2774 699,2762 793,2785 831,2756 1137,2785 1170,2775 1170,2731 300,2737"/>
                <Baseline points="313,2769 355,2768 397,2768 439,2767 482,2766 524,2765 566,2764 609,2764 651,2763 693,2762 736,2761 778,2761 820,2760 862,2760 905,2760 947,2759 989,2759 1032,2759 1074,2759 1116,2760 1159,2760"/>
                <TextEquiv>
                    <Unicode>gute Gaben, die hierzu trefflich taugen:</Unicode>
                </TextEquiv>
            </TextLine>
            <TextLine id="r1l117" custom="readingOrder {index:116;}">
                <Coords points="1255,2774 2219,2766 2218,2731 2152,2727 1255,2744"/>
                <Baseline points="1267,2775 1314,2774 1361,2773 1408,2772 1455,2771 1502,2770 1549,2769 1596,2768 1643,2768 1690,2767 1737,2767 1784,2766 1831,2766 1878,2765 1925,2765 1972,2765 2019,2765 2066,2765 2113,2765 2160,2765 2207,2765"/>
                <TextEquiv>
                    <Unicode>tät unterbricht, findet auch der Komponist die</Unicode>
                </TextEquiv>
            </TextLine>
            <TextLine id="r1l118" custom="readingOrder {index:117;}">
                <Coords points="1978,2800 1990,2800 2004,2814 2054,2812 2084,2800 2131,2814 2195,2812 2207,2803 2226,2808 2226,2770 2205,2765 2148,2774 2096,2765 2084,2776 1978,2769"/>
                <Baseline points="1990,2799 2018,2803 2046,2805 2074,2806 2102,2805 2130,2805 2158,2804 2186,2803 2214,2803"/>
                <TextEquiv>
                    <Unicode>und des</Unicode>
                </TextEquiv>
            </TextLine>
            <TextLine id="r1l119" custom="readingOrder {index:118;}">
                <Coords points="287,2810 1986,2813 1885,2768 288,2758"/>
                <Baseline points="299,2805 382,2804 466,2803 550,2802 634,2801 718,2801 801,2802 885,2802 969,2803 1053,2804 1137,2805 1220,2806 1304,2806 1388,2807 1472,2808 1556,2808 1639,2808 1723,2807 1807,2807 1891,2805 1975,2803"/>
                <TextEquiv>
                    <Unicode>trifft in seinen Liedlein den guten Ton der herben Akzente der Spannung</Unicode>
                </TextEquiv>
            </TextLine>
            <TextLine id="r1l120" custom="readingOrder {index:119;}">
                <Coords points="285,2852 549,2839 618,2865 858,2840 1058,2863 1058,2807 1034,2804 285,2807"/>
                <Baseline points="298,2849 335,2846 372,2845 410,2844 447,2843 485,2842 522,2841 559,2841 597,2841 634,2841 672,2841 709,2841 746,2842 784,2842 821,2842 859,2842 896,2842 933,2842 971,2842 1008,2842 1046,2842"/>
                <TextEquiv>
                    <Unicode>guten alten Berliner Posse, findet z.</Unicode>
                </TextEquiv>
            </TextLine>
            <TextLine id="r1l121" custom="readingOrder {index:120;}">
                <Coords points="1147,2843 2231,2864 2209,2803 1146,2806"/>
                <Baseline points="1158,2839 1211,2842 1264,2844 1317,2847 1370,2848 1423,2848 1476,2849 1529,2849 1582,2848 1635,2847 1688,2847 1741,2845 1794,2845 1847,2844 1900,2843 1953,2842 2006,2841 2059,2841 2112,2841 2165,2842 2218,2843"/>
                <TextEquiv>
                    <Unicode>mit Ahnungsvollen, wie sie dem Dichter in gleichem</Unicode>
                </TextEquiv>
            </TextLine>
            <TextLine id="r1l122" custom="readingOrder {index:121;}">
                <Coords points="301,2892 1255,2891 1255,2853 301,2857"/>
                <Baseline points="312,2884 358,2882 405,2882 451,2881 498,2880 544,2880 591,2880 637,2880 684,2880 730,2881 777,2881 824,2881 870,2881 917,2881 963,2881 1010,2881 1056,2880 1103,2879 1149,2878 1196,2877 1243,2875"/>
                <TextEquiv>
                    <Unicode>wohlverdientem Finderglück die Schlußverse</Unicode>
                </TextEquiv>
            </TextLine>
            <TextLine id="r1l123" custom="readingOrder {index:122;}">
                <Coords points="1260,2898 2217,2881 2130,2846 1260,2850"/>
                <Baseline points="1272,2887 1318,2888 1365,2888 1412,2887 1458,2887 1505,2887 1552,2886 1598,2886 1645,2885 1692,2884 1739,2884 1785,2884 1832,2883 1879,2883 1925,2883 1972,2884 2019,2884 2065,2885 2112,2886 2159,2888 2206,2890"/>
                <TextEquiv>
                    <Unicode>Maße zur Verfügung stehen. Die Gestalt der</Unicode>
                </TextEquiv>
            </TextLine>
            <TextLine id="r1l124" custom="readingOrder {index:123;}">
                <Coords points="295,2922 1254,2917 1254,2886 1164,2879 738,2900 295,2879"/>
                <Baseline points="307,2923 353,2921 400,2920 447,2919 493,2918 540,2918 587,2918 633,2918 680,2919 727,2919 774,2920 820,2920 867,2921 914,2921 960,2921 1007,2921 1054,2921 1100,2920 1147,2919 1194,2918 1241,2916"/>
                <TextEquiv>
                    <Unicode>mit ihrem Schlager, und er hat das sichere</Unicode>
                </TextEquiv>
            </TextLine>
            <TextLine id="r1l125" custom="readingOrder {index:124;}">
                <Coords points="1258,2945 1948,2917 2208,2939 2207,2903 2108,2883 1258,2893"/>
                <Baseline points="1270,2928 1316,2928 1362,2928 1408,2927 1455,2927 1501,2926 1547,2926 1593,2925 1640,2925 1686,2925 1732,2924 1778,2924 1825,2924 1871,2924 1917,2923 1963,2923 2010,2923 2056,2923 2102,2923 2148,2923 2195,2923"/>
                <TextEquiv>
                    <Unicode>Christine nimmt dann im Verlauf des Stückes</Unicode>
                </TextEquiv>
            </TextLine>
            <TextLine id="r1l126" custom="readingOrder {index:125;}">
                <Coords points="302,2963 2208,2966 1949,2916 302,2927"/>
                <Baseline points="313,2963 407,2961 501,2960 595,2959 689,2959 784,2959 878,2959 972,2960 1066,2960 1160,2961 1255,2962 1349,2963 1443,2963 1537,2964 1631,2964 1726,2965 1820,2965 1914,2965 2008,2964 2102,2963 2197,2962"/>
                <TextEquiv>
                    <Unicode>Gesühl. für die Menge und die Grenzen des  eine immer mehr überragende Stellung ein,</Unicode>
                </TextEquiv>
            </TextLine>
            <TextLine id="r1l127" custom="readingOrder {index:126;}">
                <Coords points="1154,2992 1165,2991 1173,2997 1182,2996 1193,3002 1200,3001 1202,2998 1213,2997 1209,2960 1197,2961 1190,2957 1176,2964 1171,2960 1166,2960 1164,2963 1150,2964"/>
                <Baseline points="1166,2992 1200,2988"/>
                <TextEquiv>
                    <Unicode>E</Unicode>
                </TextEquiv>
            </TextLine>
            <TextLine id="r1l128" custom="readingOrder {index:127;}">
                <Coords points="309,3009 1134,2995 1133,2965 1044,2958 309,2964"/>
                <Baseline points="321,3004 361,3002 401,3001 441,3000 481,2999 521,2999 561,2998 601,2998 641,2998 681,2998 722,2997 762,2997 802,2997 842,2997 882,2997 922,2997 962,2997 1002,2996 1042,2996 1082,2995 1123,2994"/>
                <TextEquiv>
                    <Unicode>Wortwitzes, den er uns verabreicht.</Unicode>
                </TextEquiv>
            </TextLine>
            <TextLine id="r1l129" custom="readingOrder {index:128;}">
                <Coords points="1264,3010 2102,3018 2211,3006 2211,2970 1263,2968"/>
                <Baseline points="1275,3002 1321,3002 1367,3002 1413,3002 1459,3001 1506,3001 1552,3001 1598,3001 1644,3001 1690,3001 1737,3001 1783,3000 1829,3000 1875,3000 1921,3000 1968,3000 2014,3000 2060,3000 2106,3000 2152,3000 2199,3000"/>
                <TextEquiv>
                    <Unicode>sie wird fast zur Heldin mit ihrer Qual und</Unicode>
                </TextEquiv>
            </TextLine>
            <TextLine id="r1l130" custom="readingOrder {index:129;}">
                <Coords points="281,3045 1250,3043 1249,3003 1162,2990 281,2995"/>
                <Baseline points="293,3041 340,3040 387,3038 434,3037 481,3036 529,3036 576,3036 623,3035 670,3035 717,3035 765,3035 812,3035 859,3035 906,3035 953,3035 1001,3035 1048,3034 1095,3034 1142,3033 1189,3032 1237,3031"/>
                <TextEquiv>
                    <Unicode>mnischt zwischen die reinen Wortwitze, die mit</Unicode>
                </TextEquiv>
            </TextLine>
            <TextLine id="r1l131" custom="readingOrder {index:130;}">
                <Coords points="1882,3045 1934,3057 1953,3040 2002,3036 2021,3050 2068,3055 2104,3024 2144,3050 2193,3050 2212,3043 2212,3006 1984,3010 1974,3000 1937,3000 1882,3012"/>
                <Baseline points="1893,3039 1918,3039 1944,3039 1969,3039 1995,3038 2020,3038 2046,3038 2072,3039 2097,3039 2123,3039 2148,3039 2174,3039 2200,3040"/>
                <TextEquiv>
                    <Unicode>Ihr hat der</Unicode>
                </TextEquiv>
            </TextLine>
            <TextLine id="r1l132" custom="readingOrder {index:131;}">
                <Coords points="1258,3050 1821,3050 1880,3036 1880,3003 1258,3010"/>
                <Baseline points="1270,3044 1301,3042 1333,3041 1364,3040 1396,3039 1427,3039 1459,3038 1490,3038 1522,3038 1553,3038 1585,3039 1616,3039 1648,3039 1679,3039 1711,3039 1742,3039 1774,3039 1805,3039 1837,3038 1869,3037"/>
                <TextEquiv>
                    <Unicode>ihrer ahnungsreichen Unschuld.</Unicode>
                </TextEquiv>
            </TextLine>
            <TextLine id="r1l133" custom="readingOrder {index:132;}">
                <Coords points="305,3078 1257,3087 1257,3036 1160,3031 305,3045"/>
                <Baseline points="317,3078 363,3078 409,3077 456,3077 502,3076 549,3076 595,3076 641,3076 688,3075 734,3075 781,3075 827,3075 873,3075 920,3075 966,3075 1013,3074 1059,3074 1105,3074 1152,3073 1198,3073 1245,3072"/>
                <TextEquiv>
                    <Unicode>Absicht fürchterlich kalauern, was aber gerade</Unicode>
                </TextEquiv>
            </TextLine>
            <TextLine id="r1l134" custom="readingOrder {index:133;}">
                <Coords points="1267,3087 2181,3095 2209,3092 2209,3047 2100,3024 2068,3055 1266,3047"/>
                <Baseline points="1279,3083 1327,3082 1375,3082 1424,3081 1472,3081 1520,3080 1569,3080 1617,3080 1665,3079 1714,3079 1762,3079 1811,3079 1859,3079 1907,3079 1956,3079 2004,3078 2052,3078 2101,3078 2149,3078 2198,3077"/>
                <TextEquiv>
                    <Unicode>Komponist auch die rührenden Töne seiner</Unicode>
                </TextEquiv>
            </TextLine>
            <TextLine id="r1l135" custom="readingOrder {index:134;}">
                <Coords points="293,3125 1259,3117 1242,3077 293,3075"/>
                <Baseline points="305,3122 352,3121 399,3120 446,3118 493,3117 540,3116 587,3116 634,3115 681,3115 728,3114 776,3114 823,3114 870,3113 917,3113 964,3113 1011,3113 1058,3113 1105,3113 1152,3114 1199,3114 1247,3114"/>
                <TextEquiv>
                    <Unicode>für den Berliner „etwas Schönes ist“ den ganz</Unicode>
                </TextEquiv>
            </TextLine>
            <TextLine id="r1l136" custom="readingOrder {index:135;}">
                <Coords points="1266,3128 1832,3111 2214,3135 2213,3092 2112,3079 1266,3088"/>
                <Baseline points="1277,3121 1323,3120 1369,3120 1415,3119 1461,3119 1508,3119 1554,3118 1600,3118 1646,3118 1692,3118 1739,3118 1785,3118 1831,3117 1877,3117 1923,3117 1970,3117 2016,3117 2062,3116 2108,3116 2154,3116 2201,3115"/>
                <TextEquiv>
                    <Unicode>Muse gegeben. Daß der musikalische Kon¬</Unicode>
                </TextEquiv>
            </TextLine>
            <TextLine id="r1l137" custom="readingOrder {index:136;}">
                <Coords points="298,3162 1259,3150 1242,3110 1049,3100 1009,3124 297,3126"/>
                <Baseline points="309,3163 355,3161 402,3159 449,3158 496,3157 543,3156 590,3155 637,3154 684,3154 731,3153 778,3153 824,3153 871,3153 918,3153 965,3153 1012,3153 1059,3152 1106,3152 1153,3152 1200,3151 1247,3150"/>
                <TextEquiv>
                    <Unicode>einsachen, ganz harmlosen und gerade darum</Unicode>
                </TextEquiv>
            </TextLine>
            <TextLine id="r1l138" custom="readingOrder {index:137;}">
                <Coords points="1260,3166 2210,3152 2193,3112 1260,3123"/>
                <Baseline points="1271,3159 1317,3159 1363,3159 1410,3158 1456,3158 1502,3158 1549,3157 1595,3157 1641,3156 1688,3156 1734,3156 1780,3155 1827,3155 1873,3155 1919,3154 1966,3154 2012,3154 2058,3154 2105,3154 2151,3154 2198,3154"/>
                <TextEquiv>
                    <Unicode>versationston sich oft recht breit macht und</Unicode>
                </TextEquiv>
            </TextLine>
            <TextLine id="r1l139" custom="readingOrder {index:138;}">
                <Coords points="297,3198 1252,3202 1251,3155 297,3162"/>
                <Baseline points="308,3200 354,3199 401,3197 447,3196 494,3195 541,3194 587,3193 634,3193 680,3192 727,3192 774,3192 820,3191 867,3191 913,3191 960,3191 1007,3191 1053,3191 1100,3191 1146,3192 1193,3192 1240,3192"/>
                <TextEquiv>
                    <Unicode>überwältigend wirkenden Sachenwitz, etwa von</Unicode>
                </TextEquiv>
            </TextLine>
            <TextLine id="r1l140" custom="readingOrder {index:139;}">
                <Coords points="1264,3204 2197,3207 2223,3171 1263,3164"/>
                <Baseline points="1275,3200 1321,3199 1368,3199 1415,3198 1462,3197 1509,3197 1555,3197 1602,3196 1649,3196 1696,3196 1743,3196 1789,3195 1836,3195 1883,3195 1930,3195 1977,3194 2023,3194 2070,3193 2117,3193 2164,3192 2211,3191"/>
                <TextEquiv>
                    <Unicode>stellenweise auf der Beweglichkeit der Hand¬</Unicode>
                </TextEquiv>
            </TextLine>
            <TextLine id="r1l141" custom="readingOrder {index:140;}">
                <Coords points="304,3243 1249,3230 1249,3200 1204,3195 304,3200"/>
                <Baseline points="316,3236 362,3236 408,3236 454,3236 500,3236 546,3236 592,3236 638,3236 684,3236 730,3235 777,3235 823,3235 869,3235 915,3234 961,3234 1007,3233 1053,3233 1099,3232 1145,3232 1191,3231 1238,3231"/>
                <TextEquiv>
                    <Unicode>der Art wie gestern, wo der „Gerson von</Unicode>
                </TextEquiv>
            </TextLine>
            <TextLine id="r1l142" custom="readingOrder {index:141;}">
                <Coords points="1267,3244 2212,3251 2212,3209 2176,3195 1267,3207"/>
                <Baseline points="1278,3240 1324,3239 1370,3238 1416,3237 1462,3237 1508,3236 1554,3236 1601,3236 1647,3236 1693,3236 1739,3236 1785,3236 1831,3235 1877,3235 1924,3235 1970,3234 2016,3234 2062,3233 2108,3232 2154,3231 2201,3229"/>
                <TextEquiv>
                    <Unicode>lung zentnerschwer lastet, liegt in der Wahl</Unicode>
                </TextEquiv>
            </TextLine>
            <TextLine id="r1l143" custom="readingOrder {index:142;}">
                <Coords points="301,3273 1104,3282 1243,3273 1243,3236 301,3244"/>
                <Baseline points="313,3277 358,3276 404,3276 450,3276 496,3275 542,3275 588,3275 634,3275 680,3274 726,3274 772,3274 817,3273 863,3273 909,3273 955,3272 1001,3272 1047,3271 1093,3270 1139,3269 1185,3268 1231,3267"/>
                <TextEquiv>
                    <Unicode>Pinne“ das Bild seiner mit einem „kleinen</Unicode>
                </TextEquiv>
            </TextLine>
            <TextLine id="r1l144" custom="readingOrder {index:143;}">
                <Coords points="1258,3286 2212,3275 2143,3234 1258,3241"/>
                <Baseline points="1269,3280 1315,3280 1362,3281 1408,3280 1455,3280 1502,3279 1548,3279 1595,3278 1641,3277 1688,3276 1735,3275 1781,3274 1828,3273 1874,3272 1921,3272 1968,3272 2014,3272 2061,3272 2107,3273 2154,3274 2201,3276"/>
                <TextEquiv>
                    <Unicode>des Textbucheg. Es ist nicht immer angebracht,</Unicode>
                </TextEquiv>
            </TextLine>
            <TextLine id="r1l145" custom="readingOrder {index:144;}">
                <Coords points="298,3323 1247,3309 1228,3272 298,3271"/>
                <Baseline points="310,3317 356,3316 402,3315 448,3314 495,3314 541,3313 587,3313 634,3313 680,3313 726,3313 773,3313 819,3312 865,3312 911,3312 958,3312 1004,3311 1050,3311 1097,3311 1143,3310 1189,3309 1236,3308"/>
                <TextEquiv>
                    <Unicode>Verdruß“ behafteten Frau Malchen vorzeigt</Unicode>
                </TextEquiv>
            </TextLine>
            <TextLine id="r1l146" custom="readingOrder {index:145;}">
                <Coords points="1260,3328 2214,3324 2214,3279 1259,3288"/>
                <Baseline points="1271,3319 1317,3318 1364,3318 1410,3317 1457,3316 1503,3316 1550,3315 1596,3314 1643,3314 1689,3313 1736,3313 1782,3312 1829,3312 1875,3312 1922,3311 1968,3311 2015,3311 2061,3311 2108,3311 2154,3311 2201,3312"/>
                <TextEquiv>
                    <Unicode>ein literarisch wertvolles Stück mit Haut und</Unicode>
                </TextEquiv>
            </TextLine>
            <TextLine id="r1l147" custom="readingOrder {index:146;}">
                <Coords points="298,3363 1193,3361 1252,3353 1252,3318 297,3323"/>
                <Baseline points="310,3356 356,3355 402,3354 449,3354 495,3353 542,3352 588,3352 635,3351 681,3351 728,3350 774,3350 820,3350 867,3349 913,3349 960,3349 1006,3349 1053,3349 1099,3349 1146,3349 1192,3349 1239,3349"/>
                <TextEquiv>
                    <Unicode>und auf die Bemerkung: „Na, schön ist das</Unicode>
                </TextEquiv>
            </TextLine>
            <TextLine id="r1l148" custom="readingOrder {index:147;}">
                <Coords points="1267,3361 2212,3352 2211,3312 2096,3308 1267,3328"/>
                <Baseline points="1279,3360 1325,3359 1371,3357 1417,3356 1463,3356 1509,3355 1555,3354 1601,3354 1647,3354 1693,3353 1739,3353 1785,3353 1831,3353 1877,3352 1923,3352 1969,3352 2015,3351 2061,3351 2107,3350 2153,3348 2199,3347"/>
                <TextEquiv>
                    <Unicode>Hgaren in Musik zu setzen. Es mutet dann</Unicode>
                </TextEquiv>
            </TextLine>
            <TextLine id="r1l149" custom="readingOrder {index:148;}">
                <Coords points="294,3417 560,3390 791,3389 829,3422 902,3391 1248,3398 1248,3351 400,3351 294,3375"/>
                <Baseline points="305,3397 351,3395 398,3394 444,3393 491,3392 538,3392 584,3392 631,3392 677,3392 724,3392 771,3392 817,3392 864,3392 910,3392 957,3392 1004,3391 1050,3391 1097,3390 1143,3390 1190,3389 1237,3387"/>
                <TextEquiv>
                    <Unicode>gerade nicht“ gemütlich erwidert: „Nee, scheen</Unicode>
                </TextEquiv>
            </TextLine>
            <TextLine id="r1l150" custom="readingOrder {index:149;}">
                <Coords points="1262,3399 2212,3399 2211,3349 1262,3359"/>
                <Baseline points="1275,3398 1321,3397 1367,3396 1413,3395 1459,3394 1506,3394 1552,3393 1598,3393 1644,3393 1690,3393 1737,3393 1783,3392 1829,3392 1875,3392 1921,3391 1968,3391 2014,3390 2060,3389 2106,3388 2152,3387 2199,3385"/>
                <TextEquiv>
                    <Unicode>komisch an, Worte wie „Pfropfenzieher“ oder</Unicode>
                </TextEquiv>
            </TextLine>
            <TextLine id="r1l151" custom="readingOrder {index:150;}">
                <Coords points="337,3437 1254,3432 1253,3394 1176,3388 337,3399"/>
                <Baseline points="348,3432 392,3433 437,3434 482,3434 527,3435 571,3435 616,3434 661,3434 706,3433 750,3433 795,3432 840,3431 885,3430 929,3429 974,3429 1019,3428 1064,3427 1108,3427 1153,3427 1198,3427 1243,3427"/>
                <TextEquiv>
                    <Unicode>s es nich, aber ähnlich.“ Ich bekenne offen,</Unicode>
                </TextEquiv>
            </TextLine>
            <TextLine id="r1l152" custom="readingOrder {index:151;}">
                <Coords points="1261,3444 1938,3428 2060,3453 2204,3428 2204,3391 1313,3396 1261,3420"/>
                <Baseline points="1273,3444 1319,3440 1365,3437 1411,3434 1457,3432 1503,3430 1549,3430 1595,3429 1641,3429 1687,3429 1733,3430 1779,3430 1825,3431 1871,3431 1917,3432 1963,3432 2009,3432 2055,3432 2101,3431 2147,3430 2193,3429"/>
                <TextEquiv>
                    <Unicode>„Konversationslexikon“ gesungen zu hören.</Unicode>
                </TextEquiv>
            </TextLine>
            <TextLine id="r1l153" custom="readingOrder {index:152;}">
                <Coords points="296,3504 505,3466 1255,3481 1254,3436 1217,3429 295,3438"/>
                <Baseline points="308,3474 354,3474 401,3473 448,3473 494,3473 541,3472 588,3472 634,3471 681,3471 728,3470 775,3470 821,3469 868,3469 915,3468 961,3468 1008,3467 1055,3467 1101,3467 1148,3466 1195,3467 1242,3467"/>
                <TextEquiv>
                    <Unicode>ich finde gerade solche Witze beinahe genial.</Unicode>
                </TextEquiv>
            </TextLine>
            <TextLine id="r1l154" custom="readingOrder {index:153;}">
                <Coords points="1266,3482 2213,3470 2212,3441 2144,3430 1265,3446"/>
                <Baseline points="1278,3478 1324,3477 1370,3476 1416,3474 1462,3473 1508,3472 1554,3472 1601,3471 1647,3471 1693,3470 1739,3470 1785,3469 1831,3469 1877,3469 1924,3469 1970,3468 2016,3468 2062,3468 2108,3468 2154,3468 2201,3467"/>
                <TextEquiv>
                    <Unicode>Fast wie eine Entweihung der Musik. Bei</Unicode>
                </TextEquiv>
            </TextLine>
            <TextLine id="r1l155" custom="readingOrder {index:154;}">
                <Coords points="381,3513 907,3524 1097,3500 1163,3521 1260,3511 1260,3478 657,3467 381,3492"/>
                <Baseline points="393,3511 435,3510 478,3510 521,3510 564,3510 606,3510 649,3509 692,3509 735,3509 777,3509 820,3508 863,3508 906,3508 948,3508 991,3507 1034,3507 1077,3507 1119,3506 1162,3506 1205,3506 1248,3506"/>
                <TextEquiv>
                    <Unicode>Was in der Revue vorgeht, ist ja Neben¬</Unicode>
                </TextEquiv>
            </TextLine>
            <TextLine id="r1l156" custom="readingOrder {index:155;}">
                <Coords points="1253,3527 2125,3524 2226,3512 2226,3484 1253,3486"/>
                <Baseline points="1266,3516 1313,3514 1360,3513 1408,3511 1455,3510 1503,3509 1550,3508 1598,3508 1645,3508 1693,3508 1740,3508 1787,3508 1835,3508 1882,3509 1930,3509 1977,3510 2025,3510 2072,3511 2120,3512 2167,3513 2215,3513"/>
                <TextEquiv>
                    <Unicode>solchen Gelegenheiten flüchtet dann das Ohr</Unicode>
                </TextEquiv>
            </TextLine>
            <TextLine id="r1l157" custom="readingOrder {index:156;}">
                <Coords points="302,3555 1251,3557 1251,3510 301,3511"/>
                <Baseline points="314,3550 360,3551 406,3551 452,3551 499,3551 545,3551 591,3551 638,3550 684,3550 730,3549 777,3549 823,3548 869,3548 915,3547 962,3547 1008,3546 1054,3546 1101,3545 1147,3545 1193,3544 1240,3544"/>
                <TextEquiv>
                    <Unicode>sache; doch sei bemerkt, daß, wie schon der</Unicode>
                </TextEquiv>
            </TextLine>
            <TextLine id="r1l158" custom="readingOrder {index:157;}">
                <Coords points="1268,3560 2058,3553 2140,3538 2140,3512 1268,3522"/>
                <Baseline points="1279,3553 1321,3552 1363,3551 1406,3551 1448,3550 1491,3550 1533,3549 1576,3549 1618,3549 1661,3549 1703,3548 1745,3548 1788,3548 1830,3548 1873,3547 1915,3547 1958,3547 2000,3546 2043,3546 2085,3545 2128,3544"/>
                <TextEquiv>
                    <Unicode>des Hörers ins Orchester, und dort wird</Unicode>
                </TextEquiv>
            </TextLine>
            <TextLine id="r1l159" custom="readingOrder {index:158;}">
                <Coords points="647,3588 1253,3596 1253,3558 1180,3544 1031,3545 1012,3564 934,3546 767,3550 727,3569 647,3558"/>
                <Baseline points="658,3584 687,3584 716,3585 745,3586 774,3586 803,3586 832,3586 862,3586 891,3585 920,3585 949,3585 978,3584 1007,3583 1036,3583 1066,3583 1095,3582 1124,3582 1153,3582 1182,3582 1211,3582 1241,3582"/>
                <TextEquiv>
                    <Unicode>es sich um den Halleyschen</Unicode>
                </TextEquiv>
            </TextLine>
            <TextLine id="r1l160" custom="readingOrder {index:159;}">
                <Coords points="299,3600 396,3593 410,3602 443,3587 495,3605 518,3591 532,3600 596,3591 610,3605 643,3607 642,3560 595,3561 567,3545 477,3556 416,3538 383,3563 298,3555"/>
                <Baseline points="310,3592 336,3591 363,3590 390,3589 417,3588 443,3587 470,3586 497,3586 524,3585 550,3585 577,3585 604,3586 631,3587"/>
                <TextEquiv>
                    <Unicode>Titel andeutet,</Unicode>
                </TextEquiv>
            </TextLine>
            <TextLine id="r1l161" custom="readingOrder {index:160;}">
                <Coords points="1262,3597 2214,3596 2213,3551 2107,3538 1261,3557"/>
                <Baseline points="1273,3590 1319,3590 1365,3591 1412,3591 1458,3591 1505,3591 1551,3591 1597,3591 1644,3591 1690,3591 1737,3590 1783,3590 1829,3589 1876,3589 1922,3588 1969,3588 2015,3587 2061,3587 2108,3586 2154,3586 2201,3585"/>
                <TextEquiv>
                    <Unicode>wie bereits gesagt, auf das reichste entschädigt.</Unicode>
                </TextEquiv>
            </TextLine>
            <TextLine id="r1l162" custom="readingOrder {index:161;}">
                <Coords points="300,3640 722,3620 807,3643 920,3609 988,3641 1028,3617 1248,3630 1224,3587 300,3598"/>
                <Baseline points="312,3632 358,3631 404,3629 450,3628 496,3627 543,3626 589,3625 635,3625 681,3624 727,3623 774,3623 820,3623 866,3622 912,3622 958,3622 1005,3622 1051,3622 1097,3623 1143,3623 1189,3623 1236,3624"/>
                <TextEquiv>
                    <Unicode>Kometen dreht, der verkörpert mit Frack und</Unicode>
                </TextEquiv>
            </TextLine>
            <TextLine id="r1l163" custom="readingOrder {index:162;}">
                <Coords points="1261,3644 2107,3613 2175,3638 2220,3626 2220,3591 1261,3597"/>
                <Baseline points="1273,3632 1319,3632 1366,3632 1413,3631 1460,3631 1506,3631 1553,3630 1600,3630 1647,3630 1693,3629 1740,3629 1787,3628 1834,3628 1880,3628 1927,3627 1974,3627 2021,3627 2067,3627 2114,3627 2161,3627 2208,3627"/>
                <TextEquiv>
                    <Unicode>Noch eine andere Merkwürdigkeit wies die</Unicode>
                </TextEquiv>
            </TextLine>
            <TextLine id="r1l164" custom="readingOrder {index:163;}">
                <Coords points="308,3655 365,3681 1255,3672 1255,3637 1215,3625 308,3632"/>
                <Baseline points="321,3666 367,3666 413,3666 459,3666 505,3666 551,3667 597,3667 643,3667 689,3667 735,3668 782,3668 828,3668 874,3668 920,3667 966,3667 1012,3666 1058,3665 1104,3664 1150,3662 1196,3660 1243,3657"/>
                <TextEquiv>
                    <Unicode>Zylinder, durch Berlins Straßen schreitet und</Unicode>
                </TextEquiv>
            </TextLine>
            <TextLine id="r1l165" custom="readingOrder {index:164;}">
                <Coords points="1263,3684 2139,3674 2212,3664 2212,3631 1262,3647"/>
                <Baseline points="1275,3675 1321,3674 1367,3672 1413,3671 1459,3670 1506,3670 1552,3670 1598,3669 1644,3669 1690,3669 1737,3669 1783,3669 1829,3669 1875,3669 1921,3668 1968,3667 2014,3667 2060,3665 2106,3663 2152,3660 2199,3657"/>
                <TextEquiv>
                    <Unicode>neue Oper auf: das Fehlen jeder Reminiszen¬</Unicode>
                </TextEquiv>
            </TextLine>
            <TextLine id="r1l166" custom="readingOrder {index:165;}">
                <Coords points="299,3705 1263,3720 1263,3673 1204,3663 384,3683 299,3655"/>
                <Baseline points="312,3703 358,3705 405,3705 452,3706 499,3706 546,3707 593,3706 640,3706 687,3706 734,3705 781,3705 827,3704 874,3704 921,3703 968,3702 1015,3702 1062,3701 1109,3701 1156,3701 1203,3701 1250,3701"/>
                <TextEquiv>
                    <Unicode>die Hauptereignisse des letzten Jahres an sich</Unicode>
                </TextEquiv>
            </TextLine>
            <TextLine id="r1l167" custom="readingOrder {index:166;}">
                <Coords points="1260,3713 2172,3713 2217,3705 2217,3663 1260,3688"/>
                <Baseline points="1273,3713 1319,3712 1366,3711 1412,3710 1459,3710 1506,3709 1552,3708 1599,3708 1646,3707 1692,3706 1739,3706 1786,3705 1832,3705 1879,3705 1926,3704 1972,3704 2019,3703 2066,3703 2112,3703 2159,3702 2206,3702"/>
                <TextEquiv>
                    <Unicode>zen. Man wird nie sagen können: das da ist</Unicode>
                </TextEquiv>
            </TextLine>
            <TextLine id="r1l168" custom="readingOrder {index:167;}">
                <Coords points="1262,3759 2214,3762 2214,3703 1262,3715"/>
                <Baseline points="1273,3749 1319,3749 1366,3748 1412,3748 1459,3747 1505,3747 1552,3746 1598,3746 1645,3746 1691,3745 1738,3745 1784,3745 1831,3745 1877,3744 1924,3744 1970,3744 2017,3744 2063,3743 2110,3743 2156,3743 2203,3743"/>
                <TextEquiv>
                    <Unicode>Wagner und das ist Puccini. Herr Neumann</Unicode>
                </TextEquiv>
            </TextLine>
            <TextLine id="r1l169" custom="readingOrder {index:168;}">
                <Coords points="308,3763 350,3758 388,3781 451,3762 553,3777 572,3763 642,3772 661,3760 732,3776 731,3724 694,3727 672,3708 604,3708 581,3723 522,3707 496,3719 399,3705 354,3720 307,3713"/>
                <Baseline points="319,3747 344,3748 369,3749 394,3749 419,3750 444,3750 469,3750 494,3750 519,3749 544,3749 569,3748 594,3748 619,3747 644,3747 669,3746 694,3746 719,3745"/>
                <TextEquiv>
                    <Unicode>vorüberziehen läßt.</Unicode>
                </TextEquiv>
            </TextLine>
            <TextLine id="r1l170" custom="readingOrder {index:169;}">
                <Coords points="1259,3794 2189,3793 2222,3757 1258,3759"/>
                <Baseline points="1271,3789 1318,3787 1365,3786 1412,3785 1459,3784 1506,3784 1553,3783 1600,3783 1647,3783 1694,3783 1741,3783 1788,3783 1835,3783 1882,3782 1929,3782 1976,3782 2023,3782 2070,3781 2117,3780 2164,3780 2211,3779"/>
                <TextEquiv>
                    <Unicode>kannte eben die Literatur so gut, daß er allen</Unicode>
                </TextEquiv>
            </TextLine>
            <TextLine id="r1l171" custom="readingOrder {index:170;}">
                <Coords points="840,3796 916,3789 951,3803 968,3791 984,3803 1003,3791 1111,3805 1255,3785 1255,3759 1172,3729 1149,3748 1083,3724 998,3748 958,3734 840,3739"/>
                <Baseline points="851,3788 877,3786 903,3785 929,3784 955,3783 981,3783 1007,3783 1033,3783 1060,3784 1086,3784 1112,3784 1138,3785 1164,3785 1190,3784 1216,3784 1243,3783"/>
                <TextEquiv>
                    <Unicode>Eduard Engel.</Unicode>
                </TextEquiv>
            </TextLine>
            <TextLine id="r1l172" custom="readingOrder {index:171;}">
                <Coords points="1264,3830 1818,3846 1902,3819 2192,3827 2211,3782 1264,3790"/>
                <Baseline points="1276,3826 1322,3826 1368,3826 1414,3826 1460,3826 1507,3826 1553,3827 1599,3827 1645,3827 1691,3827 1738,3826 1784,3826 1830,3826 1876,3826 1922,3825 1969,3824 2015,3824 2061,3822 2107,3821 2153,3820 2200,3818"/>
                <TextEquiv>
                    <Unicode>Anleihen aus dem Wege gehen und aus eige¬</Unicode>
                </TextEquiv>
            </TextLine>
            <TextLine id="r1l173" custom="readingOrder {index:172;}">
                <Coords points="1265,3876 2132,3882 2219,3838 2098,3816 1264,3836"/>
                <Baseline points="1276,3870 1322,3870 1369,3869 1415,3869 1462,3868 1509,3868 1555,3867 1602,3866 1648,3865 1695,3865 1742,3864 1788,3863 1835,3862 1881,3861 1928,3860 1975,3859 2021,3858 2068,3857 2114,3856 2161,3856 2208,3855"/>
                <TextEquiv>
                    <Unicode>ner Kraft schöpfen konnte. Das neue Opern¬</Unicode>
                </TextEquiv>
            </TextLine>
            <TextEquiv>
                <Unicode>Liebelei
5. LELLELE box 11/5

1

werk stellt sich somit als eine durchaus wert¬
Schnitzlers „Tiebelei“ als Oper.
volle Arbeit oar, die jeder Bühne eine dank¬
bare Aufgabe bieten würde.
. Fränkfurt a. M., 19. Septbr.
Theater und Musik.
Die Aufnahme des Werkes war geradezu
Der zweite Kapellmeister der Frankfurter
begeistert. Nach jedom Akte mußte sich der
Oper, Franz Neumann, hat bisher ein
Komponist unzählige Male dem Puvlikum
bescheidenels künstlerisches Dasein geführt.
Die neue Revue
zeigen. Die gute Aufführung, mit Fräulein
Wenigstens in den Augen der Leute, die nur
Sellin und Herrn Gentner an der
Er war als
auf Namen oder Rang sehen.
des Berliner Metropol=Theaters.
Spitze, tat das ihrige zu dem großen Erfolge.
Operetten=Dirigent beliebt und geschätzt. Ein¬
„Hurral Wir leben noch!“
geweihte aber wußten längst, daß in dem Auch Arthur Schnitzler, der seit einigen
Tagen in Frankfurt weilte, wurde gerufen.
Revue von Julius Freund und Viktor Holländer
der so
jungen, bestimmten Kapellmeister,
schwungvoll Walzer zu dirigieren verstand, Es war ein Erfolg, wie man ihn hier lange
Berlin, 18. September.
H. Schy
mehr steckte als ein simpler Kapellmeister. In nicht erlebt hatte.
Seit Jahren bilden die ersten Aufführungen!
Wahrheit ist er ein Künstler ersten Ranges,
der „bunten Jahresschau im Metropol=Theater
der nur widerwillig in die Bahnen der leich¬
deu eigentlichen Anfang der neuen Spielzeit
teren Muse gelenkt wurde und nicht die Kraft
für Berlin und sind ein wirkliches Ereignis
besaß, sie für immer zu verlassen. Wenigstens
hauptstädtischen Leben geworden. Man
nicht als Dirigent. Als Komponist hat er jetzt
muß die ungeheure Wagenreihe in der Behren¬
mit seiner Oper „Liebelei“ die im
Itraße an einem solchen Abend gesehen haben,
Opernhause gestern ihre Uraufführung
die sich vor den Pforten des Theaters stquende
erlebte, bewiesen, daß es ihm Ernst um die
Menge, die den Kartenbesitzern den Eingang
Kunst ist, und daß er nicht nach billigen Er¬
erschwert, muß die Aufregung mitgefühlt haben,
s ist ein Werk von höchster
folgen strebt.
e sich des ganzen engeren Viertels um das
künstlerischer Potenz. Das gleichnamige drei¬
Theater, zwischen den Linden, der Friedrich¬
aktige Schauspiel von Arthur Schnitzler
aße und der Mauerstraße an einem solchen
bildet mit nur ganz geringfügigen Aenderungen
Ranzabend bemächtigt, um zu begreifen, daß
die textliche Unterlage der Oper. Die Musik
immer für das Theaterleben der tiefste
ist modern im besten Sinne und legt ihren
b jeder Zuschauerschaft die erste Rolle
Schwerpunkt in das Orcheste
t. Dieses Die
lt: das Zuschauen. Sehen wollen die
mit vollendeter Meisterschaft behandelt.
Menschen, die ins Metropol=Theater gehen, das
Instrumentation ist bildschön und nutzt alle
Hören ist verglei zweise Nebensache.
Zum
Effekte mit fast raffinierter Natürlichkeit aus.
Sehen gibt es jevesmal außerordentlich viel,
Ohne in Ertreme zu verfallen, versteht es der
so viel daß, wer bis zum Schluß ausdauert,
Komponist, in jedem Tatte neue Ueberraschun¬
mit müden Augen das Haus verläßt, und das
gen zu ersinnen. Daß sich diese mit den Vor¬
Gesehene ist fast immer so anmutig oder doch
heute
gängen auf der Bühne decken, ist
lustig mannigfaltig, daß der Geist standhält,
selbstverständlich. Da ist jede Bewegung ge¬
mögen auch die Augen matt werden. Für das
deutet und musikalisch illustriert. Am treffend¬
das
Zuhörende sorgt Julius Freund Jahr für Jahr
sten vielleicht in dem ersten Akte, der
mit einer Erfindungsgabe und einem launigen
lustige Souper der beiden Freunde mit ihren
Humor, die auch dem strengsten Beurteiler Be¬
Hier kommt echte
Freundinnen schildert.
wunderung abzwingen. Es ist wirklich nicht
Bohémien=Stimmung zum Ausdruck. Dabei
so leicht, wie sich das anhört, zu einer langen
wahrt der Komponist die musikalische Charak¬
Reihe der buntesten unl gestehen wir es nur,
der sentimentalen
Christine,
teristik der
zusammtenhängenden Bilder
sehr wenig
Schwärmerin die Liebelei für Liebe, Spiel
etwas zu schreiben, das ein literarisch gebilde¬
für Ernst nimmt, am schärfsten. Wenn dann
ter Mensch doch auch mit einem gewissen Ver¬
die tragische Duell=Affäre auf kurze Zeit das
Freund besitzt zwei lustige Spiel dieser Szene mit rauher Brutali¬
gnügen anhören kann.
gute Gaben, die hierzu trefflich taugen:
tät unterbricht, findet auch der Komponist die
und des
trifft in seinen Liedlein den guten Ton der herben Akzente der Spannung
guten alten Berliner Posse, findet z.
mit Ahnungsvollen, wie sie dem Dichter in gleichem
wohlverdientem Finderglück die Schlußverse
Maße zur Verfügung stehen. Die Gestalt der
mit ihrem Schlager, und er hat das sichere
Christine nimmt dann im Verlauf des Stückes
Gesühl. für die Menge und die Grenzen des  eine immer mehr überragende Stellung ein,
E
Wortwitzes, den er uns verabreicht.
sie wird fast zur Heldin mit ihrer Qual und
mnischt zwischen die reinen Wortwitze, die mit
Ihr hat der
ihrer ahnungsreichen Unschuld.
Absicht fürchterlich kalauern, was aber gerade
Komponist auch die rührenden Töne seiner
für den Berliner „etwas Schönes ist“ den ganz
Muse gegeben. Daß der musikalische Kon¬
einsachen, ganz harmlosen und gerade darum
versationston sich oft recht breit macht und
überwältigend wirkenden Sachenwitz, etwa von
stellenweise auf der Beweglichkeit der Hand¬
der Art wie gestern, wo der „Gerson von
lung zentnerschwer lastet, liegt in der Wahl
Pinne“ das Bild seiner mit einem „kleinen
des Textbucheg. Es ist nicht immer angebracht,
Verdruß“ behafteten Frau Malchen vorzeigt
ein literarisch wertvolles Stück mit Haut und
und auf die Bemerkung: „Na, schön ist das
Hgaren in Musik zu setzen. Es mutet dann
gerade nicht“ gemütlich erwidert: „Nee, scheen
komisch an, Worte wie „Pfropfenzieher“ oder
s es nich, aber ähnlich.“ Ich bekenne offen,
„Konversationslexikon“ gesungen zu hören.
ich finde gerade solche Witze beinahe genial.
Fast wie eine Entweihung der Musik. Bei
Was in der Revue vorgeht, ist ja Neben¬
solchen Gelegenheiten flüchtet dann das Ohr
sache; doch sei bemerkt, daß, wie schon der
des Hörers ins Orchester, und dort wird
es sich um den Halleyschen
Titel andeutet,
wie bereits gesagt, auf das reichste entschädigt.
Kometen dreht, der verkörpert mit Frack und
Noch eine andere Merkwürdigkeit wies die
Zylinder, durch Berlins Straßen schreitet und
neue Oper auf: das Fehlen jeder Reminiszen¬
die Hauptereignisse des letzten Jahres an sich
zen. Man wird nie sagen können: das da ist
Wagner und das ist Puccini. Herr Neumann
vorüberziehen läßt.
kannte eben die Literatur so gut, daß er allen
Eduard Engel.
Anleihen aus dem Wege gehen und aus eige¬
ner Kraft schöpfen konnte. Das neue Opern¬</Unicode>
            </TextEquiv>
        </TextRegion>
    </Page>
</PcGts>
