3436 4224
224 147 740 231 5. Liebelei
896 140 1302 232 box 13/1
2856 51 3060 92 Sr#t
2189 85 3061 139 Das alte Herzeleid — von dem die frühesten
2187 126 3061 188 Nachtigallen aller Dichtung sangen — aus
2174 167 2800 220 diesem Film klingt es wieder.
2237 202 3059 262 Man muß es den Autoren Juttke und
2184 244 3073 310 Klaren — die bisher wohl noch in keinem
2175 300 3067 358 Manuskript enttäuscht haben und auf der
2185 340 3070 397 Gewinnseite der Saison zu verzeichnen sind
2237 387 3074 441 und den Regisseuren J. und L. Fleck zu
2184 430 3059 484 hohem Lobe anrechnen, daß sie jede Ab¬
2180 468 3062 527 schweifung vom Sinn ihres Films, von
2183 511 3074 571 seiner klaren Linie, von seinen klaren
2173 558 2798 612 Charakteren vermieden haben.
2232 601 3072 661 Nur ganz wenige Szenen riechen nach
2169 647 3070 703 Atelierluft, machen Schauspielerei bemerk¬
2173 690 3059 743 bar. Aber diese wenigen Uebertreibungen
2170 734 3070 797 werden wettgemacht durch den Ernst, die
2211 893 3021 1014 Aiagoce
2164 1052 3056 1121 Hingebung, die Liebe, mit der dieser Film
2166 1107 3074 1175 geschaffen wurde. Seltene Tugenden in
2170 1142 2488 1205 dieser Saison.
2245 1184 3067 1242 Was wäre die Hingebung ohne das
2176 1234 3072 1284 Können. Man täte diesen volkstümlichen
2165 1282 3062 1338 Filmschöpfern unrecht, wenn man ihren
2173 1322 3063 1381 guten Willen höher einschätzen wollte als die
2177 1358 2505 1410 vollbrachte Tat.
2233 1405 3068 1467 Die Flecks können nämlich wirklich etwas!
2253 1449 3062 1513 Sie haben eine so abgerundete Leistung
2176 1492 3067 1553 zusammen mit Eduard Hösch (Kamera)
2171 1543 3065 1597 und Jack Notmil (Bauten) — komponiert,
2167 1574 3072 1630 daß man wirklich darüber vergißt, ob der
2175 1627 3068 1673 Film ein Mittelfilm oder ein Superfilm ist.
2172 1670 3065 1730 Er ist ein guter Film. Und damit gut!
2179 1713 3068 1759 Die Flecks haben vor allem Zartsinn genug,
2164 1756 3068 1819 die Fäden der Geschehnisse locker zu spinnen
2161 1799 3067 1860 und dort nur straffer zu ziehen, wo sich das
2173 1842 3067 1890 Schicksal ihrer Helden vollzieht. Man wird
2177 1885 3077 1935 fortgesetzt durch ungewöhnlich treffsichere
2173 1945 3070 1985 Passagen — wie die Duellszene — über¬
2172 1971 3061 2034 rascht. Aehnliches hat man gewiß schon ge¬
2169 2015 3065 2072 sehen — aber das Freudvolle, das Leidvolle
2160 2065 3067 2117 gibt sich so ursprünglich, so frei von Schab¬
2174 2110 3061 2148 lone, daß man den Film getrost neben, wenn
2175 2150 3067 2191 nicht gar über die meisten Filme der letzten
2168 2193 3064 2266 Zeit, die ähnliche Stoffe behandeln, stellen
2173 2236 2306 2294 kann.
2230 2263 3059 2336 Das menschlich rührende Sujet hat den
2167 2321 3074 2379 Ausschlag für den unerhört tiefen Eindruck
2163 2364 3064 2447 gegeben, den der Film auf das große Publi¬
2164 2408 2438 2469 kum machte.
2237 2441 3068 2507 Aber man hat auch die Darsteller so rein
2176 2492 3057 2553 eingestimmt, so natürlich sich bewegen und
2172 2549 3054 2602 ausspielen lassen, daß das Publikum willig
2173 2584 2370 2641 mitgeht.
2230 2614 3066 2687 Mit Evelyn Holt, der zarten, schmalen
2174 2672 3061 2722 Mädchengestalt, in deren Antlitz so viel Ver¬
2173 2722 3060 2773 trauen, so viel Kraft lebt, leidete das
2171 2758 3057 2819 Publikum wie einst bei der Luise Millerin.
2175 2803 3067 2844 Man muß ihr gut sein. Dabei ist die Holt
2176 2842 3056 2910 sacht am Kitsch vorbeigeleitet. Im großen
2163 2885 2406 2944 Augenblick
2457 2885 3062 2944 — wie in ihrem tödlichen
2173 2938 3053 2986 Schmerzensschrei — sprüht echtes Feuer aus
2164 2974 3061 3030 ihr und scherzen und tändeln kann sie, auf
2166 3018 3053 3081 so leichte, heitere Art, daß ihr Anblick ein
2172 3060 2396 3115 Genuß ist.
2230 3101 3062 3163 Ihr Partner Louis Ferch ist kein Un¬
2168 3135 3051 3198 bekannter mehr. Er bewegt sich äußerst
2158 3197 3065 3251 sicher, behende, umsichtig. Man glaubt ihm
2171 3235 3063 3280 die eigene Unentschlossenheit, das Dahin¬
2159 3271 2778 3343 gleiten zwischen zwei Frauen.
2235 3312 3067 3368 Auch Hilde Maroff ist diesmal zu un¬
2174 3373 3064 3426 manirierter Frische aufgelöst, so gilt mit
2163 3408 3065 3471 dem stets sympathischen Henry Stuart
2165 3451 2563 3510 das Freundespaar.
2225 3485 3051 3543 Jaro Fuerthspielt den alten Weyring,
2163 3539 3068 3594 der in der Sterbeszene seiner Tochter an¬
2169 3578 3047 3621 greifend mitleidswert, unsäglich leidend und
2154 3664 2411 3726 einstimmt.
3100 1328 3159 1374 u
