3436 4256
266 144 643 214 Liebele
803 129 1264 243 box 13/4
252 174 739 256 DLEDeIeI
217 771 464 843 I. Oesterr.
173 797 565 873 benördl. konz.
167 856 555 904 gsnachrichten
189 875 563 936 LLZEILE 11
160 965 494 1083 schter, Müncnse
157 1219 1610 1354 erbe der Novemberparteien:
1845 1507 2892 1593 Kttneirturur
196 1521 1787 1603 Aaisre kariistlsase
1391 1641 3210 1729 sondern daß es in allererster Linie der ethi= digung des Eigennutzes dienen durch Filme, wie
172 1645 525 1714 vom Reichsmini¬
511 1650 946 1729 Wert hat, daß aber
1415 1706 3198 1759 sche Gehalt ist, der den Wert a#smacht, An „Blutschande, § 173“, „S 182, Minderjährig“,
156 1695 526 1756 Schuß der National¬
536 1700 1412 1771 neun Zehntel ganz wertlos oder verderblich
2289 1735 3210 1784 „Kreuzzug des Weibes, § 218“, „Frauenarzt
165 1733 521 1791 neuen Lichtspiel¬
1397 1741 2240 1803 der Wahl der Stoffe sollt ihr sie erkennen!
511 1757 1419 1834 sind. Furchtbar muß einst die Saat aufgehen,
2288 1764 3213 1843 Dr. Schäfer“, „Madame X, die Frau für dis¬
154 1771 513 1832 ommission von 40
1433 1773 2295 1823 Im letzten halben Jahrzehnt verdanken u. a.
510 1790 1350 1851 besonders in den Herzen der Jugendlichen.“
2293 1809 3194 1856 krete Beratung“. Alle die und ähnliche Fabri¬
155 1813 522 1874 dener Berufs= und
1397 1812 2312 1866 folgende Filme in Deutschland den Romanen
549 1825 1407 1885 Man wende nicht ein dieses vernichtende Ur¬
2298 1831 3205 1900 kate scheinen in keiner Weise „entsittlichend“ ge¬
157 1848 530 1919 der u. a. folgende
1409 1860 2299 1919 oder Bühnenstücken jüdicher und marxistischer
515 1865 1416 1932 teil sei von Muckern und vorurteilsvollen Film¬
2294 1885 3223 1958 wirkt zu haben; denn keines ist verboten wor¬
166 1885 522 1946 Zahl der Filme
1402 1892 2291 1954 Autoren ihr Entstehen: „Die Hose“ (Stern¬
512 1917 1413 1972 gegnern verfaßt wer sich der Filme jener ersten
2291 1923 2428 1988 den!
1408 1925 2298 1997 heim), „Liebelei Fräulein Else“, „Freiwild“
162 1930 518 1987 Darstellungen sind
521 1951 1417 1995 Nachkriegszeit in der sich die rücksichtslose Ge¬
2316 1947 3220 2024 Die beliebteste Spekulation, die geschlechtliche,
166 1961 523 2029 oder veredelnden
1403 1969 2296 2034 (Schnitzlex) Fruhlings Erwachen“, „Büchse der
524 1990 1410 2040 schäftemacherei der jüdischen Filmfabrikanten
2291 1998 3206 2059 fand ihren unverbüllten Ausdruck in Filmen,
1407 2001 2290 2063 Pandöra“ (Wedekind), „Der Andere“ (Lindau),
168 2009 521 2066 änge sind oft ein
523 2034 1413 2080 ungehemmt austoben konnte, zu erinnern ver¬
2291 2040 3206 2093 die angeblich das Pubertätsproblem behandel¬
161 2043 517 2100 ssinn. Schlimmer
1399 2031 2292 2107 „Der blaue Engel“ (nach „Proffessor Unrat“
514 2064 1414 2118 mag, wird jenem Bericht beistimmen. Auch die
2386 2067 3215 2131 „Die Halbwüchsigen“, „Erwachen des
2294 2079 2408 2125 ten:
166 2082 518 2132 aufregenden und
1413 2070 2282 2147 von Heinrich Mann), „Feme“, „Helene Wil¬
519 2106 1409 2157 Nationalversammlung erkannte den grauen¬
2297 2108 3208 2165 Weibes“; in einer Menge von Filmen, die die
151 2106 525 2174 orwiegend an die
1401 2121 2298 2181 füer“ (Vicky Baum), „Der fröhliche Weinberg“,
520 2140 1407 2203 haften Mißbrauch, der mit dem Lichtspiel getrie¬
2288 2146 3196 2207 Frau als Dirne zum anreißerischen Thema hat¬
166 2150 522 2219 ner wenden, sie
1404 2139 2298 2220 „Katharina Knie“, „Hauptmann von Köpenick“
513 2179 1406 2228 ben wurde, und schuf als einzige Zensur die
2293 2195 3201 2254 ten: „Mädchenhandel“, „Frauengasse von Al¬
151 2196 521 2253 n Eindrücken er¬
1403 2191 2293 2244 (Zuckmayer), „Dreyfus“ (Weill), „Dreigroschen¬
525 2218 1415 2268 Filmzensur, wonach Filme verboten werden
2293 2220 3207 2289 gier", „Frauenhaus von Rio“, „Glanz und
151 2230 517 2291 en. Noch verderb¬
1411 2230 2297 2292 oper“ (Brecht). „Berlin=Alexanderplatz“ (Döblin),
509 2261 1403 2315 können, die geeignet sind, die öffentliche Ord¬
2285 2265 3200 2315 Elend der Kurtisane". „Die Hölle der Jung¬
151 2267 514 2328 der Verbrecher¬
1407 2283 2293 2339 „Revolte im Erziehungshaus“ (P. M. Lampel),
519 2293 1412 2341 nung oder Sicherheit zu gefährden, das reli¬
2296 2299 3196 2358 frauen“, „Gehetzte Mädchen. Haus der tausend
1405 2303 2295 2368 „Cyankali“ (Friedrich Wolff). Jüdische Produ¬
3092 2332 3211 2400 buch
1400 2344 2927 2406 zenten machten Geschäfte mit folgenden, von Leiden“. „Tagebuch einer Kokott
149 2349 522 2410 genklich sind ferner
519 2365 1416 2422 entsittlichend zu wirken, das deutsche Ansehen
3079 2370 3207 2424 Ein¬
2300 2387 2908 2436 einer Verlorenen“, „Dirnentrag
1410 2370 2300 2449 südischen Regisseuren mißhandelten vaterlän¬
165 2389 514 2447 schichten, die viel¬
516 2407 1406 2456 oder die Beziehungen Deutschlands zu auswär¬
2295 2421 2883 2473 schätzung der Frau seitens der
1408 2412 2301 2470 disch=deutschen Stoffen: „Die versunkene Flot¬
165 2419 521 2484 setzungen beruhen.
512 2440 1405 2497 tigen Staaten zu gefährden. Die krassesten Aus¬
3094 2456 3191 2517 titel,
2293 2455 2862 2517 zeigen im übrigen die bezeic
1400 2466 2297 2520 te“, „Deutche Herzen am deutschen Rhein“, „Die
153 2462 527 2522 sich durch Vorfüh¬
508 2485 1408 2538 wüchse wurden oamit zwar verhindert im übri¬
3066 2496 3199 2548 kann“,
2286 2489 2880 2554 wie „Die Frau, die nicht ne
1401 2498 2291 2550 Schillschen Offiziere", „Lützows wilde verwe¬
152 2504 522 2566 von Entblößun¬
510 2510 1407 2578 gen aber blieb auch in den folgenden 13 Jahren
3053 2523 3210 2589 Zeiden=
2287 2535 2932 2590 „Frauen und Banknoten“, „Fraue
1402 2541 2296 2590 gene Jagd“, „Waterloo“, „Ludwig II., König
166 2537 518 2593 Badeszenen, vom
2288 2547 2442 2625 schaft“
509 2566 1403 2627 der internationale, liberalistische, marxistische,
2393 2570 3222 2634 “, „Frauen, die den Weg verloren“, „Die
1406 2574 2296 2624 von Bayern“; sie übten mit jüdichen Komikern
159 2561 515 2648 ben Schlafzimmern
2286 2598 3226 2676 raffinierteste Frau Berlins“, „Die Hochstaple¬
635 2608 1297 2662 jüdische Geist der Filmbeherrscher
1396 2601 2303 2668 ihren Spott am deutschen Heere der Vorkriegs¬
162 2613 514 2677 igsten Triebe
2285 2626 3214 2701 rin“ „Die große Abenteuerin“, „Frauen am
1400 2653 2304 2709 zeit und des Weltkrieges in den öden und blö¬
515 2641 1419 2705 in Deutschland Sieger. Denn was nützt die Auf¬
165 2647 515 2712 kleben wird in
2286 2668 3215 2739 Abgrund“, „Nutichen“ (abgeändert in „Eva in
1399 2689 2303 2748 den Possen: „Annemarie und ihr Ulan“, „Die
517 2690 1414 2756 stellung von Verbotsmöglichkeiten, die an sich
190 2691 521 2749 unverhüllt vor
2296 2713 3207 2764 Seide"). „Die keusche Kokette“, „Madonna oder
512 2726 1413 2792 gut klingen, wenn die Filmhersteller bei den
1399 2728 2292 2785 dritte Eskadron“, „In der Heimat, da gibt's
157 2730 516 2794 em allzu durchsich¬
2282 2742 3193 2805 Dirne“ (abgeändert in „Heilige oder Dirne“),
1399 2761 2292 2829 ein Wiedersehn“, „Wir sind vom K. u. K. In¬
151 2770 1414 2832 n sie Moral pre= Prüfstellen als ihren beiten Anwalt gegen ein
2355 2786 3205 2847 ch glaub nie mehr an eine Frau“. Dieser
1400 2784 2293 2866 fanterieregiment", „Der Stolz der Kompanie“
519 2805 1412 2847 Verbot das kapitalistische Moment der „Ge¬
163 2811 513 2869 diejenigen Filme,
2282 2819 3211 2889 letzte Titel erscheint in seiner zersetzenden Halt¬
1400 2832 2286 2900 „Der Korvettenkapitän“, „Fräulein Fähnrich“,
498 2844 1412 2897 schäftsschädigung“ mitbringen können? Was
157 2838 516 2905 & Aufklärung
2285 2879 3193 2932 losigkeit als die zynisch ausgesprochene Tendenz,
511 2862 1404 2930 nützt eine Prüfkammer, von deren Zusammen
1410 2866 2296 2930 „3 Tage Mittelarrest", „Der Schrecken der
146 2878 520 2936 Andere verhöhnen
2286 2911 3204 2962 die dieser südischen Filmfabrikation bewußt
1408 2917 2290 2967 Garnison“, „Dienst ist Dienst“. Das „deutsche
517 2907 1403 2964 setzung jüdische Filmleute, marxistische Jugend¬
167 2917 520 2987 heiligsten Gesetze
2286 2932 3198 2996 innewohnt. Aber weder Titel noch Inhalt auch
1399 2954 2299 3002 Ansehen“ scheint keiner dieser Machwerke ge¬
157 2963 1403 3010 lverherrlichen den bildner kommunistische Schriftsteller nicht aus¬
2291 2986 3206 3033 dieser Produkte hatten nach amtlichen Gutachten
1403 2996 2307 3053 fährdet zu haben in den Augen der bisherigen
153 2992 1410 3042 den Ehebruch, oft geschlossen sind, dem deutschen Volk? Kommt
2295 3021 3206 3084 weder „entsittlichende“ noch „verrohende“, noch
1398 3022 2299 3086 amtlichen Gesetzwächter; denn keines dieser Fa¬
153 3031 1402 3099 t und Betrug, den einem nicht ein bitteres Lachen auf die Lippen,
2286 3054 3208 3113 ene „das deutsche Ansehen gefährdende“ Wir¬
1396 3071 1888 3132 brikate wurde verboten!
519 3061 1412 3135 wenn man bedenkt, daß solche Menschen über
157 3078 513 3135 nd Mord, Selbst¬
2295 3100 3206 3169 kung; auch von diesen Filmen wurde keiner ver¬
513 3111 1406 3178 Begriffe wie „öffentliche Ordnung“, „Religiö¬
1424 3102 2289 3170 Das Untermenschentum gab den Hintergrund
161 3115 507 3171 erlebenden, Wahn¬
2294 3130 2451 3200 boten!
512 3148 1405 3204 ses Empfinden“, „Deutsches Ansehen“ zu befin¬
168 3151 510 3210 Gewande, so daß
1398 3145 2292 3217 für Verbrecher= Schlager“ wie „Klettermaxe“,
2315 3162 3208 3237 Voll Grauen und Verzweiflung mußten alle
503 3175 781 3246 den haben?
160 3188 513 3250 en heute noch gel¬
1396 3174 2296 3263 „Fassadengespenst“ „Hotelratten“, „Der Kava¬
2295 3218 3210 3277 national denkenden, um ihr Volk besorgten
162 3231 515 3281 igen herausfühlt.
1408 3234 2290 3279 lier vom Wedding", „Kellerkavaliere“, „Der
543 3224 1397 3278 Wir erwarten den zum Überdruß gehörten
2289 3249 3207 3309 Deutschen dieser entsetzlichen Vergewaltigung
152 3265 512 3319 irken eine Ver¬
1402 3277 2296 3324 Hafenbaron“, „Unter der Laterne“, „Spelunke“.
507 3261 1411 3314 Einwurf von der Gegenseite: das Niveau der
2293 3284 3212 3340 einer der größten Erfindungen unseres Jahr¬
172 3304 514 3362 Gottesglaubens,
504 3305 2294 3354 Filme habe sich in den letzten Jahren sehr ge= Die Klassengegensätze wurden aufgepeitcht in
2284 3325 3202 3387 hunderts zusehen. Ihre warnenden Stimmen
165 3336 510 3401 und Vergeltung,
1399 3320 2285 3412 „Die da unten", „Die Elenden der Straße“
503 3346 1397 3396 hoben. Und wir erklären dazu vor allem, daß
2292 3370 3211 3430 wurden nicht gehört, wurden höhnisch verlacht!
1399 3372 2285 3444 „Die Ausgestoßenen“, „Jenseits der Straße“,
172 3369 514 3437 Fassen wir unser
507 3385 1403 3432 sich nach unserer Anschauung das Niveau nicht
2305 3423 3220 3480 Der 5. März wird auch unter diese Kultur= und
168 3419 513 3476 ir feststellen, daß
507 3419 1400 3465 durch die Form allein hebt oder durch die Aus¬
1399 3416 2306 3473 „Mutter Krausens Fahrt ins Glück“. Paragra¬
184 3466 3063 3512 einen gewissen stattung oder durch investiertes Riesenkapital, phen des Strafgesetzbuches mußten zur Befrie= Volksvergiftung einen Schlußstrich ziehen.
