3436 4224
307 139 712 218 Liebelei
159 152 707 271 5. Bnenn
847 140 1301 232 box 13/8
682 868 804 959 270
1151 890 1600 965 REVUE DALLEMAGNE
684 985 2065 1054 de Vienne, un fils spirituel de Grillparzer. Et voici que nos
681 1039 2058 1092 théätres se souviennent de leurs grands dramaturges, et que
676 1092 2062 1157 pour honorer la mémoire des disparus, ils nous présentent T’une
679 1144 2072 1201 cu l’autre de leurs ceuvres. Ces spectacles constituent pour la
672 1188 2068 1246 plupart des soirées d’un veritable intèrêt qui reposent des piéces
689 1231 2068 1314 de reportage et d’actualités plus ou moins historiques dont les
685 1273 1385 1342 scènes se trouvent submergées.
719 1337 2056 1391 Rarement cependant un directeur de théätre fut mienx inspi¬
686 1387 2067 1433 ré que le jour ou il décida de recréer avec les incomparables
693 1440 2065 1501 acteurs de Reinhardt la piece classique d’Arthur Schnitzler:
692 1471 974 1535 & Liebelei s.
731 1509 2058 1582 g Liebelei" (g Amourette 9), c’est ainsi que le grand poête, le
686 1596 2062 1649 grand psychologue, le grand ironiste qu’était Sehnitzler s’est plu
688 1633 2067 1677 à appeler lhumble drame en trois actes, ou l’amour méconnu
688 1672 2055 1744 d’une petite fille du peuple, d’une Mimi Pinson viennoise, abou¬
680 1717 1005 1779 tit au suicide.
733 1761 2055 1839 Fritz et Théodore sont deux jeunes gens de bonne famille
683 1822 2056 1888 qui menent à Vienne une joyeuse vie de garçons. Théodore
684 1867 2057 1921 préconise les amours faciles, les petites midinettes viennoises
683 1918 2071 1968 dont Schnitzler créa le type et pour lesquelles il trouva ce joli
693 1967 2063 2027 mot de g Süsse Mädels qui depuis a passé dans le vocabulaire
689 2030 2060 2082 courant. Fritz plus sentimental a un penchant malheureux pour
680 2066 2062 2117 les amours tragiques. II aime une femmme mariée, une g femme
677 2113 2061 2177 fatale) et cette passion inquiéte Théodore, II vondrait que son
689 2173 2053 2230 ami suive son exemple, oublie ses tourments et se distraie avec
691 2208 2058 2268 les charmantes gsüsse Mädel) dont il lui vante les charmes.
676 2246 2067 2314 II lui a fait connaitre Christine, T’amie de sa maitresse Mizzie,
690 2313 2060 2373 cette delicieuse Mizzie si pleine d’entrain, d’humour et de hon
695 2360 2065 2410 sens. Mais à l’encontre de Mizzie, Christine est une sentimen¬
692 2408 2069 2457 tale. Tandis qu'elle n’est pour Fritz que l’objet d’une passade,
691 2464 2067 2527 elle s’éprend follement de ce garcon qui est son premier amant,
685 2503 2071 2557 le premier homie qu’elle ait aimé, et le dernier qu’elle aimera.
732 2558 2057 2626 Fritz est provoqué en ducl par le mari de la g femme fatale,
690 2616 2091 2645 dont il redoutait la jalousie depuis longtemps. Théodore sera
692 2653 2057 2717 son témoin. Les deux jeunes gens prennent congé de leurs pe¬
693 2702 1932 2769 tites amies en prétextant un court voyage à la campagnie.
728 2764 2064 2814 Quarante-huit heures se passent sans que Christine et Mizzie
688 2793 2076 2866 naient de nouvelles. Dans sa petite mansarde perchée au haut
691 2853 2073 2901 d’une rue de la périphérie de Vienne, Christine pleure nuit et
686 2898 2065 2965 jour en attendant le retour de son amant. Elle habite avec son
692 2955 2071 3012 vieux père qui est violon de l’orchestre d’un théätre et pour
692 2999 2069 3050 gagner sa vie, elle copie de la musique et fait de la couture.
682 3046 2068 3093 Elle a avoué à son père son grand amour et son chagrin et le
693 3093 2070 3141 vienx Weyring qui adore sa fille est plein de sombres pressenti¬
691 3148 2080 3203 anents. Fritz reviendra-t-il? La gaie petite Mizzie semble en
