<?xml version="1.0" encoding="UTF-8" standalone="yes"?>
<PcGts xmlns="http://schema.primaresearch.org/PAGE/gts/pagecontent/2013-07-15" xmlns:xsi="http://www.w3.org/2001/XMLSchema-instance" xsi:schemaLocation="http://schema.primaresearch.org/PAGE/gts/pagecontent/2013-07-15 http://schema.primaresearch.org/PAGE/gts/pagecontent/2013-07-15/pagecontent.xsd">
    <Metadata>
        <Creator>prov=University of Rostock/Institute of Mathematics/CITlab/Gundram Leifert/gundram.leifert@uni-rostock.de:name=ONB_Newseye_GT_M1+(htr_id=10810)::::v=2.4.2
prov=University of Rostock/Institute of Mathematics/CITlab/Tobias Gruening/tobias.gruening@uni-rostock.de:name=de.uros.citlab.module.baseline2polygon.B2PSeamMultiOriented:v=2.4.2
prov=University of Rostock/Institute of Mathematics/CITlab/Tobias Gruening/tobias.gruening@uni-rostock.de:name=/mnt/transkribus/LA/DEA/URO/LA_news_onb_att.pb:de.uros.citlab.segmentation.CITlab_LA_ML:v=2.4.2
Transkribus</Creator>
        <Created>2019-10-07T11:48:43.886+02:00</Created>
        <LastChange>2019-10-08T23:07:25.965+02:00</LastChange>
        <TranskribusMetadata docId="223992" pageId="9506520" pageNr="81" tsid="16614117" status="IN_PROGRESS" userId="40391" imgUrl="https://files.transkribus.eu/Get?id=AABKCSKDBNZRNOBZTSVIIMOV&amp;fileType=view" xmlUrl="https://files.transkribus.eu/Get?id=WRJMJUAQPOACORJHCTDCOIOE" imageId="6196554"/>
    </Metadata>
    <Page imageFilename="223992_0081.jpeg" imageWidth="3248" imageHeight="4320">
        <ReadingOrder>
            <OrderedGroup id="ro_1711445656202" caption="Regions reading order">
                <RegionRefIndexed index="0" regionRef="r1"/>
            </OrderedGroup>
        </ReadingOrder>
        <TextRegion orientation="0.0" id="r1" custom="readingOrder {index:0;}">
            <Coords points="185,204 185,3416 2935,3416 2935,204"/>
            <TextLine id="r1l1" custom="readingOrder {index:0;}">
                <Coords points="406,240 804,243 803,166 699,167 645,194 611,191 584,167 544,185 503,168 406,169"/>
                <Baseline points="423,235 448,234 474,234 500,233 526,233 552,233 578,233 604,233 630,233 656,233 682,233 708,233 734,232 760,231 786,230"/>
                <TextEquiv>
                    <Unicode>Liebelei</Unicode>
                </TextEquiv>
            </TextLine>
            <TextLine id="r1l2" custom="readingOrder {index:1;}">
                <Coords points="964,254 1160,240 1284,272 1311,248 1365,249 1366,172 1275,184 1188,169 1137,199 1107,182 1066,192 1012,167 965,170"/>
                <Baseline points="980,237 1006,236 1032,236 1059,237 1085,237 1111,238 1138,239 1164,240 1190,241 1217,241 1243,241 1269,241 1296,240 1322,239 1349,237"/>
                <TextEquiv>
                    <Unicode>box 10/1</Unicode>
                </TextEquiv>
            </TextLine>
            <TextLine id="r1l3" custom="readingOrder {index:2;}">
                <Coords points="259,261 408,243 460,283 542,262 726,294 838,282 841,208 685,231 469,226 411,179 341,159 262,180"/>
                <Baseline points="278,224 305,230 332,235 359,240 387,244 414,247 441,250 469,252 496,254 523,256 551,257 578,258 605,258 632,258 660,258 687,257 714,257 742,255 769,254 796,252 824,251"/>
                <TextEquiv>
                    <Unicode>5. Muumae</Unicode>
                </TextEquiv>
            </TextLine>
            <TextLine id="r1l4" custom="readingOrder {index:3;}">
                <Coords points="740,904 757,905 780,917 833,924 837,920 847,928 900,935 904,874 884,876 867,865 826,873 794,850 774,852 760,862 743,861"/>
                <Baseline points="758,901 783,906 808,908 834,908 859,909 885,912"/>
                <TextEquiv>
                    <Unicode>41512</Unicode>
                </TextEquiv>
            </TextLine>
            <TextLine id="r1l5" custom="readingOrder {index:4;}">
                <Coords points="980,909 1084,941 1181,931 1230,969 1304,952 1343,989 1500,987 1505,954 1448,918 1272,910 1249,887 1203,897 1096,861 1047,888 986,869"/>
                <Baseline points="997,917 1022,919 1048,921 1073,923 1099,926 1125,929 1150,933 1176,937 1202,940 1227,944 1253,949 1278,953 1304,957 1330,961 1355,965 1381,969 1407,972 1432,976 1458,978 1484,981"/>
                <TextEquiv>
                    <Unicode>— u0 K ag Heterichten</Unicode>
                </TextEquiv>
            </TextLine>
            <TextLine id="r1l6" custom="readingOrder {index:5;}">
                <Coords points="1131,955 1154,953 1165,962 1168,958 1188,956 1185,919 1158,922 1155,926 1148,926 1145,930 1128,931"/>
                <Baseline points="1146,950 1170,948"/>
                <TextEquiv>
                    <Unicode>20</Unicode>
                </TextEquiv>
            </TextLine>
            <TextLine id="r1l7" custom="readingOrder {index:6;}">
                <Coords points="184,965 865,944 1054,972 1115,948 1115,922 1007,918 973,884 855,920 738,883 185,890"/>
                <Baseline points="202,944 246,947 291,948 336,950 381,951 426,951 470,951 515,951 560,951 605,950 650,949 694,949 739,948 784,948 829,948 874,948 918,949 963,950 1008,953 1053,955 1098,959"/>
                <TextEquiv>
                    <Unicode>Badeni ist Real= weil mal 78 1121“</Unicode>
                </TextEquiv>
            </TextLine>
            <TextLine id="r1l8" custom="readingOrder {index:7;}">
                <Coords points="1870,952 2901,973 2951,964 2952,900 2564,920 2352,888 2244,928 2136,886 1870,888"/>
                <Baseline points="1887,948 1939,950 1991,952 2044,954 2096,956 2149,957 2201,959 2253,959 2306,960 2358,961 2411,961 2463,961 2515,961 2568,961 2620,961 2673,961 2725,960 2777,960 2830,959 2882,958 2935,958"/>
                <TextEquiv>
                    <Unicode>#ewelche die mi K. Veroronung des Gesammt¬</Unicode>
                </TextEquiv>
            </TextLine>
            <TextLine id="r1l9" custom="readingOrder {index:8;}">
                <Coords points="1469,957 1654,969 1672,956 1698,971 1759,971 1762,914 1721,912 1702,897 1657,909 1638,891 1591,889 1546,913 1533,899 1472,907"/>
                <Baseline points="1488,951 1513,952 1538,953 1564,955 1589,956 1615,958 1640,959 1665,960 1691,961 1716,962 1742,961"/>
                <TextEquiv>
                    <Unicode>P</Unicode>
                </TextEquiv>
            </TextLine>
            <TextLine id="r1l10" custom="readingOrder {index:9;}">
                <Coords points="204,1018 1498,1003 1097,948 204,954"/>
                <Baseline points="220,998 283,998 346,999 409,999 472,999 535,999 598,999 661,999 724,999 787,999 850,999 913,999 976,999 1039,999 1102,999 1165,999 1228,999 1291,999 1354,1000 1417,1001 1480,1001"/>
                <TextEquiv>
                    <Unicode>der Vergangenheit action ansehen zu dürfen glauvie, die</Unicode>
                </TextEquiv>
            </TextLine>
            <TextLine id="r1l11" custom="readingOrder {index:10;}">
                <Coords points="1488,1005 2664,1029 2883,1018 2921,971 1488,961"/>
                <Baseline points="1506,1001 1579,1000 1653,1000 1726,1000 1800,1000 1874,1000 1947,1000 2021,1001 2095,1002 2168,1003 2242,1004 2315,1005 2389,1006 2463,1008 2536,1009 2610,1010 2684,1011 2757,1013 2831,1014 2905,1015"/>
                <TextEquiv>
                    <Unicode>" pomichche ministernims vom 12. September 1893 (R.=G.=Bl.</Unicode>
                </TextEquiv>
            </TextLine>
            <TextLine id="r1l12" custom="readingOrder {index:11;}">
                <Coords points="212,1049 2939,1064 213,1002"/>
                <Baseline points="229,1047 363,1047 498,1048 632,1048 767,1048 902,1048 1036,1048 1171,1048 1305,1048 1440,1049 1575,1049 1709,1050 1844,1051 1978,1052 2113,1053 2248,1055 2382,1057 2517,1059 2651,1062 2786,1065 2921,1068"/>
                <TextEquiv>
                    <Unicode>belehren. Unser culturelle und wirthschaftliche Entwicklungsfähigkeit Nr. 139) für das Gebiet der königlichen Hauptstadt</Unicode>
                </TextEquiv>
            </TextLine>
            <TextLine id="r1l13" custom="readingOrder {index:12;}">
                <Coords points="606,1161 1769,1172 1749,1108 606,1107"/>
                <Baseline points="622,1150 678,1150 735,1151 791,1152 848,1152 904,1152 961,1153 1017,1153 1074,1153 1130,1153 1187,1153 1243,1153 1300,1153 1356,1153 1413,1153 1469,1153 1526,1154 1582,1154 1639,1154 1695,1155 1752,1156"/>
                <TextEquiv>
                    <Unicode>und Stickerei gezierten Schleifen, deren jede einzelne so</Unicode>
                </TextEquiv>
            </TextLine>
            <TextLine id="r1l14" custom="readingOrder {index:13;}">
                <Coords points="1761,1162 2927,1167 2927,1130 2864,1119 1762,1108"/>
                <Baseline points="1778,1152 1834,1153 1891,1154 1947,1155 2004,1155 2061,1156 2117,1156 2174,1157 2231,1157 2287,1157 2344,1158 2401,1159 2457,1159 2514,1160 2571,1161 2627,1162 2684,1163 2741,1164 2797,1166 2854,1168 2911,1170"/>
                <TextEquiv>
                    <Unicode>Situation ist wohl eine etwas schwierige, wenn man ein</Unicode>
                </TextEquiv>
            </TextLine>
            <TextLine id="r1l15" custom="readingOrder {index:14;}">
                <Coords points="604,1203 1733,1208 1757,1158 604,1162"/>
                <Baseline points="622,1201 680,1199 739,1198 798,1197 857,1196 916,1196 975,1195 1034,1195 1093,1195 1152,1195 1210,1195 1269,1195 1328,1196 1387,1196 1446,1196 1505,1197 1564,1197 1623,1197 1682,1197 1741,1197"/>
                <TextEquiv>
                    <Unicode>ganz anders ist wie die Alltagsschleifen, die man in der</Unicode>
                </TextEquiv>
            </TextLine>
            <TextLine id="r1l16" custom="readingOrder {index:15;}">
                <Coords points="1755,1196 2910,1234 2935,1187 2585,1144 1755,1152"/>
                <Baseline points="1773,1196 1830,1197 1887,1198 1944,1199 2002,1199 2059,1199 2116,1200 2173,1200 2231,1201 2288,1201 2345,1202 2402,1202 2460,1203 2517,1204 2574,1205 2631,1207 2689,1208 2746,1210 2803,1212 2860,1214 2918,1217"/>
                <TextEquiv>
                    <Unicode>volles Jahr den Brettern ferngeblieben — in einer Zeit, die,</Unicode>
                </TextEquiv>
            </TextLine>
            <TextLine id="r1l17" custom="readingOrder {index:16;}">
                <Coords points="604,1248 1756,1261 1756,1204 1665,1197 604,1201"/>
                <Baseline points="620,1243 676,1241 732,1240 788,1239 844,1239 900,1238 956,1238 1012,1238 1068,1238 1124,1239 1180,1239 1236,1239 1292,1240 1348,1240 1404,1241 1460,1241 1516,1241 1572,1242 1628,1242 1684,1242 1740,1241"/>
                <TextEquiv>
                    <Unicode>Regel am leicht welkenden Künstlerlorbeer findet. Links</Unicode>
                </TextEquiv>
            </TextLine>
            <TextLine id="r1l18" custom="readingOrder {index:17;}">
                <Coords points="1760,1239 2923,1258 2923,1217 2741,1205 1761,1199"/>
                <Baseline points="1778,1239 1834,1241 1890,1243 1947,1244 2003,1245 2060,1245 2116,1246 2173,1246 2229,1246 2286,1246 2342,1246 2398,1246 2455,1247 2511,1247 2568,1248 2624,1249 2681,1250 2737,1253 2794,1255 2850,1258 2907,1262"/>
                <TextEquiv>
                    <Unicode>wie die unsere, auch hier mit Riesenschritten vorwärts eilt,</Unicode>
                </TextEquiv>
            </TextLine>
            <TextLine id="r1l19" custom="readingOrder {index:18;}">
                <Coords points="612,1286 1657,1297 1764,1284 1765,1240 612,1242"/>
                <Baseline points="628,1283 683,1283 739,1283 795,1283 851,1283 907,1283 963,1283 1019,1284 1075,1284 1131,1285 1187,1285 1242,1286 1298,1286 1354,1286 1410,1286 1466,1287 1522,1287 1578,1286 1634,1286 1690,1285 1746,1285"/>
                <TextEquiv>
                    <Unicode>in der Ecke ist das Bild der Hausfrau in fein stylisirter</Unicode>
                </TextEquiv>
            </TextLine>
            <TextLine id="r1l20" custom="readingOrder {index:19;}">
                <Coords points="1758,1290 2745,1312 2907,1307 2931,1260 1758,1243"/>
                <Baseline points="1774,1285 1830,1286 1887,1286 1944,1287 2001,1288 2058,1289 2115,1289 2172,1290 2229,1291 2286,1292 2343,1292 2399,1293 2456,1294 2513,1294 2570,1294 2627,1295 2684,1295 2741,1295 2798,1294 2855,1294 2912,1293"/>
                <TextEquiv>
                    <Unicode>hat sich so viel um und in uns geändert, daß wir es kaum</Unicode>
                </TextEquiv>
            </TextLine>
            <TextLine id="r1l21" custom="readingOrder {index:20;}">
                <Coords points="597,1333 1746,1335 1746,1288 597,1289"/>
                <Baseline points="615,1327 670,1326 726,1326 781,1326 837,1326 893,1326 948,1326 1004,1326 1060,1326 1115,1326 1171,1326 1227,1327 1282,1327 1338,1327 1394,1327 1449,1328 1505,1328 1561,1328 1616,1328 1672,1328 1728,1329"/>
                <TextEquiv>
                    <Unicode>Weise in die Wand eingelassen. Es stellt sie als „Sappho“</Unicode>
                </TextEquiv>
            </TextLine>
            <TextLine id="r1l22" custom="readingOrder {index:21;}">
                <Coords points="1766,1340 2878,1357 2925,1354 2926,1304 1767,1289"/>
                <Baseline points="1784,1330 1840,1330 1896,1330 1952,1331 2009,1331 2065,1332 2121,1333 2178,1334 2234,1335 2290,1336 2347,1337 2403,1337 2459,1339 2515,1339 2572,1340 2628,1341 2684,1341 2741,1341 2797,1341 2853,1341 2910,1341"/>
                <TextEquiv>
                    <Unicode>fassen können. Es war mir ganz seltsam zu Muthe, als ich</Unicode>
                </TextEquiv>
            </TextLine>
            <TextLine id="r1l23" custom="readingOrder {index:22;}">
                <Coords points="188,1372 323,1375 359,1394 394,1372 440,1384 444,1313 407,1298 380,1310 343,1295 326,1301 262,1291 245,1304 225,1289 192,1288"/>
                <Baseline points="204,1355 231,1356 258,1358 286,1359 313,1361 340,1362 368,1363 395,1364 423,1365"/>
                <TextEquiv>
                    <Unicode>olter.</Unicode>
                </TextEquiv>
            </TextLine>
            <TextLine id="r1l24" custom="readingOrder {index:23;}">
                <Coords points="599,1377 1759,1393 1759,1319 599,1333"/>
                <Baseline points="617,1370 673,1370 729,1370 785,1370 841,1371 898,1371 954,1371 1010,1371 1066,1371 1122,1371 1179,1371 1235,1371 1291,1371 1347,1371 1403,1372 1460,1372 1516,1372 1572,1373 1628,1373 1684,1373 1741,1374"/>
                <TextEquiv>
                    <Unicode>vor und ist, wie der meiste Schmuck des Stiegenhauses, eine</Unicode>
                </TextEquiv>
            </TextLine>
            <TextLine id="r1l25" custom="readingOrder {index:24;}">
                <Coords points="1760,1377 2805,1398 2919,1390 2920,1353 1761,1334"/>
                <Baseline points="1778,1371 1834,1371 1890,1371 1946,1372 2003,1373 2059,1373 2115,1374 2171,1376 2228,1377 2284,1378 2340,1379 2396,1380 2453,1381 2509,1383 2565,1384 2621,1384 2678,1385 2734,1386 2790,1386 2846,1386 2903,1386"/>
                <TextEquiv>
                    <Unicode>vor einigen Tagen zum ersten Male wieder, wenn auch nur</Unicode>
                </TextEquiv>
            </TextLine>
            <TextLine id="r1l26" custom="readingOrder {index:25;}">
                <Coords points="592,1411 1761,1421 1724,1381 1512,1367 592,1370"/>
                <Baseline points="610,1414 666,1414 723,1414 780,1415 837,1415 893,1415 950,1415 1007,1416 1064,1416 1120,1416 1177,1416 1234,1416 1291,1416 1347,1417 1404,1417 1461,1417 1518,1417 1574,1417 1631,1417 1688,1418 1745,1418"/>
                <TextEquiv>
                    <Unicode>Erinnerung an das letzte Jubiläum der Künstlerin. Dahin</Unicode>
                </TextEquiv>
            </TextLine>
            <TextLine id="r1l27" custom="readingOrder {index:26;}">
                <Coords points="177,1428 312,1424 326,1438 356,1421 464,1420 484,1434 555,1423 599,1440 598,1359 551,1353 501,1387 177,1364"/>
                <Baseline points="195,1419 220,1420 246,1420 272,1420 298,1421 324,1421 350,1421 376,1422 401,1422 427,1422 453,1421 479,1421 505,1420 531,1419 557,1418 583,1416"/>
                <TextEquiv>
                    <Unicode>obertag. Der rauhe</Unicode>
                </TextEquiv>
            </TextLine>
            <TextLine id="r1l28" custom="readingOrder {index:27;}">
                <Coords points="1757,1416 2939,1442 2940,1382 1757,1369"/>
                <Baseline points="1773,1418 1830,1418 1887,1418 1945,1419 2002,1420 2060,1420 2117,1421 2174,1422 2232,1423 2289,1424 2347,1425 2404,1426 2461,1427 2519,1427 2576,1428 2634,1429 2691,1430 2748,1430 2806,1431 2863,1431 2921,1432"/>
                <TextEquiv>
                    <Unicode>als Zuseherin, unser Haus betrat. Allerdings mag dazu viel</Unicode>
                </TextEquiv>
            </TextLine>
            <TextLine id="r1l29" custom="readingOrder {index:28;}">
                <Coords points="596,1473 1758,1460 1758,1420 1688,1416 596,1419"/>
                <Baseline points="611,1460 667,1459 724,1459 780,1458 837,1458 893,1458 950,1458 1006,1458 1063,1458 1119,1458 1176,1458 1232,1458 1289,1458 1345,1458 1402,1459 1458,1459 1515,1459 1571,1459 1628,1459 1684,1459 1741,1460"/>
                <TextEquiv>
                    <Unicode>gehört auch der alte Theaterzettel, der gleich einem Banner</Unicode>
                </TextEquiv>
            </TextLine>
            <TextLine id="r1l30" custom="readingOrder {index:29;}">
                <Coords points="177,1481 207,1468 416,1476 487,1463 595,1481 595,1410 403,1432 349,1405 319,1425 177,1424"/>
                <Baseline points="193,1464 218,1463 244,1463 269,1463 295,1464 321,1465 346,1466 372,1467 397,1468 423,1468 449,1468 474,1468 500,1467 525,1466 551,1464 577,1462"/>
                <TextEquiv>
                    <Unicode>ie Villen rechts und</Unicode>
                </TextEquiv>
            </TextLine>
            <TextLine id="r1l31" custom="readingOrder {index:30;}">
                <Coords points="1756,1463 2925,1489 2899,1432 1757,1416"/>
                <Baseline points="1772,1458 1828,1460 1885,1462 1942,1464 1999,1465 2055,1466 2112,1466 2169,1467 2226,1467 2282,1467 2339,1468 2396,1468 2453,1468 2509,1469 2566,1470 2623,1470 2680,1472 2736,1473 2793,1475 2850,1477 2907,1481"/>
                <TextEquiv>
                    <Unicode>beigetragen haben, daß es gerade die „Liebelei“ war, die ich</Unicode>
                </TextEquiv>
            </TextLine>
            <TextLine id="r1l32" custom="readingOrder {index:31;}">
                <Coords points="599,1505 1752,1504 1752,1464 600,1478"/>
                <Baseline points="617,1506 675,1504 734,1503 793,1502 852,1502 911,1502 970,1502 1029,1503 1088,1503 1147,1504 1205,1504 1264,1505 1323,1505 1382,1506 1441,1506 1500,1506 1559,1506 1618,1505 1677,1504 1736,1502"/>
                <TextEquiv>
                    <Unicode>am Fuße des Stiegenpfeilers gehißt ist und das erste</Unicode>
                </TextEquiv>
            </TextLine>
            <TextLine id="r1l33" custom="readingOrder {index:32;}">
                <Coords points="1756,1532 1830,1541 1890,1517 2032,1526 2069,1509 2109,1515 2109,1478 2008,1476 1994,1462 1940,1459 1839,1474 1755,1464"/>
                <Baseline points="1771,1512 1797,1509 1824,1507 1851,1505 1877,1505 1904,1504 1931,1505 1957,1505 1984,1506 2011,1506 2037,1506 2064,1506 2091,1505"/>
                <TextEquiv>
                    <Unicode>zu sehen bekam.</Unicode>
                </TextEquiv>
            </TextLine>
            <TextLine id="r1l34" custom="readingOrder {index:33;}">
                <Coords points="185,1517 293,1515 320,1535 380,1513 600,1527 598,1452 562,1473 184,1470"/>
                <Baseline points="201,1509 226,1509 251,1510 277,1510 302,1510 328,1510 353,1510 379,1510 404,1510 430,1509 455,1509 481,1507 506,1506 532,1505 557,1503 583,1502"/>
                <TextEquiv>
                    <Unicode>hr hölzernes Winter¬</Unicode>
                </TextEquiv>
            </TextLine>
            <TextLine id="r1l35" custom="readingOrder {index:34;}">
                <Coords points="595,1556 1754,1559 1754,1501 594,1509"/>
                <Baseline points="613,1548 669,1547 725,1547 781,1547 837,1547 894,1547 950,1547 1006,1547 1062,1547 1118,1547 1175,1547 1231,1547 1287,1547 1343,1547 1399,1547 1456,1547 1512,1547 1568,1546 1624,1546 1680,1546 1737,1546"/>
                <TextEquiv>
                    <Unicode>Auftreten des Fräulein Charlotte Wolter als</Unicode>
                </TextEquiv>
            </TextLine>
            <TextLine id="r1l36" custom="readingOrder {index:35;}">
                <Coords points="175,1572 209,1555 314,1567 344,1553 381,1570 401,1556 603,1564 603,1500 529,1518 353,1513 317,1530 246,1507 175,1515"/>
                <Baseline points="193,1551 219,1552 245,1553 271,1554 297,1554 324,1554 350,1554 376,1553 402,1553 428,1552 455,1552 481,1551 507,1550 533,1550 559,1549 586,1549"/>
                <TextEquiv>
                    <Unicode>elassen, die Spring¬</Unicode>
                </TextEquiv>
            </TextLine>
            <TextLine id="r1l37" custom="readingOrder {index:36;}">
                <Coords points="1838,1556 2927,1575 2927,1521 2746,1505 1839,1523"/>
                <Baseline points="1856,1561 1908,1561 1961,1561 2014,1561 2067,1561 2119,1562 2172,1562 2225,1563 2278,1564 2330,1564 2383,1566 2436,1567 2489,1567 2541,1569 2594,1569 2647,1570 2700,1571 2752,1572 2805,1573 2858,1573 2911,1574"/>
                <TextEquiv>
                    <Unicode>Ich bitte Sie, dieses Stück im Burgtheater! Sehr gut</Unicode>
                </TextEquiv>
            </TextLine>
            <TextLine id="r1l38" custom="readingOrder {index:37;}">
                <Coords points="603,1593 1749,1608 1759,1547 603,1566"/>
                <Baseline points="619,1597 675,1595 731,1593 787,1592 843,1591 899,1591 955,1590 1011,1590 1067,1590 1123,1591 1180,1591 1236,1591 1292,1592 1348,1592 1404,1592 1460,1592 1516,1592 1572,1592 1628,1591 1684,1590 1741,1589"/>
                <TextEquiv>
                    <Unicode>„Iphigenie“ kündet. Von ihren Collegen ist nur mehr</Unicode>
                </TextEquiv>
            </TextLine>
            <TextLine id="r1l39" custom="readingOrder {index:38;}">
                <Coords points="187,1604 365,1608 386,1595 436,1611 497,1598 601,1615 601,1544 530,1561 345,1554 311,1567 251,1547 187,1554"/>
                <Baseline points="203,1595 228,1596 253,1596 279,1597 304,1598 329,1598 355,1598 380,1599 405,1599 431,1599 456,1599 481,1598 507,1597 532,1597 557,1596 583,1595"/>
                <TextEquiv>
                    <Unicode>Weit und breit kein</Unicode>
                </TextEquiv>
            </TextLine>
            <TextLine id="r1l40" custom="readingOrder {index:39;}">
                <Coords points="1761,1618 2880,1626 2920,1623 2921,1573 1762,1554"/>
                <Baseline points="1778,1603 1834,1603 1890,1604 1946,1605 2003,1606 2059,1607 2115,1608 2172,1609 2228,1610 2284,1611 2341,1612 2397,1613 2453,1613 2509,1614 2566,1615 2622,1615 2678,1616 2735,1616 2791,1616 2847,1616 2904,1616"/>
                <TextEquiv>
                    <Unicode>gemacht, gewiß, der Autor hat unstreitig Talent, daß aber</Unicode>
                </TextEquiv>
            </TextLine>
            <TextLine id="r1l41" custom="readingOrder {index:40;}">
                <Coords points="595,1640 1754,1643 1730,1596 595,1589"/>
                <Baseline points="611,1634 667,1633 723,1633 779,1633 836,1634 892,1634 948,1634 1005,1634 1061,1634 1117,1635 1174,1635 1230,1635 1286,1635 1342,1636 1399,1636 1455,1636 1511,1636 1568,1636 1624,1636 1680,1636 1737,1636"/>
                <TextEquiv>
                    <Unicode>der damalige „Pylades“, Herr Sonnenthal, am Lehen.</Unicode>
                </TextEquiv>
            </TextLine>
            <TextLine id="r1l42" custom="readingOrder {index:41;}">
                <Coords points="194,1640 252,1653 306,1639 387,1659 400,1648 535,1657 599,1630 598,1603 494,1597 433,1611 386,1595 366,1608 194,1606"/>
                <Baseline points="211,1638 237,1640 264,1641 290,1642 317,1644 343,1644 370,1645 397,1645 423,1645 450,1644 476,1643 503,1642 529,1639 556,1637 583,1634"/>
                <TextEquiv>
                    <Unicode>die bunten, abge¬</Unicode>
                </TextEquiv>
            </TextLine>
            <TextLine id="r1l43" custom="readingOrder {index:42;}">
                <Coords points="1754,1664 2923,1678 2924,1624 1755,1611"/>
                <Baseline points="1770,1649 1826,1649 1883,1650 1940,1650 1997,1651 2054,1651 2111,1652 2168,1653 2225,1654 2282,1654 2339,1655 2395,1656 2452,1657 2509,1657 2566,1658 2623,1659 2680,1659 2737,1659 2794,1660 2851,1660 2908,1660"/>
                <TextEquiv>
                    <Unicode>gerade wir die Brutstätte dieser Art von Talenten werden</Unicode>
                </TextEquiv>
            </TextLine>
            <TextLine id="r1l44" custom="readingOrder {index:43;}">
                <Coords points="603,1685 1722,1692 1756,1628 603,1638"/>
                <Baseline points="619,1682 675,1681 731,1680 787,1679 843,1679 899,1678 955,1678 1011,1678 1067,1678 1123,1678 1179,1678 1235,1678 1291,1678 1347,1679 1403,1679 1459,1679 1515,1680 1571,1680 1627,1680 1683,1680 1739,1680"/>
                <TextEquiv>
                    <Unicode>In der Ecke des mittleren Stiegenabsatzes die lorbeergekrönte</Unicode>
                </TextEquiv>
            </TextLine>
            <TextLine id="r1l45" custom="readingOrder {index:44;}">
                <Coords points="188,1700 391,1684 411,1698 596,1695 596,1631 563,1645 458,1634 347,1653 189,1639"/>
                <Baseline points="205,1684 230,1684 255,1684 280,1685 305,1685 330,1685 355,1685 380,1685 405,1686 430,1686 455,1686 480,1686 505,1686 530,1686 555,1686 580,1686"/>
                <TextEquiv>
                    <Unicode>herrlichkeit die lange</Unicode>
                </TextEquiv>
            </TextLine>
            <TextLine id="r1l46" custom="readingOrder {index:45;}">
                <Coords points="1760,1692 2865,1715 2929,1695 2930,1651 1761,1645"/>
                <Baseline points="1778,1688 1834,1689 1891,1691 1947,1692 2004,1693 2061,1694 2117,1695 2174,1696 2231,1697 2287,1698 2344,1699 2401,1699 2457,1700 2514,1700 2571,1701 2627,1701 2684,1701 2741,1701 2797,1701 2854,1701 2911,1700"/>
                <TextEquiv>
                    <Unicode>würden, hätte ich niemals für möglich gehalten. Denken Sie</Unicode>
                </TextEquiv>
            </TextLine>
            <TextLine id="r1l47" custom="readingOrder {index:46;}">
                <Coords points="598,1727 1761,1741 1761,1687 1599,1673 598,1680"/>
                <Baseline points="616,1722 672,1722 728,1722 785,1722 841,1722 898,1722 954,1722 1010,1722 1067,1722 1123,1722 1180,1722 1236,1722 1292,1722 1349,1723 1405,1723 1462,1723 1518,1724 1574,1724 1631,1725 1687,1725 1744,1726"/>
                <TextEquiv>
                    <Unicode>Marmocbüste Makart's, des langjährigen Hausfreundes,</Unicode>
                </TextEquiv>
            </TextLine>
            <TextLine id="r1l48" custom="readingOrder {index:47;}">
                <Coords points="201,1739 245,1729 377,1744 468,1729 488,1743 525,1733 565,1744 599,1737 600,1700 388,1687 236,1702 202,1691"/>
                <Baseline points="218,1730 244,1730 270,1730 296,1731 322,1731 348,1731 374,1732 400,1732 426,1733 452,1733 478,1734 504,1734 530,1734 556,1734 582,1734"/>
                <TextEquiv>
                    <Unicode>, verwegenen Tanz</Unicode>
                </TextEquiv>
            </TextLine>
            <TextLine id="r1l49" custom="readingOrder {index:48;}">
                <Coords points="1760,1735 2660,1741 2923,1778 2924,1694 1761,1694"/>
                <Baseline points="1776,1732 1832,1734 1889,1735 1945,1736 2002,1738 2058,1739 2115,1740 2171,1741 2228,1741 2284,1742 2341,1743 2398,1743 2454,1743 2511,1744 2567,1744 2624,1744 2680,1745 2737,1745 2793,1745 2850,1746 2907,1746"/>
                <TextEquiv>
                    <Unicode>nur einmal, wenn nun nicht zufällig im ersten Act geläutet</Unicode>
                </TextEquiv>
            </TextLine>
            <TextLine id="r1l50" custom="readingOrder {index:49;}">
                <Coords points="592,1776 1764,1764 1764,1717 1727,1713 1421,1740 592,1712"/>
                <Baseline points="607,1769 664,1768 721,1767 778,1766 835,1766 892,1766 949,1766 1006,1766 1063,1766 1120,1766 1177,1767 1234,1767 1291,1768 1348,1768 1405,1768 1462,1768 1519,1768 1576,1768 1633,1767 1690,1767 1748,1766"/>
                <TextEquiv>
                    <Unicode>der eines seiner farbenprächtigsten Gemälde für das Studir¬</Unicode>
                </TextEquiv>
            </TextLine>
            <TextLine id="r1l51" custom="readingOrder {index:50;}">
                <Coords points="177,1785 551,1782 598,1776 599,1745 461,1727 275,1735 255,1748 228,1728 215,1741 178,1737"/>
                <Baseline points="194,1772 219,1771 245,1770 271,1770 297,1770 323,1771 349,1771 375,1772 401,1773 427,1774 453,1774 479,1774 505,1774 531,1774 557,1773 583,1771"/>
                <TextEquiv>
                    <Unicode>nd zu dichten Haufen</Unicode>
                </TextEquiv>
            </TextLine>
            <TextLine id="r1l52" custom="readingOrder {index:51;}">
                <Coords points="1758,1790 2911,1807 2911,1770 2733,1743 1759,1736"/>
                <Baseline points="1776,1776 1834,1777 1893,1778 1952,1779 2011,1779 2070,1780 2129,1781 2188,1782 2247,1783 2306,1784 2364,1785 2423,1786 2482,1787 2541,1788 2600,1789 2659,1791 2718,1792 2777,1793 2836,1795 2895,1796"/>
                <TextEquiv>
                    <Unicode>wird, was hätten wir da schließlich sehen müssen! Ja, ja,</Unicode>
                </TextEquiv>
            </TextLine>
            <TextLine id="r1l53" custom="readingOrder {index:52;}">
                <Coords points="592,1816 1752,1841 1752,1767 592,1768"/>
                <Baseline points="609,1814 665,1813 721,1813 778,1812 834,1812 890,1812 947,1811 1003,1811 1059,1811 1116,1811 1172,1811 1228,1811 1285,1811 1341,1811 1397,1811 1454,1811 1510,1811 1566,1811 1623,1811 1679,1812 1736,1812"/>
                <TextEquiv>
                    <Unicode>zimmer der Wolter hier zwischen Tafelfreuden und Kegel¬</Unicode>
                </TextEquiv>
            </TextLine>
            <TextLine id="r1l54" custom="readingOrder {index:53;}">
                <Coords points="183,1823 257,1820 281,1837 311,1817 338,1834 483,1820 594,1827 594,1777 473,1780 456,1763 436,1783 369,1770 183,1776"/>
                <Baseline points="201,1817 226,1816 251,1816 276,1815 301,1815 326,1816 351,1816 376,1816 401,1817 426,1817 451,1817 476,1817 501,1817 526,1816 551,1816 577,1814"/>
                <TextEquiv>
                    <Unicode>dreht sie im Wirbel</Unicode>
                </TextEquiv>
            </TextLine>
            <TextLine id="r1l55" custom="readingOrder {index:54;}">
                <Coords points="1758,1827 2897,1849 2918,1806 1759,1786"/>
                <Baseline points="1775,1824 1831,1824 1887,1824 1943,1825 1999,1825 2056,1825 2112,1826 2168,1826 2224,1827 2280,1827 2337,1828 2393,1829 2449,1830 2505,1831 2561,1832 2618,1833 2674,1834 2730,1835 2786,1836 2842,1838 2899,1839"/>
                <TextEquiv>
                    <Unicode>ich weiß schon, was Sie sagen wollen, die neue Kunst, die</Unicode>
                </TextEquiv>
            </TextLine>
            <TextLine id="r1l56" custom="readingOrder {index:55;}">
                <Coords points="607,1872 1261,1865 1305,1855 1305,1814 782,1819 762,1802 607,1819"/>
                <Baseline points="623,1855 656,1854 689,1852 722,1852 755,1851 789,1851 822,1851 855,1851 888,1852 921,1852 955,1853 988,1853 1021,1854 1054,1854 1087,1854 1121,1855 1154,1855 1187,1854 1220,1854 1253,1853 1287,1852"/>
                <TextEquiv>
                    <Unicode>schieben auf die Leinwand geworfen.</Unicode>
                </TextEquiv>
            </TextLine>
            <TextLine id="r1l57" custom="readingOrder {index:56;}">
                <Coords points="188,1865 258,1876 279,1862 299,1876 444,1864 491,1881 521,1864 605,1885 606,1821 380,1823 339,1836 313,1816 286,1832 188,1821"/>
                <Baseline points="204,1859 229,1860 255,1860 280,1861 306,1862 332,1862 357,1862 383,1863 408,1863 434,1863 460,1863 485,1863 511,1863 536,1863 562,1862 588,1862"/>
                <TextEquiv>
                    <Unicode>irft sie weit abseits</Unicode>
                </TextEquiv>
            </TextLine>
            <TextLine id="r1l58" custom="readingOrder {index:57;}">
                <Coords points="1752,1860 2776,1895 2914,1890 2915,1836 1752,1816"/>
                <Baseline points="1770,1865 1826,1866 1882,1868 1939,1868 1995,1869 2051,1870 2108,1870 2164,1870 2220,1871 2277,1871 2333,1871 2389,1872 2446,1872 2502,1873 2558,1873 2615,1874 2671,1875 2727,1876 2784,1878 2840,1880 2897,1882"/>
                <TextEquiv>
                    <Unicode>neue Richtung. Das Neue sehe ich wohl, aber die Kunst kann</Unicode>
                </TextEquiv>
            </TextLine>
            <TextLine id="r1l59" custom="readingOrder {index:58;}">
                <Coords points="682,1898 1760,1916 1760,1862 1703,1839 682,1861"/>
                <Baseline points="698,1900 750,1899 802,1898 854,1898 907,1898 959,1898 1011,1898 1063,1899 1116,1899 1168,1900 1220,1900 1272,1901 1325,1901 1377,1902 1429,1902 1481,1901 1534,1901 1586,1900 1638,1899 1690,1897 1743,1895"/>
                <TextEquiv>
                    <Unicode>Es gibt so viel, so Werthvolles und so glücklich Geord¬</Unicode>
                </TextEquiv>
            </TextLine>
            <TextLine id="r1l60" custom="readingOrder {index:59;}">
                <Coords points="187,1912 264,1933 389,1917 436,1937 494,1917 521,1934 578,1931 598,1928 599,1857 390,1873 187,1851"/>
                <Baseline points="204,1903 229,1903 254,1904 279,1905 304,1906 329,1907 354,1908 379,1908 404,1909 429,1909 454,1909 479,1909 504,1908 529,1906 554,1904 580,1902"/>
                <TextEquiv>
                    <Unicode>Bild der Unruhe, der</Unicode>
                </TextEquiv>
            </TextLine>
            <TextLine id="r1l61" custom="readingOrder {index:60;}">
                <Coords points="1759,1919 2919,1930 2919,1889 2879,1885 1760,1865"/>
                <Baseline points="1776,1910 1832,1912 1888,1913 1945,1913 2001,1914 2057,1914 2114,1915 2170,1915 2226,1915 2283,1916 2339,1916 2395,1917 2452,1917 2508,1918 2564,1918 2621,1919 2677,1921 2733,1922 2790,1924 2846,1926 2903,1928"/>
                <TextEquiv>
                    <Unicode>ich nicht finden. Unter „Dichter“ ist doch schließlich etwas</Unicode>
                </TextEquiv>
            </TextLine>
            <TextLine id="r1l62" custom="readingOrder {index:61;}">
                <Coords points="597,1960 1756,1944 1756,1913 1635,1903 597,1896"/>
                <Baseline points="613,1944 669,1944 725,1943 781,1943 838,1943 894,1943 950,1943 1006,1944 1063,1944 1119,1945 1175,1945 1231,1946 1288,1946 1344,1947 1400,1947 1456,1947 1513,1947 1569,1946 1625,1946 1681,1945 1738,1944"/>
                <TextEquiv>
                    <Unicode>netes zu sehen in diesem Künstlerheim, daß man nur schritt¬</Unicode>
                </TextEquiv>
            </TextLine>
            <TextLine id="r1l63" custom="readingOrder {index:62;}">
                <Coords points="1758,1960 2913,1984 2914,1930 1758,1916"/>
                <Baseline points="1774,1952 1830,1953 1886,1954 1942,1955 1998,1956 2055,1957 2111,1958 2167,1959 2223,1960 2279,1961 2336,1961 2392,1962 2448,1963 2504,1964 2560,1964 2617,1965 2673,1966 2729,1966 2785,1967 2841,1968 2898,1969"/>
                <TextEquiv>
                    <Unicode>Anderes zu verstehen. Aber was kann man dagegen thun,</Unicode>
                </TextEquiv>
            </TextLine>
            <TextLine id="r1l64" custom="readingOrder {index:63;}">
                <Coords points="601,1986 1751,1996 1751,1942 602,1946"/>
                <Baseline points="619,1987 674,1986 730,1986 786,1986 841,1987 897,1987 953,1987 1008,1988 1064,1988 1120,1989 1176,1989 1231,1989 1287,1990 1343,1990 1398,1990 1454,1990 1510,1990 1565,1989 1621,1988 1677,1987 1733,1986"/>
                <TextEquiv>
                    <Unicode>weise vorwärts kommt, stundenlang schauen und ebensoviel</Unicode>
                </TextEquiv>
            </TextLine>
            <TextLine id="r1l65" custom="readingOrder {index:64;}">
                <Coords points="187,1999 281,2009 345,1982 382,2006 422,1992 598,2006 598,1955 564,1955 540,1935 490,1952 443,1938 402,1955 342,1941 318,1955 187,1955"/>
                <Baseline points="205,1992 230,1993 255,1994 280,1994 305,1995 330,1995 355,1995 380,1995 406,1995 431,1995 456,1994 481,1994 506,1994 531,1994 556,1994 582,1994"/>
                <TextEquiv>
                    <Unicode>welches die Gräfin</Unicode>
                </TextEquiv>
            </TextLine>
            <TextLine id="r1l66" custom="readingOrder {index:65;}">
                <Coords points="1757,2007 2873,2023 2930,2011 2931,1953 1758,1960"/>
                <Baseline points="1774,1997 1831,1998 1888,1998 1945,1999 2002,2000 2059,2001 2116,2002 2173,2003 2230,2004 2287,2004 2344,2005 2401,2006 2458,2007 2515,2008 2572,2009 2629,2010 2686,2010 2743,2011 2800,2012 2857,2012 2914,2012"/>
                <TextEquiv>
                    <Unicode>da heißt es eben resigniren. Ich persönlich bin ja durch dieses</Unicode>
                </TextEquiv>
            </TextLine>
            <TextLine id="r1l67" custom="readingOrder {index:66;}">
                <Coords points="607,2031 1753,2051 1753,1990 607,1990"/>
                <Baseline points="624,2031 679,2031 735,2030 790,2030 846,2030 901,2030 957,2030 1012,2030 1068,2030 1123,2030 1179,2030 1235,2030 1290,2031 1346,2031 1401,2031 1457,2032 1512,2032 1568,2032 1623,2033 1679,2034 1735,2034"/>
                <TextEquiv>
                    <Unicode>schreiben müßte, um selbst ganz oberflächlich all'sden reichen</Unicode>
                </TextEquiv>
            </TextLine>
            <TextLine id="r1l68" custom="readingOrder {index:67;}">
                <Coords points="178,2043 296,2054 313,2040 327,2051 590,2042 590,1995 455,2004 428,1990 384,2007 347,1983 276,2007 179,1993"/>
                <Baseline points="195,2043 220,2042 245,2042 270,2041 295,2041 321,2041 346,2040 371,2041 396,2041 421,2041 447,2041 472,2042 497,2042 522,2043 547,2044 573,2045"/>
                <TextEquiv>
                    <Unicode>schließlichen Residenz</Unicode>
                </TextEquiv>
            </TextLine>
            <TextLine id="r1l69" custom="readingOrder {index:68;}">
                <Coords points="1752,2057 2901,2074 2932,2010 1752,1996"/>
                <Baseline points="1769,2042 1826,2043 1883,2043 1940,2044 1997,2044 2055,2045 2112,2046 2169,2047 2226,2048 2283,2048 2341,2049 2398,2050 2455,2051 2512,2052 2569,2052 2627,2053 2684,2053 2741,2054 2798,2054 2855,2054 2913,2054"/>
                <TextEquiv>
                    <Unicode>Versiegen jeder wirklich poetischen Quelle am meisten in Mit¬</Unicode>
                </TextEquiv>
            </TextLine>
            <TextLine id="r1l70" custom="readingOrder {index:69;}">
                <Coords points="600,2076 1651,2111 1745,2102 1746,2034 600,2028"/>
                <Baseline points="617,2072 672,2073 728,2074 783,2074 839,2075 895,2075 950,2076 1006,2076 1062,2076 1117,2076 1173,2077 1229,2077 1284,2077 1340,2077 1396,2077 1451,2077 1507,2078 1563,2078 1618,2078 1674,2079 1730,2079"/>
                <TextEquiv>
                    <Unicode>Schätzen an Bildern, Porzellan, Bildhauereien, Schnitzereien</Unicode>
                </TextEquiv>
            </TextLine>
            <TextLine id="r1l71" custom="readingOrder {index:70;}">
                <Coords points="192,2082 286,2091 299,2105 333,2085 350,2095 488,2084 596,2110 596,2036 549,2053 313,2041 289,2054 272,2041 191,2055"/>
                <Baseline points="209,2086 235,2086 261,2086 288,2086 314,2086 341,2086 367,2086 394,2086 420,2086 446,2086 473,2086 499,2085 526,2085 552,2084 579,2084"/>
                <TextEquiv>
                    <Unicode>und sofort umfängt</Unicode>
                </TextEquiv>
            </TextLine>
            <TextLine id="r1l72" custom="readingOrder {index:71;}">
                <Coords points="1743,2107 2391,2079 2798,2122 2916,2117 2917,2076 1744,2033"/>
                <Baseline points="1762,2085 1818,2087 1875,2088 1932,2089 1989,2090 2046,2091 2103,2092 2159,2093 2216,2093 2273,2094 2330,2095 2387,2095 2444,2096 2501,2096 2557,2097 2614,2098 2671,2099 2728,2100 2785,2101 2842,2102 2899,2103"/>
                <TextEquiv>
                    <Unicode>leidenschaft gezogen. Wissen Sie das das heißt, seit Jahr</Unicode>
                </TextEquiv>
            </TextLine>
            <TextLine id="r1l73" custom="readingOrder {index:72;}">
                <Coords points="601,2150 696,2117 1009,2142 1036,2119 1282,2124 1282,2083 1208,2076 1036,2092 602,2073"/>
                <Baseline points="617,2117 649,2117 681,2117 714,2117 746,2117 778,2117 811,2118 843,2118 875,2119 908,2119 940,2119 972,2120 1005,2120 1037,2120 1069,2120 1102,2120 1134,2120 1166,2120 1199,2120 1231,2119 1264,2119"/>
                <TextEquiv>
                    <Unicode>und Stickereien gerecht zu werden.</Unicode>
                </TextEquiv>
            </TextLine>
            <TextLine id="r1l74" custom="readingOrder {index:73;}">
                <Coords points="181,2134 278,2138 309,2125 400,2142 497,2129 602,2140 602,2093 181,2084"/>
                <Baseline points="198,2126 223,2126 249,2127 275,2127 300,2127 326,2127 352,2127 378,2126 403,2126 429,2126 455,2127 481,2127 506,2127 532,2128 558,2129 584,2130"/>
                <TextEquiv>
                    <Unicode>sagen kosende Ruhe,</Unicode>
                </TextEquiv>
            </TextLine>
            <TextLine id="r1l75" custom="readingOrder {index:74;}">
                <Coords points="1755,2129 2786,2160 2924,2145 2925,2114 2389,2080 1755,2102"/>
                <Baseline points="1773,2130 1829,2131 1886,2132 1943,2133 1999,2133 2056,2134 2113,2135 2169,2136 2226,2137 2283,2137 2340,2138 2396,2139 2453,2140 2510,2140 2566,2141 2623,2142 2680,2142 2736,2143 2793,2144 2850,2144 2907,2145"/>
                <TextEquiv>
                    <Unicode>und Tag keine neue Rolle zum Studium zu bekommen, wie</Unicode>
                </TextEquiv>
            </TextLine>
            <TextLine id="r1l76" custom="readingOrder {index:75;}">
                <Coords points="687,2169 1752,2197 1752,2109 1701,2099 1546,2128 687,2119"/>
                <Baseline points="704,2160 755,2162 807,2163 858,2164 910,2165 961,2165 1013,2166 1064,2166 1116,2166 1167,2166 1219,2166 1270,2166 1322,2166 1373,2166 1425,2166 1476,2166 1528,2166 1579,2166 1631,2166 1682,2166 1734,2167"/>
                <TextEquiv>
                    <Unicode>Das Erscheinen der Gräfin macht all' diesen Betrach¬</Unicode>
                </TextEquiv>
            </TextLine>
            <TextLine id="r1l77" custom="readingOrder {index:76;}">
                <Coords points="186,2173 213,2183 297,2173 334,2189 354,2172 405,2186 429,2172 600,2185 600,2118 455,2135 186,2129"/>
                <Baseline points="203,2170 228,2170 253,2171 279,2171 304,2171 329,2171 355,2171 380,2171 405,2171 431,2171 456,2171 481,2171 507,2170 532,2170 557,2169 583,2168"/>
                <TextEquiv>
                    <Unicode>istlerische“ verleihen</Unicode>
                </TextEquiv>
            </TextLine>
            <TextLine id="r1l78" custom="readingOrder {index:77;}">
                <Coords points="1752,2184 2914,2198 2915,2145 1752,2130"/>
                <Baseline points="1770,2175 1826,2176 1882,2177 1939,2178 1995,2179 2052,2179 2108,2180 2165,2180 2221,2181 2278,2181 2334,2181 2390,2182 2447,2182 2503,2183 2560,2183 2616,2184 2673,2184 2729,2185 2786,2186 2842,2187 2899,2188"/>
                <TextEquiv>
                    <Unicode>der Geist darunter leidet, in trägem Sich=gehen=lassen ein¬</Unicode>
                </TextEquiv>
            </TextLine>
            <TextLine id="r1l79" custom="readingOrder {index:78;}">
                <Coords points="600,2222 687,2236 782,2213 869,2231 994,2212 1024,2229 1156,2220 1156,2176 1106,2169 668,2172 600,2148"/>
                <Baseline points="617,2206 643,2206 669,2205 695,2205 721,2205 747,2206 773,2206 800,2206 826,2206 852,2207 878,2207 904,2207 930,2208 956,2208 983,2208 1009,2208 1035,2208 1061,2209 1087,2209 1113,2208 1140,2208"/>
                <TextEquiv>
                    <Unicode>tungen vorläufig ein Ende.</Unicode>
                </TextEquiv>
            </TextLine>
            <TextLine id="r1l80" custom="readingOrder {index:79;}">
                <Coords points="182,2224 246,2217 287,2230 300,2217 374,2224 412,2210 486,2230 509,2217 597,2230 597,2186 566,2176 472,2183 374,2160 334,2190 300,2173 240,2183 182,2173"/>
                <Baseline points="199,2212 224,2213 249,2213 275,2213 300,2213 326,2213 351,2213 376,2213 402,2213 427,2213 453,2212 478,2212 503,2212 529,2212 554,2213 580,2213"/>
                <TextEquiv>
                    <Unicode>Porhalle der Ausblick</Unicode>
                </TextEquiv>
            </TextLine>
            <TextLine id="r1l81" custom="readingOrder {index:80;}">
                <Coords points="1755,2228 2819,2244 2927,2238 2928,2191 1755,2185"/>
                <Baseline points="1773,2227 1829,2225 1886,2224 1943,2223 2000,2222 2057,2222 2114,2222 2170,2222 2227,2223 2284,2224 2341,2224 2398,2225 2455,2226 2512,2227 2568,2228 2625,2229 2682,2230 2739,2230 2796,2231 2853,2231 2910,2231"/>
                <TextEquiv>
                    <Unicode>geschläfert zu werden, keine Aufgabe zu finden, an der man</Unicode>
                </TextEquiv>
            </TextLine>
            <TextLine id="r1l82" custom="readingOrder {index:81;}">
                <Coords points="187,2265 234,2261 261,2275 288,2251 308,2268 365,2258 466,2271 500,2254 561,2274 594,2261 594,2214 503,2224 332,2214 274,2231 247,2217 187,2221"/>
                <Baseline points="203,2257 228,2258 253,2258 278,2258 303,2259 328,2259 353,2259 378,2259 403,2258 428,2258 453,2258 478,2258 503,2258 528,2258 553,2258 579,2258"/>
                <TextEquiv>
                    <Unicode>urch die Kunst der</Unicode>
                </TextEquiv>
            </TextLine>
            <TextLine id="r1l83" custom="readingOrder {index:82;}">
                <Coords points="675,2271 1396,2284 1558,2254 1642,2281 1750,2265 1750,2218 675,2227"/>
                <Baseline points="693,2261 747,2261 802,2261 857,2261 911,2261 966,2261 1021,2262 1075,2262 1130,2262 1185,2263 1239,2263 1294,2263 1349,2264 1403,2264 1458,2264 1513,2264 1567,2264 1622,2264 1677,2264 1732,2264"/>
                <TextEquiv>
                    <Unicode>Zu Nutz und Frommen all' Derjenigen, die vielleicht</Unicode>
                </TextEquiv>
            </TextLine>
            <TextLine id="r1l84" custom="readingOrder {index:83;}">
                <Coords points="1754,2274 2917,2277 2890,2233 1755,2224"/>
                <Baseline points="1770,2268 1826,2267 1882,2267 1939,2267 1995,2267 2052,2267 2108,2268 2165,2268 2221,2269 2278,2269 2334,2270 2390,2271 2447,2272 2503,2273 2560,2274 2616,2274 2673,2275 2729,2276 2786,2277 2842,2278 2899,2278"/>
                <TextEquiv>
                    <Unicode>seine Kräfte messen könnte, prüfen, ob ein Fortschritt im</Unicode>
                </TextEquiv>
            </TextLine>
            <TextLine id="r1l85" custom="readingOrder {index:84;}">
                <Coords points="179,2309 284,2306 311,2319 361,2303 412,2323 425,2310 594,2313 594,2263 567,2259 179,2262"/>
                <Baseline points="196,2303 221,2302 246,2302 272,2302 297,2301 323,2300 348,2300 374,2300 399,2299 425,2299 450,2300 476,2300 501,2302 527,2302 552,2304 578,2306"/>
                <TextEquiv>
                    <Unicode>este des blühenden,</Unicode>
                </TextEquiv>
            </TextLine>
            <TextLine id="r1l86" custom="readingOrder {index:85;}">
                <Coords points="603,2309 1759,2319 1739,2262 603,2241"/>
                <Baseline points="618,2303 674,2304 730,2304 786,2305 842,2306 899,2306 955,2307 1011,2307 1067,2308 1123,2308 1180,2308 1236,2309 1292,2309 1348,2309 1404,2309 1461,2309 1517,2310 1573,2310 1629,2310 1685,2310 1742,2310"/>
                <TextEquiv>
                    <Unicode>gerne das Gegentheil hören würden, kann ich versichern, daß</Unicode>
                </TextEquiv>
            </TextLine>
            <TextLine id="r1l87" custom="readingOrder {index:86;}">
                <Coords points="1756,2312 2922,2332 2899,2274 1757,2265"/>
                <Baseline points="1774,2309 1830,2309 1887,2310 1943,2311 2000,2311 2057,2311 2113,2312 2170,2312 2227,2313 2283,2313 2340,2314 2397,2315 2453,2315 2510,2316 2567,2317 2623,2317 2680,2318 2737,2319 2793,2320 2850,2322 2907,2323"/>
                <TextEquiv>
                    <Unicode>Können und auf welche Weise erreichbar ist. Nun ist mein</Unicode>
                </TextEquiv>
            </TextLine>
            <TextLine id="r1l88" custom="readingOrder {index:87;}">
                <Coords points="185,2360 253,2354 276,2367 297,2351 347,2361 418,2341 442,2355 549,2352 566,2369 593,2366 594,2302 563,2288 513,2315 381,2304 368,2290 331,2310 186,2306"/>
                <Baseline points="203,2345 229,2345 256,2345 282,2345 309,2345 335,2345 362,2346 389,2346 415,2347 442,2347 468,2347 495,2347 521,2347 548,2346 575,2345"/>
                <TextEquiv>
                    <Unicode>hätten hier drinnen</Unicode>
                </TextEquiv>
            </TextLine>
            <TextLine id="r1l89" custom="readingOrder {index:88;}">
                <Coords points="596,2352 1752,2367 1752,2310 596,2321"/>
                <Baseline points="612,2345 668,2347 724,2348 780,2349 836,2350 893,2351 949,2352 1005,2352 1061,2352 1117,2352 1174,2353 1230,2353 1286,2353 1342,2353 1398,2353 1455,2352 1511,2352 1567,2352 1623,2352 1679,2353 1736,2353"/>
                <TextEquiv>
                    <Unicode>das Aussehen der Wolter ein überraschend gutes ist. Das</Unicode>
                </TextEquiv>
            </TextLine>
            <TextLine id="r1l90" custom="readingOrder {index:89;}">
                <Coords points="1747,2365 2917,2362 2917,2329 2725,2313 1748,2315"/>
                <Baseline points="1766,2351 1822,2352 1879,2353 1935,2353 1992,2354 2049,2354 2105,2355 2162,2355 2219,2356 2275,2356 2332,2357 2389,2357 2445,2358 2502,2358 2559,2358 2615,2359 2672,2360 2729,2360 2785,2361 2842,2362 2899,2363"/>
                <TextEquiv>
                    <Unicode>Wirkungskreis ohnedies während meiner Abwesenheit ein¬</Unicode>
                </TextEquiv>
            </TextLine>
            <TextLine id="r1l91" custom="readingOrder {index:90;}">
                <Coords points="181,2403 231,2407 272,2384 302,2405 420,2393 592,2409 593,2365 404,2346 283,2354 209,2339 182,2349"/>
                <Baseline points="199,2388 224,2388 249,2388 274,2388 299,2388 324,2388 349,2388 374,2388 400,2389 425,2389 450,2389 475,2390 500,2391 525,2392 550,2394 576,2395"/>
                <TextEquiv>
                    <Unicode>kren herrschsüchtiges,</Unicode>
                </TextEquiv>
            </TextLine>
            <TextLine id="r1l92" custom="readingOrder {index:91;}">
                <Coords points="599,2380 683,2411 1755,2396 1735,2349 599,2350"/>
                <Baseline points="617,2396 673,2395 729,2394 785,2394 841,2394 897,2394 953,2394 1009,2394 1065,2394 1121,2395 1178,2395 1234,2396 1290,2396 1346,2396 1402,2396 1458,2397 1514,2396 1570,2396 1626,2396 1682,2395 1739,2394"/>
                <TextEquiv>
                    <Unicode>Jahr schwerer Leiden hat sie glücklich überstanden, ihr Auge</Unicode>
                </TextEquiv>
            </TextLine>
            <TextLine id="r1l93" custom="readingOrder {index:92;}">
                <Coords points="1758,2411 2921,2396 2901,2362 1758,2361"/>
                <Baseline points="1774,2400 1830,2400 1886,2399 1943,2399 1999,2399 2056,2399 2112,2399 2169,2400 2225,2400 2282,2401 2338,2401 2394,2402 2451,2403 2507,2404 2564,2405 2620,2406 2677,2407 2733,2408 2790,2408 2846,2409 2903,2410"/>
                <TextEquiv>
                    <Unicode>geschränkt worden. Ich brauche Sie doch nicht erst zu ver¬</Unicode>
                </TextEquiv>
            </TextLine>
            <TextLine id="r1l94" custom="readingOrder {index:93;}">
                <Coords points="173,2465 234,2436 595,2453 595,2409 538,2395 359,2407 272,2386 231,2405 174,2401"/>
                <Baseline points="191,2436 216,2435 242,2435 268,2435 294,2436 320,2436 346,2437 372,2437 397,2438 423,2439 449,2439 475,2439 501,2439 527,2438 553,2438 579,2436"/>
                <TextEquiv>
                    <Unicode>nkonnte, alle Macht</Unicode>
                </TextEquiv>
            </TextLine>
            <TextLine id="r1l95" custom="readingOrder {index:94;}">
                <Coords points="595,2443 1748,2445 1748,2394 1694,2384 1178,2412 595,2379"/>
                <Baseline points="613,2439 671,2439 730,2439 789,2439 848,2439 907,2439 966,2439 1025,2439 1084,2439 1143,2439 1201,2439 1260,2439 1319,2439 1378,2439 1437,2439 1496,2438 1555,2438 1614,2438 1673,2438 1732,2438"/>
                <TextEquiv>
                    <Unicode>hat den alten Glanz, und hebt sie ihre Stimme, ist sie von</Unicode>
                </TextEquiv>
            </TextLine>
            <TextLine id="r1l96" custom="readingOrder {index:95;}">
                <Coords points="1758,2451 2917,2453 2917,2416 2793,2401 1758,2401"/>
                <Baseline points="1776,2443 1832,2443 1888,2443 1944,2443 2000,2443 2056,2444 2112,2444 2169,2444 2225,2445 2281,2445 2337,2446 2393,2446 2449,2447 2505,2447 2562,2448 2618,2449 2674,2450 2730,2451 2786,2452 2842,2454 2899,2455"/>
                <TextEquiv>
                    <Unicode>sichern, daß ich keine jener Rollen, die ich abgegeben habe,</Unicode>
                </TextEquiv>
            </TextLine>
            <TextLine id="r1l97" custom="readingOrder {index:96;}">
                <Coords points="193,2493 463,2494 513,2515 594,2516 595,2432 568,2442 194,2436"/>
                <Baseline points="210,2477 236,2477 262,2478 288,2478 315,2479 341,2479 367,2480 394,2480 420,2481 446,2481 472,2482 499,2482 525,2482 551,2481 578,2481"/>
                <TextEquiv>
                    <Unicode>am wohlverwahrten</Unicode>
                </TextEquiv>
            </TextLine>
            <TextLine id="r1l98" custom="readingOrder {index:97;}">
                <Coords points="592,2481 1748,2483 1748,2446 1509,2422 1283,2456 592,2438"/>
                <Baseline points="609,2486 665,2484 721,2482 777,2481 833,2481 889,2480 945,2480 1001,2480 1057,2480 1113,2481 1170,2481 1226,2482 1282,2482 1338,2483 1394,2483 1450,2484 1506,2484 1562,2484 1618,2483 1674,2483 1731,2482"/>
                <TextEquiv>
                    <Unicode>jenem melodischen Wohllaut, den wir so lange schwer vermißt</Unicode>
                </TextEquiv>
            </TextLine>
            <TextLine id="r1l99" custom="readingOrder {index:98;}">
                <Coords points="1758,2491 2920,2513 2921,2452 1758,2444"/>
                <Baseline points="1774,2485 1830,2485 1886,2486 1943,2487 1999,2487 2056,2488 2112,2489 2169,2489 2225,2490 2282,2491 2338,2491 2394,2492 2451,2492 2507,2493 2564,2493 2620,2494 2677,2494 2733,2495 2790,2495 2846,2495 2903,2496"/>
                <TextEquiv>
                    <Unicode>wieder übernehmen werde. Ich hasse den Rollenkrieg und</Unicode>
                </TextEquiv>
            </TextLine>
            <TextLine id="r1l100" custom="readingOrder {index:99;}">
                <Coords points="597,2529 1753,2539 1753,2481 597,2482"/>
                <Baseline points="613,2526 669,2525 725,2525 781,2525 837,2525 893,2525 949,2525 1005,2525 1061,2526 1117,2526 1174,2527 1230,2527 1286,2528 1342,2528 1398,2528 1454,2528 1510,2528 1566,2527 1622,2527 1678,2526 1735,2525"/>
                <TextEquiv>
                    <Unicode>haben. Es vlaudert sich vortrefflich mit ihr, etwas von ihrer</Unicode>
                </TextEquiv>
            </TextLine>
            <TextLine id="r1l101" custom="readingOrder {index:100;}">
                <Coords points="1753,2542 2919,2554 2920,2494 1754,2485"/>
                <Baseline points="1769,2531 1825,2531 1882,2531 1938,2531 1995,2532 2052,2532 2108,2532 2165,2533 2221,2533 2278,2534 2335,2534 2391,2535 2448,2536 2504,2537 2561,2537 2618,2538 2674,2539 2731,2540 2787,2540 2844,2541 2901,2542"/>
                <TextEquiv>
                    <Unicode>kenne seine Folgen. Gar Viele schon sind daran zu Grunde</Unicode>
                </TextEquiv>
            </TextLine>
            <TextLine id="r1l102" custom="readingOrder {index:101;}">
                <Coords points="172,2583 323,2581 344,2564 361,2578 600,2584 600,2516 418,2511 398,2525 314,2510 209,2526 172,2506"/>
                <Baseline points="190,2566 216,2566 242,2566 268,2566 294,2566 320,2566 346,2567 372,2567 399,2568 425,2568 451,2568 477,2569 503,2569 529,2569 555,2568 582,2568"/>
                <TextEquiv>
                    <Unicode>enhaus. Man bleibt</Unicode>
                </TextEquiv>
            </TextLine>
            <TextLine id="r1l103" custom="readingOrder {index:102;}">
                <Coords points="605,2576 1757,2578 1757,2531 1417,2514 605,2532"/>
                <Baseline points="622,2567 677,2568 733,2569 789,2570 845,2571 901,2571 957,2572 1013,2572 1069,2572 1125,2572 1181,2572 1236,2572 1292,2572 1348,2572 1404,2572 1460,2572 1516,2571 1572,2571 1628,2571 1684,2571 1740,2572"/>
                <TextEquiv>
                    <Unicode>gewissen, classischen Ruhe hat sie auch in ihr Privatleben</Unicode>
                </TextEquiv>
            </TextLine>
            <TextLine id="r1l104" custom="readingOrder {index:103;}">
                <Coords points="1760,2587 2916,2570 2886,2540 1760,2540"/>
                <Baseline points="1776,2579 1832,2578 1888,2577 1944,2577 2000,2576 2056,2576 2112,2576 2169,2577 2225,2577 2281,2578 2337,2579 2393,2579 2449,2580 2505,2581 2562,2582 2618,2583 2674,2584 2730,2584 2786,2585 2842,2585 2899,2585"/>
                <TextEquiv>
                    <Unicode>gegangen. Hier am selben Platze, wo Sie jetzt sitzen, hat</Unicode>
                </TextEquiv>
            </TextLine>
            <TextLine id="r1l105" custom="readingOrder {index:104;}">
                <Coords points="174,2616 279,2623 323,2606 333,2617 427,2617 447,2631 464,2614 562,2621 599,2608 599,2571 174,2582"/>
                <Baseline points="191,2610 217,2611 243,2612 269,2613 295,2613 321,2613 347,2614 373,2614 399,2614 425,2614 451,2614 477,2614 503,2613 529,2613 555,2613 582,2612"/>
                <TextEquiv>
                    <Unicode>tt, wie immer, wenn</Unicode>
                </TextEquiv>
            </TextLine>
            <TextLine id="r1l106" custom="readingOrder {index:105;}">
                <Coords points="600,2626 1749,2626 1726,2576 600,2572"/>
                <Baseline points="616,2611 671,2612 727,2613 783,2613 839,2614 895,2614 951,2614 1007,2615 1063,2615 1119,2616 1175,2616 1230,2616 1286,2617 1342,2617 1398,2617 1454,2617 1510,2618 1566,2618 1622,2618 1678,2619 1734,2619"/>
                <TextEquiv>
                    <Unicode>hinübergenommen, gemildert freilich durch eine schlichte,</Unicode>
                </TextEquiv>
            </TextLine>
            <TextLine id="r1l107" custom="readingOrder {index:106;}">
                <Coords points="1758,2624 2863,2640 2917,2620 2918,2576 1758,2580"/>
                <Baseline points="1773,2620 1829,2619 1885,2618 1941,2618 1998,2618 2054,2618 2110,2619 2167,2619 2223,2620 2279,2621 2336,2621 2392,2622 2448,2623 2504,2624 2561,2625 2617,2626 2673,2627 2730,2627 2786,2628 2842,2628 2899,2629"/>
                <TextEquiv>
                    <Unicode>unsere arme Wessely unter Thränen meinem Manne und</Unicode>
                </TextEquiv>
            </TextLine>
            <TextLine id="r1l108" custom="readingOrder {index:107;}">
                <Coords points="178,2661 258,2656 272,2670 326,2662 346,2675 457,2651 481,2671 548,2667 592,2659 592,2612 464,2614 447,2627 325,2608 261,2623 177,2617"/>
                <Baseline points="193,2657 218,2657 243,2657 269,2658 294,2657 320,2657 345,2657 371,2657 396,2656 422,2656 447,2655 473,2655 498,2654 524,2654 549,2654 575,2654"/>
                <TextEquiv>
                    <Unicode>in glücklicher Form</Unicode>
                </TextEquiv>
            </TextLine>
            <TextLine id="r1l109" custom="readingOrder {index:108;}">
                <Coords points="601,2665 1676,2670 1750,2661 1750,2603 601,2615"/>
                <Baseline points="618,2653 673,2654 729,2655 785,2655 840,2656 896,2657 952,2657 1007,2658 1063,2658 1119,2659 1175,2659 1230,2660 1286,2660 1342,2660 1397,2660 1453,2660 1509,2660 1564,2659 1620,2659 1676,2658 1732,2657"/>
                <TextEquiv>
                    <Unicode>natürliche Liebenswürdigkeit, einen feinen, herzlichen Humor.</Unicode>
                </TextEquiv>
            </TextLine>
            <TextLine id="r1l110" custom="readingOrder {index:109;}">
                <Coords points="1755,2668 2917,2687 2918,2619 1755,2624"/>
                <Baseline points="1773,2661 1829,2661 1885,2662 1942,2662 1998,2662 2054,2663 2111,2663 2167,2664 2223,2664 2280,2665 2336,2665 2392,2666 2449,2666 2505,2667 2561,2668 2618,2669 2674,2670 2730,2670 2787,2671 2843,2672 2900,2673"/>
                <TextEquiv>
                    <Unicode>mir ihr Leid geklagt, ihrer Verzweiflung über die Gestaltung ihrer</Unicode>
                </TextEquiv>
            </TextLine>
            <TextLine id="r1l111" custom="readingOrder {index:110;}">
                <Coords points="174,2706 295,2717 363,2697 383,2710 437,2700 551,2714 592,2700 592,2660 477,2670 454,2650 353,2670 275,2673 251,2656 174,2663"/>
                <Baseline points="191,2698 216,2698 242,2699 268,2699 293,2700 319,2700 345,2700 370,2700 396,2701 422,2701 447,2700 473,2700 499,2700 524,2699 550,2699 576,2698"/>
                <TextEquiv>
                    <Unicode>rophäen, aus Kranz¬</Unicode>
                </TextEquiv>
            </TextLine>
            <TextLine id="r1l112" custom="readingOrder {index:111;}">
                <Coords points="680,2705 1751,2711 1751,2661 680,2658"/>
                <Baseline points="698,2699 749,2700 801,2700 853,2701 905,2702 957,2702 1009,2703 1061,2704 1113,2704 1165,2704 1217,2705 1268,2705 1320,2705 1372,2705 1424,2705 1476,2704 1528,2704 1580,2703 1632,2703 1684,2702 1736,2701"/>
                <TextEquiv>
                    <Unicode>Leicht begreiflich sind wir rasch bei der im Augenblicke</Unicode>
                </TextEquiv>
            </TextLine>
            <TextLine id="r1l113" custom="readingOrder {index:112;}">
                <Coords points="1755,2705 2910,2736 2911,2672 1755,2665"/>
                <Baseline points="1773,2706 1829,2706 1885,2706 1941,2706 1997,2707 2053,2707 2109,2708 2165,2708 2221,2708 2277,2709 2333,2709 2389,2710 2445,2711 2501,2711 2557,2712 2613,2712 2669,2713 2725,2714 2781,2714 2837,2715 2893,2716"/>
                <TextEquiv>
                    <Unicode>künstlerischen Zukunft Ausdruck gegeben, und das Alles, weil man</Unicode>
                </TextEquiv>
            </TextLine>
            <TextLine id="r1l114" custom="readingOrder {index:113;}">
                <Coords points="178,2757 212,2753 225,2767 259,2749 306,2759 346,2748 384,2764 410,2747 485,2762 602,2740 602,2706 400,2713 356,2697 285,2719 177,2710"/>
                <Baseline points="194,2744 220,2746 246,2747 272,2747 298,2748 324,2748 350,2747 376,2746 402,2746 428,2745 454,2744 480,2743 506,2742 532,2742 558,2741 584,2741"/>
                <TextEquiv>
                    <Unicode>hanze, reiche Geländer</Unicode>
                </TextEquiv>
            </TextLine>
            <TextLine id="r1l115" custom="readingOrder {index:114;}">
                <Coords points="599,2771 1758,2749 1758,2702 777,2714 599,2683"/>
                <Baseline points="614,2743 670,2745 726,2746 783,2747 839,2748 895,2748 952,2748 1008,2748 1064,2748 1121,2748 1177,2748 1233,2747 1290,2747 1346,2747 1402,2747 1459,2746 1515,2747 1571,2747 1628,2748 1684,2749 1741,2750"/>
                <TextEquiv>
                    <Unicode>wohl interessantesten Frage ihres Wiederauftretens angelangt.</Unicode>
                </TextEquiv>
            </TextLine>
            <TextLine id="r1l116" custom="readingOrder {index:115;}">
                <Coords points="1747,2761 2843,2773 2903,2767 2904,2723 1748,2708"/>
                <Baseline points="1765,2749 1821,2749 1877,2750 1933,2750 1989,2751 2045,2752 2101,2752 2157,2753 2213,2754 2269,2754 2326,2755 2382,2755 2438,2756 2494,2757 2550,2757 2606,2758 2662,2758 2718,2759 2774,2759 2830,2759 2887,2760"/>
                <TextEquiv>
                    <Unicode>der neuengagirten Barsescu einige ihrer Rollen zuge¬</Unicode>
                </TextEquiv>
            </TextLine>
            <TextLine id="r1l117" custom="readingOrder {index:116;}">
                <Coords points="172,2796 212,2799 236,2781 273,2798 560,2799 596,2778 596,2744 482,2759 171,2745"/>
                <Baseline points="189,2787 215,2788 241,2789 267,2790 293,2790 319,2790 345,2791 371,2790 397,2790 423,2790 449,2789 475,2788 501,2788 527,2786 553,2785 579,2783"/>
                <TextEquiv>
                    <Unicode>n Kunst. Und wie</Unicode>
                </TextEquiv>
            </TextLine>
            <TextLine id="r1l118" custom="readingOrder {index:117;}">
                <Coords points="681,2793 1749,2802 1749,2748 681,2752"/>
                <Baseline points="699,2792 750,2792 802,2792 853,2792 905,2792 957,2792 1008,2792 1060,2792 1112,2792 1163,2792 1215,2792 1267,2792 1318,2791 1370,2791 1422,2791 1473,2791 1525,2791 1577,2791 1628,2791 1680,2791 1732,2792"/>
                <TextEquiv>
                    <Unicode>„Gewiß, in längstens vierzehn Tagen sehen</Unicode>
                </TextEquiv>
            </TextLine>
            <TextLine id="r1l119" custom="readingOrder {index:118;}">
                <Coords points="1751,2799 2921,2809 2921,2762 2776,2751 1752,2752"/>
                <Baseline points="1769,2793 1825,2794 1882,2795 1939,2796 1995,2796 2052,2797 2109,2798 2165,2798 2222,2798 2279,2799 2336,2799 2392,2799 2449,2800 2506,2800 2562,2800 2619,2801 2676,2802 2732,2802 2789,2803 2846,2804 2903,2806"/>
                <TextEquiv>
                    <Unicode>theilt hatte. Man kann sich ja schwer vorstellen, wie sehr der</Unicode>
                </TextEquiv>
            </TextLine>
            <TextLine id="r1l120" custom="readingOrder {index:119;}">
                <Coords points="167,2843 605,2838 605,2791 497,2782 440,2800 271,2798 237,2781 167,2802"/>
                <Baseline points="185,2832 210,2832 235,2832 260,2832 285,2832 310,2832 335,2832 360,2832 386,2832 411,2832 436,2832 461,2831 486,2831 511,2830 536,2829 561,2828 587,2826"/>
                <TextEquiv>
                    <Unicode>ünstlerisch zusammen¬</Unicode>
                </TextEquiv>
            </TextLine>
            <TextLine id="r1l121" custom="readingOrder {index:120;}">
                <Coords points="587,2848 1760,2847 1730,2787 588,2777"/>
                <Baseline points="604,2830 661,2830 718,2831 775,2832 832,2832 889,2833 946,2834 1003,2834 1060,2835 1117,2835 1174,2836 1231,2836 1288,2837 1345,2837 1402,2837 1459,2837 1516,2837 1573,2836 1630,2836 1687,2835 1744,2835"/>
                <TextEquiv>
                    <Unicode>Sie mich auf der Bühne wieder. Ich bin gesund und habe</Unicode>
                </TextEquiv>
            </TextLine>
            <TextLine id="r1l122" custom="readingOrder {index:121;}">
                <Coords points="1749,2850 2885,2869 2909,2818 1750,2799"/>
                <Baseline points="1765,2836 1821,2837 1877,2838 1933,2839 1990,2840 2046,2841 2102,2842 2158,2842 2215,2842 2271,2843 2327,2843 2383,2844 2440,2844 2496,2844 2552,2845 2608,2846 2665,2846 2721,2847 2777,2848 2833,2849 2890,2851"/>
                <TextEquiv>
                    <Unicode>Künstler an den Gestalten seines Fleißes, seines Empfindens,</Unicode>
                </TextEquiv>
            </TextLine>
            <TextLine id="r1l123" custom="readingOrder {index:122;}">
                <Coords points="187,2876 2917,2913 188,2835"/>
                <Baseline points="205,2876 339,2877 474,2878 609,2879 744,2880 878,2880 1013,2881 1148,2881 1283,2882 1417,2882 1552,2882 1687,2883 1822,2883 1956,2884 2091,2885 2226,2886 2361,2887 2495,2888 2630,2889 2765,2891 2900,2893"/>
                <TextEquiv>
                    <Unicode>mit reicher Malerei mich der Direction bereits zur Verfügung gestellt. Meine! seines Intellectes festhält. Alle Mühe, die wir uns damals</Unicode>
                </TextEquiv>
            </TextLine>
            <TextLine id="r1l124" custom="readingOrder {index:123;}">
                <Coords points="184,2967 2503,2981 2503,2893 185,2883"/>
                <Baseline points="201,2947 315,2947 429,2947 543,2947 658,2948 772,2948 886,2949 1001,2949 1115,2950 1229,2951 1344,2951 1458,2952 1572,2953 1686,2954 1801,2955 1915,2955 2029,2956 2144,2957 2258,2958 2372,2959 2487,2960"/>
                <TextEquiv>
                    <Unicode>kummer umfaßt 10 Seiten. Der Wegweiser der „Extrapost“ befindet sich auf Seite. 9 und 10.</Unicode>
                </TextEquiv>
            </TextLine>
            <TextLine id="r1l125" custom="readingOrder {index:124;}">
                <Coords points="596,3161 748,3211 889,3163 991,3190 1034,3152 1095,3203 1301,3201 1300,3100 1129,3118 1101,3095 1054,3115 957,3095 886,3133 832,3099 596,3111"/>
                <Baseline points="614,3160 647,3168 680,3173 714,3176 747,3179 781,3180 814,3180 848,3180 881,3179 915,3177 948,3175 981,3173 1015,3171 1048,3169 1082,3168 1115,3168 1149,3168 1182,3169 1216,3172 1249,3175 1283,3181"/>
                <TextEquiv>
                    <Unicode>d</Unicode>
                </TextEquiv>
            </TextLine>
            <TextLine id="r1l126" custom="readingOrder {index:125;}">
                <Coords points="1723,3430 1838,3424 1862,3411 1906,3413 1932,3438 2007,3434 2009,3360 1982,3362 1969,3351 1938,3367 1918,3356 1894,3369 1824,3366 1781,3334 1757,3350 1727,3339"/>
                <Baseline points="1742,3396 1767,3398 1792,3399 1817,3401 1842,3402 1867,3403 1892,3404 1917,3404 1942,3405 1967,3405 1992,3406"/>
                <TextEquiv>
                    <Unicode></Unicode>
                </TextEquiv>
            </TextLine>
            <TextEquiv>
                <Unicode>Liebelei
box 10/1
5. Muumae
41512
— u0 K ag Heterichten
20
Badeni ist Real= weil mal 78 1121“
#ewelche die mi K. Veroronung des Gesammt¬
P
der Vergangenheit action ansehen zu dürfen glauvie, die
" pomichche ministernims vom 12. September 1893 (R.=G.=Bl.
belehren. Unser culturelle und wirthschaftliche Entwicklungsfähigkeit Nr. 139) für das Gebiet der königlichen Hauptstadt
und Stickerei gezierten Schleifen, deren jede einzelne so
Situation ist wohl eine etwas schwierige, wenn man ein
ganz anders ist wie die Alltagsschleifen, die man in der
volles Jahr den Brettern ferngeblieben — in einer Zeit, die,
Regel am leicht welkenden Künstlerlorbeer findet. Links
wie die unsere, auch hier mit Riesenschritten vorwärts eilt,
in der Ecke ist das Bild der Hausfrau in fein stylisirter
hat sich so viel um und in uns geändert, daß wir es kaum
Weise in die Wand eingelassen. Es stellt sie als „Sappho“
fassen können. Es war mir ganz seltsam zu Muthe, als ich
olter.
vor und ist, wie der meiste Schmuck des Stiegenhauses, eine
vor einigen Tagen zum ersten Male wieder, wenn auch nur
Erinnerung an das letzte Jubiläum der Künstlerin. Dahin
obertag. Der rauhe
als Zuseherin, unser Haus betrat. Allerdings mag dazu viel
gehört auch der alte Theaterzettel, der gleich einem Banner
ie Villen rechts und
beigetragen haben, daß es gerade die „Liebelei“ war, die ich
am Fuße des Stiegenpfeilers gehißt ist und das erste
zu sehen bekam.
hr hölzernes Winter¬
Auftreten des Fräulein Charlotte Wolter als
elassen, die Spring¬
Ich bitte Sie, dieses Stück im Burgtheater! Sehr gut
„Iphigenie“ kündet. Von ihren Collegen ist nur mehr
Weit und breit kein
gemacht, gewiß, der Autor hat unstreitig Talent, daß aber
der damalige „Pylades“, Herr Sonnenthal, am Lehen.
die bunten, abge¬
gerade wir die Brutstätte dieser Art von Talenten werden
In der Ecke des mittleren Stiegenabsatzes die lorbeergekrönte
herrlichkeit die lange
würden, hätte ich niemals für möglich gehalten. Denken Sie
Marmocbüste Makart's, des langjährigen Hausfreundes,
, verwegenen Tanz
nur einmal, wenn nun nicht zufällig im ersten Act geläutet
der eines seiner farbenprächtigsten Gemälde für das Studir¬
nd zu dichten Haufen
wird, was hätten wir da schließlich sehen müssen! Ja, ja,
zimmer der Wolter hier zwischen Tafelfreuden und Kegel¬
dreht sie im Wirbel
ich weiß schon, was Sie sagen wollen, die neue Kunst, die
schieben auf die Leinwand geworfen.
irft sie weit abseits
neue Richtung. Das Neue sehe ich wohl, aber die Kunst kann
Es gibt so viel, so Werthvolles und so glücklich Geord¬
Bild der Unruhe, der
ich nicht finden. Unter „Dichter“ ist doch schließlich etwas
netes zu sehen in diesem Künstlerheim, daß man nur schritt¬
Anderes zu verstehen. Aber was kann man dagegen thun,
weise vorwärts kommt, stundenlang schauen und ebensoviel
welches die Gräfin
da heißt es eben resigniren. Ich persönlich bin ja durch dieses
schreiben müßte, um selbst ganz oberflächlich all'sden reichen
schließlichen Residenz
Versiegen jeder wirklich poetischen Quelle am meisten in Mit¬
Schätzen an Bildern, Porzellan, Bildhauereien, Schnitzereien
und sofort umfängt
leidenschaft gezogen. Wissen Sie das das heißt, seit Jahr
und Stickereien gerecht zu werden.
sagen kosende Ruhe,
und Tag keine neue Rolle zum Studium zu bekommen, wie
Das Erscheinen der Gräfin macht all' diesen Betrach¬
istlerische“ verleihen
der Geist darunter leidet, in trägem Sich=gehen=lassen ein¬
tungen vorläufig ein Ende.
Porhalle der Ausblick
geschläfert zu werden, keine Aufgabe zu finden, an der man
urch die Kunst der
Zu Nutz und Frommen all' Derjenigen, die vielleicht
seine Kräfte messen könnte, prüfen, ob ein Fortschritt im
este des blühenden,
gerne das Gegentheil hören würden, kann ich versichern, daß
Können und auf welche Weise erreichbar ist. Nun ist mein
hätten hier drinnen
das Aussehen der Wolter ein überraschend gutes ist. Das
Wirkungskreis ohnedies während meiner Abwesenheit ein¬
kren herrschsüchtiges,
Jahr schwerer Leiden hat sie glücklich überstanden, ihr Auge
geschränkt worden. Ich brauche Sie doch nicht erst zu ver¬
nkonnte, alle Macht
hat den alten Glanz, und hebt sie ihre Stimme, ist sie von
sichern, daß ich keine jener Rollen, die ich abgegeben habe,
am wohlverwahrten
jenem melodischen Wohllaut, den wir so lange schwer vermißt
wieder übernehmen werde. Ich hasse den Rollenkrieg und
haben. Es vlaudert sich vortrefflich mit ihr, etwas von ihrer
kenne seine Folgen. Gar Viele schon sind daran zu Grunde
enhaus. Man bleibt
gewissen, classischen Ruhe hat sie auch in ihr Privatleben
gegangen. Hier am selben Platze, wo Sie jetzt sitzen, hat
tt, wie immer, wenn
hinübergenommen, gemildert freilich durch eine schlichte,
unsere arme Wessely unter Thränen meinem Manne und
in glücklicher Form
natürliche Liebenswürdigkeit, einen feinen, herzlichen Humor.
mir ihr Leid geklagt, ihrer Verzweiflung über die Gestaltung ihrer
rophäen, aus Kranz¬
Leicht begreiflich sind wir rasch bei der im Augenblicke
künstlerischen Zukunft Ausdruck gegeben, und das Alles, weil man
hanze, reiche Geländer
wohl interessantesten Frage ihres Wiederauftretens angelangt.
der neuengagirten Barsescu einige ihrer Rollen zuge¬
n Kunst. Und wie
„Gewiß, in längstens vierzehn Tagen sehen
theilt hatte. Man kann sich ja schwer vorstellen, wie sehr der
ünstlerisch zusammen¬
Sie mich auf der Bühne wieder. Ich bin gesund und habe
Künstler an den Gestalten seines Fleißes, seines Empfindens,
mit reicher Malerei mich der Direction bereits zur Verfügung gestellt. Meine! seines Intellectes festhält. Alle Mühe, die wir uns damals
kummer umfaßt 10 Seiten. Der Wegweiser der „Extrapost“ befindet sich auf Seite. 9 und 10.
d
</Unicode>
            </TextEquiv>
        </TextRegion>
    </Page>
</PcGts>
