3436 4352
456 164 811 235 Liebelei
270 149 1400 281 5. Liesse box 10/1
3010 650 3108 723 10.
2169 643 2830 744 „Deutsches Volksblatt.“
1581 658 2026 746 Wien, Donnerstag
832 671 1077 757 Seite 10
790 725 3095 823 Fulda's „Kameraden“ von Herrn Giampictro in der Maske nicht gespielt werden, denn er läßt sich ohne besonderen! zu
1921 773 3111 836 Scharfsinn errathen. Fritz fällt im Duell und alle handelnden M.
791 805 1915 860 Schnitzler's gespielt wurde. Man merkte es gestern dem
1914 819 3027 878 Personen des Stückes brechen darob in ein herzzerreißendes
792 846 1908 910 Zuschauerraum des Burgtheaters an, daß sich ein ganz er¬
1918 850 3033 924 Jammern aus. Bemerkenswerth dabei ist, daß Christine es
800 889 1907 946 lesenes Bühnenereignis vorbereite. Im Parkett, in den Logen,
1919 911 3035 963 weniger beklagt, daß ihr Geliebter erschossen wurde, als daß
788 929 1912 991 im Stehparterre und in den obersten Rängen, sah man zahl¬
3019 925 3112 996 ha
1917 955 3013 1005 er einer anderen Frau wegen erschossen wurde. Nachdem die
793 968 1917 1034 reiche Herren verschiedenen Alters, geziert mit jener unvergleichlich
3020 985 3109 1031 bet
1922 995 3012 1054 Gesellschaft genug Thränen vergossen hat — mehr als in
3030 1024 3114 1074 sch
799 1009 1918 1081 genialen Stirnlocke die das äußere Kennzeichen unserer
1919 1033 3020 1092 einem Rührstücke der Charlotte Birchpfeiffer, fällt
3008 1048 3114 1113 fer
797 1056 1913 1122 „Modernen“ ist. Und ihre Erwartungen, so gespannt sie
1921 1075 3011 1130 es Christinen plötzlich ein, daß sie nicht im Hause
3026 1100 3104 1145 un
804 1100 1920 1156 auch sein mochten, wurden nicht enttäuscht, sondern dieselben
1919 1122 3020 1183 ihres Vaters bleiben könne. Sie reißt sich los und lauft
3016 1135 3101 1186 ers
792 1141 1916 1199 wurden, dem wüthenden Klatschen nach zu urtheilen das
1919 1162 3020 1216 auf und davon. Ihr Vater ahnt es, daß sie nie wieder
3028 1172 3109 1221 an
807 1184 1918 1240 nach allen Actschlüssen, insbesondere in dem Augenblicke, in
1913 1208 3020 1256 kommen wird. Dagegen hätten wir gewiß nichts einzu¬
3026 1212 3123 1279 Ge
802 1208 1912 1304 dem Herr Schnitzler sich vor dem Vorhange zeigte, um den
1917 1240 3027 1306 wenden, doch hätten wir gerne gewußt, was aus ihr wird.
805 1254 1921 1337 Beifallstribut seiner Freunde und Verehrer aus dem Café
1929 1280 3048 1347 Darüber läßt uns Herr Schnitzler im Unklaren. Wir wissen
804 1304 1914 1371 Griensteidl huldvollst entgegenzunehmen, weit übertroffen.
1927 1326 3051 1389 nicht, ob Christine den in solchen Fällen beliebten Weg
804 1351 1929 1417 Wir befanden uns eigentlich in demselben Falle, nur war
1930 1368 3086 1435 wählt und sich in's Wasser stürzt, oder ob sie in den Armensp
808 1393 1924 1462 die Wirkung nicht dieselbe. Wir waren gestern mit der festen
1928 1414 3115 1479 eines anderen Liebhabers Trost sucht. Diese unbefriedigte Neu¬de
800 1438 1922 1516 Ueberzeugung in's Burgtheater gegangen, einen verlorenen
1921 1451 3100 1536 gierde ist das einzige Moment, das uns zum Nachdenken anregt.. A##
808 1482 1927 1539 Abend vor uns zu haben. Trotz dieser Ergebenheit
1929 1502 3022 1557 Das ganze übrige Stück läßt uns kühl bis an's Herz hinan.
3020 1526 3112 1591 m
800 1516 1936 1583 in unser Schicksal, wurde es uns zum Schlusse aber
800 1575 3043 1627 doch fast zu viel. Mehr kann man einem normaß Daß der Verfasser trotzdem hervorgejubelt wurde, haben
795 1584 3038 1664 organisirten Menschen schon nicht mehr zumuthen! wir bereits erwähnt. Wir beneiden ihn nicht um diesen
1925 1609 3097 1697 Beifall, der übrigens ein verdienter war, soweit die Schau=zu
805 1658 1923 1718 Ver Allem zu dem einactigen Schauspiel Giacoso's, „Rechte
1927 1683 3097 1743 spieler in Frage kommen. Die Damen Sandrock,ge
801 1691 1923 1757 der Seele“. Dieser italienische Dramatiker hat in seinen
3036 1722 3108 1769 hi
1930 1706 3029 1772 Kallina und Walbeck, sowie die Herren Kutschera,
811 1729 1925 1801 früheren Werken Beweise entschiedener Begabung geliefert
3026 1758 3104 1812 de
1932 1757 3025 1816 Zeska und Mitterwurzer boten Alles auf, was
806 1783 1925 1842 und auch in dem Stücke „Sündige Liebe“ zeigte sich noch
1927 1789 3106 1855 in ihren Kräften stand. Das Facit des gestrigen Abends ist, de
3026 1823 3101 1887 d1
804 1822 1926 1898 immer das Vermögen des Dichters, aus einem spröden
803 1843 3040 1932 Stoffe etwas zu machen. Gestern hat er uns die Hoffnung daß das Burgtheater die dramatische Experimentalphysik
3029 1870 3108 1918 N
1921 1887 3025 1952 Anderen überlassen soll. Auf unsere „erste deutsche Bühne“
807 1905 1937 1967 geraubt, daß wir von ihm noch etwas zu erwarten haben.
1928 1931 3004 2007 sollte die Clique keinen Einfluß gewinnen können. —ei——.
3019 1943 3111 1998 ei
807 1948 1921 2004 Wie in der „Sündigen Liebe“ ist auch in „Die Rechte der
808 1995 1941 2049 Seele“ der Conflict zwischen Mann und Weib der Träger
3039 2024 3098 2067 a
2046 2002 3025 2082 - Unsere Hofoper scheint bei ihrer bekannten Vorliebe
809 2035 1940 2102 der Handlung. In dem ersteren Drama entdeckt der Gatte
3038 2060 3098 2111 i.
1931 2067 3030 2124 für fremdländische Kunst der einheimischen Tondichter ganz zu
815 2084 1931 2146 die Untreue der Frau und straft diese, indem er sie zu
1940 2104 3025 2157 vergessen. Umso freudiger ist es zu begrüßen, daß der General¬
817 2126 1927 2181 einem freud= und liebelosen Dasein an seiner Seite ver¬
3029 2132 3091 2185 P
1929 2139 3031 2191 director Hofrath Schuch aus Dresden zugesagt hat, in einer im
3027 2180 3076 2225 9
812 2166 1920 2233 urtheilt. In der gestrigen Novität kann von einem eigent¬
1934 2186 3027 2229 Laufe der Spielzeit zu Gunsten der Poliklinik im Carl=Theater
807 2209 1929 2263 lichen Betrug an dem Gatten keine Rede sein, sie bricht,
1931 2216 3035 2275 stattfindenden Matinee mit vier ersten Mitgliedern des Dresdener
3033 2258 3091 2305 9
805 2251 1932 2316 wenn der Ausdruck gestattet ist, die Ehe nur mit
1939 2257 3026 2320 Hoftheaters Haydn's reizende Oper „Der Apotheker“ zur Dar¬
1932 2296 2300 2367 stellung zu bringen.
807 2298 1934 2351 dem Herzen. Anna (Frau Hohenfels) hat einen
804 2330 1940 2390 ungeliebten Mann (Herr Hartmann) geheiratet und ihre
2069 2317 3060 2394 Herr Dr. Tyrolt ist gestern im Deutschen?
1942 2366 3055 2433 Volkstheater in vollster Gesundheit zur ersten Probe des
808 2381 1926 2443 ganze Neigung gehörte einem Anderen. Sie war sich aber
1931 2409 3055 2483 Volksstückes Pastor Brose“ erschienen und wurde von seinen
821 2408 1934 2485 der Pflichten gegen ihren Gatten stets bewußt, sie kleidete
1935 2470 3045 2508 Collegen lebhaft begrüßt. — Das Novitätenprogramm dieser
818 2469 1940 2522 sich in die Maske der Gleichgiltigkeit und als der Geliebte
1939 2495 3049 2552 Bühne ist für die nächste Zeit folgendermaßen festgestellt worden:
822 2522 1935 2562 in seinem Werben immer stürmischer und dringender wurde,
1948 2533 3052 2609 „Ein Regentag“, „Pastor Brose“, „Gräfin Fritzi“ und „Ghis¬
817 2550 1930 2603 schrieb sie ihm einen Brief, in dem sie ihm erklärte, er möge
812 2598 1930 2663 sie nicht länger quälen, denn ihre ganze Liebe gehöre ihrem
2070 2601 3089 2679 * Im Raimund=Theater gelangt heute die mit?
824 2638 1937 2693 Gatten. Der Effect des Briefes ist, daß der Abgewiesene sich
1944 2644 3051 2706 so außerordentlichem Erfolge aufgeführte Gesangsposse „Der
811 2681 1941 2739 tödtet. Ein Portefeuille mit den Briefen Annas kommen in
1944 2690 3051 2749 Heiratsschwindler“ von Bernhard Buchbinder zum viertenmale
823 2717 1933 2777 die Hände Pauls, ihres Gatten. Dieser wird nun durch die
1937 2727 3047 2791 zur Aufführung und wird Herr Fröden neue Strophen seines
1940 2758 3053 2833 wirkungsvollen Couplets „Streckenweis“ zum Vortrage bringen.
822 2762 1944 2830 Entdeckung, was den Freund in den Tod getrieben hat,
1934 2807 3046 2858 — Morgen kommt „Bruder Martin“ zum 85. Male zur Wieder¬
813 2805 1946 2878 lebhaft beunruhigt. Er stellt sich die Frage, ob es denn
2167 2835 3049 2888 Sonntag, Nachmittags halb 3 Uhr, geht Holger
825 2844 1938 2903 nicht möglich sei, daß Anna den Todten dennoch liebte,
1933 2879 3048 2926 Drachmann's poetisches Märchenspiel „Es war einmal . .“ mit
817 2890 1942 2958 ihn aber aus Pflichtgefühl nicht erhörte. Und so dringt er
815 2902 3046 2992 denn in Anna ihm Aufklärung zu geben, obwohl den Damen Anatour, Krauß, Niese, Reinhart und den Herren
1943 2945 3051 3012 Göstl, Kirschner, Klein, Krug, Lucas, Schildkraut und Straß¬
819 2990 1940 3037 diese ihn bittet, sie über die Angelegenheit nicht zu befragen.
1944 3002 2638 3064 meyer bei ermäßigten Preisen in Scene.
814 3010 1944 3079 Sein Argwohn läßt ihn immer heftiger werden, bis endlich
2086 3014 3051 3100 Im Josefstädter Theater findet morgen,
821 3056 1946 3125 Anna gesteht, sie habe den Todten immer geliebt, sie liebe
1948 3071 3050 3131 Freitag, die erste Aufführung des dreiactigen Schwankes „Der
812 3101 1940 3169 ihn auch jetzt noch und sie bereue — ihre Tugend. Paul
1947 3114 3054 3169 Rabenvater“ von Jarno und Fischer statt. Der Schwank ist
825 3145 1944 3206 hätte das „Recht ihrer Seele“ respectiren sollen, weil er dies
1940 3163 3058 3208 bekanntlich ein Cassenstück des Berliner Neuen Theaters. Die
1950 3193 3063 3256 Hauptrollen der vom Regisseur Groß inscenirten Novität befinden
825 3194 1935 3257 nicht that, verläßt sie sein Haus. Die beiden Träger der
1944 3222 3060 3284 sich in den Händen der Damen Pohl=Meiser, Fischer, Schmidt¬
815 3232 1945 3297 Hauptrollen boten ihr Bestes, um ihren Rollen Leben und
1935 3263 3056 3326 Leeb, Felsen, Schleinitz und der Herren Maran, Franker,
814 3274 1941 3344 Wahrscheinlichkeit zu verleihen, namentlich Frau Hohen¬
1942 3302 3063 3363 C. A. Friese und Bartl. Die Première fängt um halb 8 Uhr
828 3313 1947 3386 fels verdient volles Lob. Es gelang ihnen nicht. Un¬
1946 3341 3065 3407 an, Karten für Logen und Sitze werden von heute ab an den
826 3357 1944 3427 mögliches kann eben Niemand leisten. Und nun zu dem
1946 3393 2681 3442 Tagescassen ohne Vormerkgebühr vergeben.
819 3394 1940 3488 zweiten „Modernen“. Was sollen wir über Schnitzler's
2085 3406 3064 3477 Im Rudolfsheimer Volkstheater geht
833 3440 1946 3517 „Liebelei“ sagen. Daß das Stück eigentlich gar kein Stück ist
1947 3461 3066 3526 „Fee Million“ bis inclusive Freitag mit der Directorin Czer¬
820 3475 1942 3544 weil es jeder Handlung entbehrt? Daß dieses Stück
1950 3500 3060 3563 niawski=Loewe in der Titelrolle in Scene. Die Rolle des Volks¬
1176 3530 1945 3592 die eigentlich gar keine Acte sind?
818 3542 1160 3603 drei Acte hat,
1942 3533 3066 3602 geist spielt der neuengagirte Charakterdarsteller Herr Max Zilzer.
825 3567 1938 3637 Doch wir wollen wenigstens den Versuch machen, die
1940 3582 3056 3634 Nächsten Samstag gelangt „Ein Wiener Freiwilliger“ zur Auf¬
822 3621 1938 3689 moderne Kraftgenialität Schnitzler's dem schlichten Laien¬
1951 3631 2122 3686 führung.
2095 3635 3068 3719 Aus Bayreuth wird uns berichtet: Im nächsten
817 3657 1947 3720 verstand näher zu rücken. Das Werk scheint sogar Ansprüche
2813 3681 2877 3724 L###fi
1942 3699 3020 3744 Sommer wird — zwanzig Jahre nach der ersten Aufführung —
827 3700 1946 3754 auf den Namen „Volksstück“ zu erheben, denn es spielt in
826 3768 3063 3803 Wien, es wird darin etlichemale „wienerisch“ gesprochen — hier in vollständig neuer Ausstattung der „Ring des Nibelungen“.
1951 3769 3060 3828 wiederum zur Aufführung gelangen. Gleichwie im Jahre 1876,
832 3786 1942 3852 das genügt ja nach der Meinung Vieler, um auch dem
1950 3805 3063 3864 wird der Cyklus an je vier aufeinanderfolgenden Tagen gegeben
823 3825 1942 3898 miserabelsten Machwerk einen „volksthümlichen“ Charakter
1931 3840 3070 3906 werden. Es sind hierfür folgende Tage in Aussicht genommen:
825 3861 1947 3941 zu verleihen. Doch zur Sache. Der erste Act führt uns in
1933 3879 3075 3937 19. bis 22. Juli, 26. bis 29. Juli, 2. bis 5. August, 9. bis
832 3916 3068 3979 das „Junggesellenheim“ eines wohlhabenden jungen 12. August und 16. bis 19. August. Ueber die Besetzungsfragen
829 3956 3068 4018 Herrn, der ein echter Lebemann, nebstbei auch Student und sind endgiltige Entscheidungen noch nicht erfolgt: was bisher
1931 3978 3075 4048 darüber verbreitet wurde, ist zumeist nicht richtig. Das Orchester
831 4003 1944 4063 Reservelieutenant ist. Seine Wohnung gleicht einem Durch¬
1951 4035 3081 4090 wird nur wenige Veränderungen gegen die vorhergehenden Fest¬
825 4041 1952 4104 haus, denn kaum hat eine seiner Geliebten dieselbe verlassen,
1947 4075 2309 4135 spieljahre aufweisen.
1204 4078 1942 4134 schon wieder eine Andere in ihr
854 4098 1167 4161 so kehrt auch
