3484 4256
390 166 744 235 iebeler
210 161 747 269 5. Jnn
900 163 1311 248 box 13/2
1982 240 2286 312 N· DE DEETT
1777 333 2651 451 EEhaN Ge RESTO DEL GARLINO
2168 447 2499 518 BOLÖGNE
1789 456 1972 517 Adresse
1782 550 1932 616 Date:
2100 536 2590 639 29 MARS 1933
1795 637 2713 707 Stonature
1789 745 2752 796 EEbosttonm
2015 793 2714 855 O T
2036 876 2703 981 “Cristina, dl A. Schnitzler al brena
2026 1000 2705 1043 Il lavoro rappresentato ieri sera dal
1999 1033 2714 1076 la Compagnia Palmer, é di quelli che
2005 1072 2726 1112 non invecchiano, neppure quando su
2006 1102 2728 1150 di essi si accumulano gli anni, ed han¬
2003 1138 2738 1171 noaffrontato il giudizio del pubblico
2003 1169 2717 1221 nell'ultimo scorcio dell’ottocento. Fus
2003 1204 2728 1248 appunto nel 1895 che il dramma fu co¬
2007 1241 2729 1284 nosciuto ed applaudito in Italia, e mal¬
1997 1269 2743 1333 grado questa anzianità, si é ripresen“
2009 1314 2728 1359 tato sulle nostre scene con la fre¬
2001 1336 2467 1393 schezza di una premiére.
2039 1375 2718 1425 Cristina, la protagonista appartiene
2013 1413 2713 1459 ad una famiglia borghese. E’ cresciuta
2001 1449 2725 1493 nella semplicità di una vita modesta.
2005 1487 2723 1527 col cucre riboccante di bontä e di af¬
2003 1521 2716 1563 fetto per il suo vecchio genitore, con¬
2011 1546 2713 1593 siderando l’amore con un senso di
2013 1581 2719 1632 grandezza e come una verità assoluta.
2010 1618 2721 1669 Cosl, con tanta sinceritä, con tanta
2529 1654 2556 1679 —1
2009 1657 2723 1705 passione, essa ama il suo Fritz, uno
2001 1691 2715 1739 studente, il quale invece la tiene in
2005 1723 2707 1765 una secondaria considerazione, avendo
2003 1760 2707 1795 nello stesso tempo una relazione con
2013 1795 2722 1839 una signora maritata, II giovane divi¬
2005 1831 2710 1869 de il suo cuore, con due donne, senza
2012 1863 2722 1907 amarne profondamente nessena. Da
2003 1897 2723 1939 una parte l’amore sentimentale, puro
2014 1932 2727 1988 ed onesto, dall'altra quello dei sensi.
2043 1964 2726 2015 Una sera nella casa di Fritz, conven¬
2008 2000 2727 2044 gono Cr tina, l’amico Teodoroe la sua
2004 2034 2725 2070 amica darietta per passare allegra¬
2000 2074 2724 2118 mente alcune ore. Si mangia, si be¬
1997 2087 2727 2148 vono bicchieri di vino del Reno, si
2002 2131 2728 2177 balla. Sono quattro giovinezze riunite
2004 2171 2730 2210 inella spensieratezza piü gaia, che can¬
2003 2211 2713 2255 tano la canzone d’amore, la quale ve¬
2000 2235 2715 2279 drà la sua fine quando i due studenti
2001 2272 2715 2314 avranno terminato gli studi. E' la vitn
1994 2310 2722 2352 che ride, che gode, che ama per un
1995 2338 2723 2379 attimo, mentre nell’ombra guata la
2008 2371 2710 2426 morte. E questa manda il suo triste
2002 2401 2727 2453 messaggero nella persona del marito
1996 2443 2714 2490 dell'amante di Fritz. Egli ha scoverta
2005 2485 2726 2523 la tresca e si reca pieno d’ira e di do¬
2002 2512 2734 2560 lore a chiederne conto al giovane. La
1996 2544 2724 2585 festicciola ha un brusco arresto, e nel¬
2007 2579 2724 2618 la saletta grava un immediato males¬
2004 2612 2725 2660 sere, un presagio di sventura. L’amico
1997 2647 2719 2698 e le ragazze si ritirano un un'altra
2000 2684 2723 2723 stanza e Fritz rimane davanti a colui
1997 2715 2724 2759 che viene a reclamare una riparazione
2001 2748 2736 2790 all’atroce offesa. La provocazione espio¬
1999 2782 2744 2823 de con tutta la sua violenza, e Fritze
2009 2821 2565 2886 accetta di battersi in duello.
2043 2838 2713 2896 Quando il marito si allontana, 1
2007 2883 2722 2933 quattro glováni cercano di riannoda¬
2018 2915 2726 2974 re i sottili fili d’oro dell’allegria, ma
2013 2955 2725 2998 non ci riescono. Cristina, come le
2021 2985 2721 3030 pianticelle sensitive, prova una stra¬
2027 3020 2726 3066 na preoccupazione, un incomprensibi¬
2024 3054 2741 3098 le terribile presentimento. La vitag
2017 3093 2720 3142 che aveva cantato in mezzo a quella
2020 3126 2725 3169 giovinezza, é rimasta turbata dalla vi¬
2019 3150 2730 3202 sita del messaggero di morte, cne do¬
2019 3193 2414 3236 vra prendersene duc.
2039 3207 2725 3268 II duello é fissato per lindomanl, e
2020 3249 2730 3291 sarà un duello tragico. Fritz, quasi
2007 3291 2731 3341 presago della sua fine. ha un attimo
2005 3323 2731 3371 di tenerezza per Cristina, la fanciul¬
2014 3355 2722 3402 la che gli ha giurato di non amare
2010 3392 2729 3425 pill nessun uomo, che gli si é data
2021 3423 2722 3459 con tutta la pienezza del suo vergine
2022 3459 2724 3500 cuore, e si congeda da lei pentito di
2014 3482 2732 3534 non avere compreso prima che l'amo¬
2013 3526 2722 3574 re di lei era il piü vero, il piü gran¬
2018 3563 2731 3603 de, il piü puro. Nello scontro Fritz ri¬
2011 3593 2734 3637 mane ucciso, e la tremenda notizia
2384 3628 2413 3653 V#.
2432 3625 2461 3654 1
2023 3629 2729 3662 viene appresa da Cristina tre giorni
2017 3654 2724 3699 dopo. E' uno schianto, un colpo di
2009 3695 2728 3742 folgore che l’annientano, ma quando
2024 3731 2727 3771 sa ch’egli é morto per un'altra donna,
2017 3765 2721 3817 il suo atroce dolore si tramuta in u¬
2015 3798 2440 3847 Ina cupa disperazione.
2033 3823 2741 3869 La realtà, quella che Cristina non
2021 3864 2735 3902 poteva mai immaginare, presa com'era
2013 3897 2738 3945 dall' amore che rasentava l’idolatria,
1999 3930 2735 3976 si affaccia tremenda alla sua mente
2006 3961 2726 4010 jele fa comprendere una veritä che
1999 3994 2727 4045 non avrebbe mai sospettato. Che cosa
2009 4040 2722 4074 é stata lei per Fritz? Che cosa ha rap¬
2006 4066 2724 4106 presentato nella sua vita? Un trastul¬
2010 4100 2727 4134 410? Domande assillanti che le martel¬
