3532 4256
303 231 856 317 5. Liebelei
715 221 1453 341 box 12/6
1149 954 1558 1036 # Velkszeitung
529 971 912 1045 vom: 20 HRZ
1142 1013 1577 1084 tschecer Kreis
980 1010 1039 1095 1
834 1096 1188 1222 Stadtthegter.
553 1209 1560 1325 „Liebelei“ von Arth Schmitzier=Vene¬
455 1262 1549 1373 fiz Hansi Just. Mit diesem Drama, das 1895 er¬
444 1327 1564 1425 schien, gelang dem Dichter die stärkste Wirkung. Es
449 1365 1551 1478 ist das Trauerspiel eines Mädchenherzens, das sich
442 1429 1556 1523 ganz gegehen und dafür ein ganzes Männerherz
439 1471 1548 1568 gewonnen zu haben glaubt, jedoch nach dem plötz¬
434 1517 1476 1610 lichen Tode des Geliebten erfahren muß, daß
438 1567 1577 1660 für ihn zur eine Liebelei gewesen ist. Das Stuck—
438 1615 1524 1700 ruht auf (allhemein menschlichen, darum auch ergrei¬
430 1661 1542 1735 fendem Gründe, ist gut aufgebaut und straff zu
422 1722 1533 1804 Ende geführt. Es ist bis heute Schnitzlers bedeu¬
420 1756 1526 1831 tendster Beitrag zum lebendigen Drama der Ge¬
417 1811 1528 1887 genwart. Lobheimer hat eine Liebschaft mit einer
425 1862 1527 1928 Frau. Um ihn von diesem gefährlichen Wege ab¬
426 1917 1533 2001 zubringen, arrangiert sein Freund Theodor eine
417 1965 1524 2047 Liebelei zwischen ihm und Christine, der Tochter
415 1998 1527 2085 eines Violinspielers im Glauben, es möchte zwi¬
413 2060 1536 2135 schen den beiden so gehen, wie zwischen ihm und
415 2106 1523 2202 der feschen Mizi, wo man im Mai noch nicht weiß,
404 2151 1524 2253 wen man im August lieben mag. Zwischen Lob¬
416 2207 1532 2296 heimer aber und Christine erwächst eine richtige
408 2259 1525 2345 Liebe. Da greift die Vorgeschichte verderbend in
403 2314 1525 2393 das junge Menschenglück ein. Der betrogene Ehe¬
405 2343 1529 2444 mann reumet jetzt mit Lobheimer ab und fordert
398 2412 1526 2483 ihn. Dieser nimmt in Vorausahnung seines To¬
405 2448 1508 2535 des von Christine Abschied. Er fällt im Duell.
399 2499 1517 2595 Der harrenden und bangenden Christine bringt erst
392 2557 1510 2628 der Vater die halbe, Theodor dann die ganze
399 2593 1506 2674 Wahrheit. Das liebe Mädchen hat die dunkle
401 2639 1518 2736 Ahnung, daß sie geopfert wurde, sie geht das Grab
396 2704 1510 2784 des Geliebten besuchen und kommt nicht mehr wie¬
390 2739 1506 2827 der. — Die Aufführung war ganz gut vorbereiter.
387 2801 1505 2868 Die beiden Freunde wurden von den Herren Gal¬
383 2847 1500 2932 lina und Kliwar, jeder nach seiner Eigenart cha¬
381 2906 1487 2971 rakterisiert. Die Mizi Schlager, Typus eines ech¬
387 2931 1493 3020 ten Wiener Mädels, spielte fesch und gewandt Frl.
381 3001 1492 3069 Anderle, die 1. Soubrette, die etwas stillere und
381 3042 1502 3126 sanfte Christine Frl. Just. Die Stellen des
385 3093 1492 3172 Schmerzes und Worte des inniger Tröstung wur¬
385 3146 1504 3228 den recht verständlich gesprochen, wodurch die große
384 3183 1479 3273 dramatische Seene des dritten Aktes in ihrer gan¬
384 3240 1483 3307 zen Tiefe wirkte. H. Hartig stellte den Weiling
368 3292 1503 3376 recht gut dar, die Klatschbase des Frl. Tomaschek
371 3337 726 3406 war zutreffend.
1982 480 2429 547 Ausschnitt aus
2407 484 3006 584 gerer Zeitung
2213 532 2409 610 130574
2010 589 2161 639 vom:
2156 674 3180 761 „Liebelet“. Schauspiel in 3 Akten von Artie#
2051 731 3198 802 Ein zärtlich, inniges Stück, in das man verliebt sein muß,g
2050 767 3162 815 weil es so ganz unpathetisch die stärksten Akzente beschwbö¬
2039 788 3174 870 render Innigkeit findet. Es ziehr durch dasselbe eine leise,
2045 827 3178 904 süße, allerdings auch recht traurige echt Schnitzler'sche Wiener
2046 890 3170 941 Melodie. Auf alle Fälle ist es das beste der Schnitzler'schen
2036 931 3163 974 Wramatik; denn die oft gespielten „Der einsame Weg“ oder
2049 960 3186 1006 gar das grobschlächtige, nach Knalleffekten zielende Theater¬
2032 1001 3176 1056 stück „Der Ruf des Lebens“ erreichen nicht die Höhe des
2031 1044 3172 1095 vorhergenannten. Interessieren dürfte es, daß Fritz Neu¬
2042 1086 3164 1141 mann nach diesem Schauspiel eine Oper schuf, die in der
2040 1122 3163 1200 Wiener Volksoper bei ihrer Erstaufführung einen ziemlichen
2023 1155 2510 1210 Achtungserfolg erzielte.
2152 1177 3165 1263 Die Leichtigkeit, Natürlichkeit und Sorglosigkeit der
2032 1242 3173 1297 Mehrzahl der in „Liebelei“ vorkommenden Rollen geben
2038 1283 3158 1334 dem Stücke eine echt wienerische Färbung. Hohenau als
2034 1316 3160 1361 Fritz fand sehr gut die Leichtigkeit und F ische der so tragisch
2038 1352 3168 1419 zerbrochenen Jugend, Walter René war ein eleganter,
2053 1388 3182 1453 humorvoller Theodor, Toni Horwitz eine samose Figur der
2099 1430 3165 1495 hlagermizi, ein leichtsinniges, gutmütiges, süßes Mädel.
2038 1463 3161 1530 Die Rolle der Christine (Fredda Börken) hätte etwas mehr!
2037 1500 3161 1572 Natürlichkeit vertragen. Berta Hettler, Juhn und Hofstetter
2034 1546 3159 1616 sekundierten in ihren kleineren Rollen auf's beste; von ihnen
2035 1591 2828 1634 sind wir's ja auch nicht anders gewohnt.
2157 1624 3174 1694 Ueber die Ausstattung soll diesmal der Mantel tiefen
2025 1644 2544 1718 Schweigens gebreitet sein.
2152 1714 3161 1767 „Liebelei ist ein schönes Schauspiel und nachdem
2019 1737 3167 1808 sehr flott gespielt wurde, war es für die Zuhörer ein recht!
2028 1776 2400 1844 vergnügter Abend.
2334 1879 2741 1959 ere Waricht
2736 1890 2900 2000 Joole
1945 2047 2408 2135 Ausschnitt aus:
2372 2087 3111 2197 edeburgische Zeitung
1979 2057 2367 2226 vn 511
2297 2216 2746 2316 Theater
2297 2303 2714 2397 Zentraltheater
2245 2381 2774 2451 Arthur Schnitzler, Liebelel.
2091 2423 2927 2488 (Gastspiel des „Kleinen Theaters“, Berlin.)
1983 2476 3095 2534 Dieses Spiel wird jung bleiben, wenn es auch einmal der
1921 2523 3100 2572 Zeit nach altern sollte. Denn die alltägliche Großstadtgeschichte,
1933 2564 3095 2611 die der Anfänger Schnitzler da zum Schauspiel formte, hat
1927 2598 3094 2643 einen Hauch vom Erlebnis wit auf den Weg bekommen. Und
1930 2639 3100 2691 solche Stücke behalten ihren Duft und Zauber, wenn sie auch
1925 2681 3076 2732 sonst nicht in jeder Linie Wunsch und Vorteil bezwingen. —
1919 2726 3094 2774 Daher auch der Anteil, den „Liebelei“ nach der neuerlichen
1922 2760 3091 2806 Wiederaufnahme in den Spielplan findet. Und der sich auch
1922 2804 3094 2860 auf die Magdeburger Bevölkerung übertrug, wie das stark be¬
1907 2834 2382 2885 suchte Haus belegte. —
1996 2859 3102 2927 Die Wiedergabe hatte die Selbstverständlichkeit einer durch
1907 2909 3086 2969 ofte Wiederholungen gut eingespielten Truppe. Hier „stand“
1917 2948 3099 3002 jeder Ton, jede Bewegung fand den Ausdruck ungezwungenster
1915 2991 3094 3027 Natürlichkeit. Solch abgetöntes, ausgereiftes Spiel ist ja (lei¬
1910 3024 3098 3078 der) nur den Theatern beschieden, die des schnell wechselnden
1919 3068 3103 3134 Spielplans entraten können und so die ganze Kunst aus zin
1906 3095 2673 3156 Werk für lange Zeit zusammenschließen.
1985 3141 3100 3199 Leonore Ehn traf den Ton der schwerblütigen Christine,
1903 3190 3094 3229 die an der ersten Liebe zerbricht, mit all seiner Verliebtheit und
1910 3221 3089 3259 Verschwärmtheit und mit dem endlichen Erkennen einer Wahr¬
1915 3259 3096 3307 heit, die ja auch, wenn der Theaterzufall nicht gar so grausam
1912 3307 3091 3354 spielen wollte, über kurz oder lang hätte durch die niedere
1922 3335 3097 3387 Stubentür treten müssen, lieb, wahr und zum bitteren Ende
1914 3376 3099 3428 ergreifend. Ihre kleine gutmütig=weltkluge Gegenspielerin
1918 3412 3086 3460 (Mia Hellmuth) war ein echtes Weaner Madl, anmutig und
1914 3452 3092 3497 leichtsinnig, lustig und bequem. Die beiden Freunde Fritz und
1906 3492 3094 3534 Theodor (Paul Otto und Julius Falkenstein) gingen
1908 3533 3096 3588 beide vielleicht um einen Ton zu weit, der eine in seiner Zer¬
1906 3579 3095 3628 quältheit, die zu wenig von Jugend an sich hatte, der andere
1909 3605 3091 3663 in seiner leis an den Komiker gemahnenden Art. Mit fried¬
1911 3651 3101 3706 licher Milde und schlichter Natürlichkeit war die Figur des
1904 3692 2783 3743 alten Violinspielers (Emil Marx) gezeichnet.
1981 3718 3081 3769 Der schönste Gewinn des Abends freilich blieb das bis
1907 3765 3109 3820 zum letzten Worte abgeklärte Zusammenspiel. — Der Beifall
2854 3801 3035 3852 E. F.
1897 3801 2188 3866 war verdient.
