<?xml version="1.0" encoding="UTF-8" standalone="yes"?>
<PcGts xmlns="http://schema.primaresearch.org/PAGE/gts/pagecontent/2013-07-15" xmlns:xsi="http://www.w3.org/2001/XMLSchema-instance" xsi:schemaLocation="http://schema.primaresearch.org/PAGE/gts/pagecontent/2013-07-15 http://schema.primaresearch.org/PAGE/gts/pagecontent/2013-07-15/pagecontent.xsd">
    <Metadata>
        <Creator>prov=University of Rostock/Institute of Mathematics/CITlab/Gundram Leifert/gundram.leifert@uni-rostock.de:name=ONB_Newseye_GT_M1+(htr_id=10810)::::v=2.4.2
prov=University of Rostock/Institute of Mathematics/CITlab/Tobias Gruening/tobias.gruening@uni-rostock.de:name=de.uros.citlab.module.baseline2polygon.B2PSeamMultiOriented:v=2.4.2
prov=University of Rostock/Institute of Mathematics/CITlab/Tobias Gruening/tobias.gruening@uni-rostock.de:name=/mnt/transkribus/LA/DEA/URO/LA_news_onb_att.pb:de.uros.citlab.segmentation.CITlab_LA_ML:v=2.4.2
Transkribus</Creator>
        <Created>2019-10-07T12:01:13.503+02:00</Created>
        <LastChange>2019-10-09T16:14:58.879+02:00</LastChange>
        <TranskribusMetadata docId="223992" pageId="9509667" pageNr="1503" tsid="16675767" status="IN_PROGRESS" userId="40391" imgUrl="https://files.transkribus.eu/Get?id=FPQTWKGZJDGSQCMEZINULYBK&amp;fileType=view" xmlUrl="https://files.transkribus.eu/Get?id=HMQKCBQEYZZUAMUJNRKVDTSL" imageId="6198398"/>
    </Metadata>
    <Page imageFilename="223992_1503.jpeg" imageWidth="3484" imageHeight="4224">
        <ReadingOrder>
            <OrderedGroup id="ro_1711446332612" caption="Regions reading order">
                <RegionRefIndexed index="0" regionRef="r1"/>
            </OrderedGroup>
        </ReadingOrder>
        <TextRegion orientation="0.0" id="r1" custom="readingOrder {index:0;}">
            <Coords points="354,210 354,3871 2709,3871 2709,210"/>
            <TextLine id="r1l1" custom="readingOrder {index:0;}">
                <Coords points="606,244 702,245 711,239 717,246 755,246 756,180 723,180 718,175 703,186 679,182 657,188 642,172 607,178"/>
                <Baseline points="616,231 641,233 667,233 693,233 719,233 745,234"/>
                <TextEquiv>
                    <Unicode>lei</Unicode>
                </TextEquiv>
            </TextLine>
            <TextLine id="r1l2" custom="readingOrder {index:1;}">
                <Coords points="356,237 549,244 575,236 574,186 552,187 528,174 486,197 460,180 440,176 423,190 409,177 392,177 366,200 355,200"/>
                <Baseline points="367,235 395,234 423,234 451,233 480,233 508,232 536,231 565,230"/>
                <TextEquiv>
                    <Unicode>Lieb</Unicode>
                </TextEquiv>
            </TextLine>
            <TextLine id="r1l3" custom="readingOrder {index:2;}">
                <Coords points="907,246 995,261 1085,247 1163,268 1275,247 1304,263 1343,242 1344,202 1305,184 1147,182 1098,212 1072,194 972,179 908,196"/>
                <Baseline points="919,235 944,236 970,237 996,238 1022,239 1048,241 1074,241 1100,242 1126,242 1151,243 1177,243 1203,243 1229,243 1255,243 1281,242 1307,241 1333,240"/>
                <TextEquiv>
                    <Unicode>box 13/1</Unicode>
                </TextEquiv>
            </TextLine>
            <TextLine id="r1l4" custom="readingOrder {index:3;}">
                <Coords points="343,278 779,276 779,225 385,232 344,210"/>
                <Baseline points="354,251 379,252 405,253 431,254 457,255 483,255 509,256 535,256 561,257 586,257 612,257 638,257 664,257 690,257 716,256 742,256 768,256"/>
                <TextEquiv>
                    <Unicode>.    S — — </Unicode>
                </TextEquiv>
            </TextLine>
            <TextLine id="r1l5" custom="readingOrder {index:4;}">
                <Coords points="1045,887 1083,874 1093,880 1112,876 1126,863 1149,868 1157,858 1221,865 1246,849 1236,751 1203,754 1187,771 1162,781 1099,767 1082,756 1033,765"/>
                <Baseline points="1053,859 1078,855 1104,851 1130,848 1155,845 1181,843 1207,842 1233,841"/>
                <TextEquiv>
                    <Unicode>60</Unicode>
                </TextEquiv>
            </TextLine>
            <TextLine id="r1l6" custom="readingOrder {index:5;}">
                <Coords points="421,916 1122,934 1123,895 988,859 917,878 810,856 773,875 727,856 703,873 666,853 423,856"/>
                <Baseline points="432,905 466,909 500,912 534,915 568,917 602,919 636,920 670,922 704,922 738,923 772,923 806,923 840,924 874,924 908,923 942,923 976,923 1010,924 1044,924 1078,924 1112,925"/>
                <TextEquiv>
                    <Unicode>125, Mittwoch, 16. März.</Unicode>
                </TextEquiv>
            </TextLine>
            <TextLine id="r1l7" custom="readingOrder {index:6;}">
                <Coords points="2398,938 2418,943 2429,937 2453,957 2466,946 2490,953 2497,947 2554,944 2563,937 2587,940 2588,896 2577,896 2564,885 2557,889 2551,882 2544,887 2531,882 2500,894 2478,881 2400,881"/>
                <Baseline points="2410,939 2437,939 2465,939 2493,940 2520,940 2548,941 2576,943"/>
                <TextEquiv>
                    <Unicode>1927</Unicode>
                </TextEquiv>
            </TextLine>
            <TextLine id="r1l8" custom="readingOrder {index:7;}">
                <Coords points="454,999 1371,1033 1516,1026 1534,978 454,964"/>
                <Baseline points="465,1002 517,1004 570,1006 623,1007 676,1009 729,1010 782,1011 835,1011 888,1012 941,1012 994,1013 1046,1013 1099,1013 1152,1014 1205,1014 1258,1014 1311,1014 1364,1015 1417,1015 1470,1016 1523,1016"/>
                <TextEquiv>
                    <Unicode>bemüht sind. — Der nächste Vortrag am 18. März: „Das</Unicode>
                </TextEquiv>
            </TextLine>
            <TextLine id="r1l9" custom="readingOrder {index:8;}">
                <Coords points="1551,1018 2574,1046 2640,1036 2641,988 1552,992"/>
                <Baseline points="1563,1014 1616,1015 1669,1016 1723,1017 1776,1018 1829,1019 1883,1021 1936,1022 1989,1023 2043,1024 2096,1025 2149,1026 2203,1027 2256,1028 2309,1029 2363,1029 2416,1029 2469,1030 2523,1030 2576,1030 2630,1029"/>
                <TextEquiv>
                    <Unicode>eine ideale Verkörperung der Christine und in manchen</Unicode>
                </TextEquiv>
            </TextLine>
            <TextLine id="r1l10" custom="readingOrder {index:9;}">
                <Coords points="462,1057 1226,1068 1376,1038 1531,1066 1531,1022 463,1002"/>
                <Baseline points="473,1045 525,1046 577,1047 629,1048 682,1049 734,1050 786,1050 839,1051 891,1052 943,1052 996,1052 1048,1053 1100,1053 1152,1053 1205,1053 1257,1054 1309,1054 1362,1054 1414,1054 1466,1054 1519,1054"/>
                <TextEquiv>
                    <Unicode>Flugzeug im Dienste des Nachrichtenwesens" (Prof.</Unicode>
                </TextEquiv>
            </TextLine>
            <TextLine id="r1l11" custom="readingOrder {index:10;}">
                <Coords points="1551,1063 2635,1068 2594,1034 2292,1018 1551,1021"/>
                <Baseline points="1562,1053 1615,1053 1668,1054 1721,1055 1774,1056 1827,1058 1880,1059 1933,1060 1986,1062 2039,1063 2092,1064 2145,1065 2198,1067 2251,1068 2304,1068 2357,1069 2410,1070 2463,1070 2516,1070 2569,1069 2623,1069"/>
                <TextEquiv>
                    <Unicode>stillen Momenten in ihrem Spiel sehr eindrucksvoll, dabei</Unicode>
                </TextEquiv>
            </TextLine>
            <TextLine id="r1l12" custom="readingOrder {index:11;}">
                <Coords points="464,1102 538,1096 582,1099 608,1113 630,1105 643,1114 681,1099 698,1112 726,1113 727,1071 662,1046 631,1061 592,1049 561,1070 546,1061 530,1070 502,1050 491,1060 465,1051"/>
                <Baseline points="474,1083 500,1085 527,1085 554,1086 581,1086 608,1087 635,1087 662,1087 689,1088 716,1089"/>
                <TextEquiv>
                    <Unicode>H. T. Weitz).</Unicode>
                </TextEquiv>
            </TextLine>
            <TextLine id="r1l13" custom="readingOrder {index:12;}">
                <Coords points="1047,1114 1089,1101 1141,1119 1163,1102 1185,1115 1205,1097 1262,1095 1345,1120 1384,1100 1443,1109 1496,1094 1496,1068 1428,1065 1395,1048 1330,1063 1087,1053 1047,1066"/>
                <Baseline points="1059,1092 1084,1091 1109,1091 1134,1091 1159,1091 1184,1091 1209,1092 1234,1092 1259,1092 1284,1092 1309,1092 1334,1093 1359,1093 1384,1093 1409,1093 1434,1092 1459,1092 1484,1091"/>
                <TextEquiv>
                    <Unicode>Hptm. a. D. Schreiber.</Unicode>
                </TextEquiv>
            </TextLine>
            <TextLine id="r1l14" custom="readingOrder {index:13;}">
                <Coords points="1569,1091 2627,1115 2627,1080 2511,1069 1570,1060"/>
                <Baseline points="1579,1089 1630,1091 1682,1092 1734,1094 1786,1095 1838,1097 1889,1099 1941,1100 1993,1101 2045,1102 2097,1104 2148,1105 2200,1106 2252,1107 2304,1107 2356,1108 2407,1108 2459,1108 2511,1108 2563,1108 2615,1108"/>
                <TextEquiv>
                    <Unicode>übersieht man freilich nicht, daß sie bisweilen bewußt in</Unicode>
                </TextEquiv>
            </TextLine>
            <TextLine id="r1l15" custom="readingOrder {index:14;}">
                <Coords points="1563,1136 2634,1142 2634,1107 1563,1101"/>
                <Baseline points="1573,1127 1625,1129 1678,1130 1730,1132 1783,1134 1835,1135 1888,1137 1940,1138 1993,1139 2045,1140 2098,1142 2150,1142 2203,1143 2255,1144 2308,1145 2360,1146 2413,1146 2465,1147 2518,1148 2570,1148 2623,1149"/>
                <TextEquiv>
                    <Unicode>Lieblichkeit macht, zum restlosen Aufgehen in ihrer Rolle</Unicode>
                </TextEquiv>
            </TextLine>
            <TextLine id="r1l16" custom="readingOrder {index:15;}">
                <Coords points="1569,1168 2547,1201 2636,1177 2623,1141 1570,1136"/>
                <Baseline points="1581,1166 1633,1167 1685,1169 1737,1170 1789,1171 1842,1172 1894,1173 1946,1174 1998,1176 2050,1177 2103,1178 2155,1179 2207,1180 2259,1181 2311,1182 2364,1183 2416,1184 2468,1184 2520,1185 2572,1186 2625,1187"/>
                <TextEquiv>
                    <Unicode>reichte ihr Talent doch nicht aus. Ungemein sicher zeichnet</Unicode>
                </TextEquiv>
            </TextLine>
            <TextLine id="r1l17" custom="readingOrder {index:16;}">
                <Coords points="561,1197 1527,1214 1528,1144 1287,1167 562,1147"/>
                <Baseline points="572,1192 619,1195 666,1197 713,1198 761,1200 808,1201 855,1202 902,1203 950,1203 997,1204 1044,1205 1091,1205 1139,1205 1186,1205 1233,1205 1280,1205 1328,1205 1375,1205 1422,1205 1469,1204 1517,1204"/>
                <TextEquiv>
                    <Unicode>— Genfer Automobilausstellung. Auf der soeben</Unicode>
                </TextEquiv>
            </TextLine>
            <TextLine id="r1l18" custom="readingOrder {index:17;}">
                <Coords points="1568,1209 2391,1208 2443,1242 2607,1240 2633,1179 1568,1172"/>
                <Baseline points="1579,1206 1631,1207 1683,1208 1735,1209 1787,1210 1839,1211 1891,1212 1943,1213 1995,1214 2047,1215 2100,1216 2152,1217 2204,1218 2256,1219 2308,1220 2360,1221 2412,1221 2464,1222 2516,1222 2568,1222 2621,1221"/>
                <TextEquiv>
                    <Unicode>Hilde Maroff Christines Freundin Mizzi. Famos in</Unicode>
                </TextEquiv>
            </TextLine>
            <TextLine id="r1l19" custom="readingOrder {index:18;}">
                <Coords points="448,1244 1535,1256 1535,1212 804,1219 449,1181"/>
                <Baseline points="459,1235 512,1235 565,1236 618,1236 672,1237 725,1238 778,1239 831,1240 885,1242 938,1243 991,1244 1044,1245 1098,1246 1151,1247 1204,1248 1257,1248 1311,1248 1364,1248 1417,1248 1470,1247 1524,1245"/>
                <TextEquiv>
                    <Unicode>eröffneten Genfer Automobilausstellung ist die deutsche</Unicode>
                </TextEquiv>
            </TextLine>
            <TextLine id="r1l20" custom="readingOrder {index:19;}">
                <Coords points="1556,1245 2627,1274 2627,1239 2562,1219 2443,1241 2391,1208 1557,1212"/>
                <Baseline points="1568,1243 1620,1245 1672,1246 1725,1248 1777,1250 1829,1251 1882,1252 1934,1254 1986,1255 2039,1256 2091,1256 2143,1257 2196,1257 2248,1258 2300,1258 2353,1258 2405,1258 2457,1258 2510,1258 2562,1257 2615,1256"/>
                <TextEquiv>
                    <Unicode>der Maske Jaro Fuerth als Christines Vater. Pracht¬</Unicode>
                </TextEquiv>
            </TextLine>
            <TextLine id="r1l21" custom="readingOrder {index:20;}">
                <Coords points="447,1277 1511,1300 1532,1239 447,1244"/>
                <Baseline points="459,1273 512,1273 565,1274 618,1275 671,1276 724,1278 777,1279 830,1281 883,1282 936,1284 989,1285 1042,1286 1095,1287 1148,1288 1201,1288 1254,1288 1307,1288 1360,1288 1413,1287 1466,1285 1520,1283"/>
                <TextEquiv>
                    <Unicode>Automobilindustrie durch Opel, Horch, Wanderer</Unicode>
                </TextEquiv>
            </TextLine>
            <TextLine id="r1l22" custom="readingOrder {index:21;}">
                <Coords points="1564,1293 2604,1306 2633,1262 1564,1247"/>
                <Baseline points="1574,1279 1626,1282 1678,1284 1731,1286 1783,1288 1836,1289 1888,1290 1940,1291 1993,1292 2045,1292 2098,1293 2150,1293 2202,1293 2255,1294 2307,1294 2360,1294 2412,1294 2464,1294 2517,1294 2569,1295 2622,1295"/>
                <TextEquiv>
                    <Unicode>voll auch in der kleinsten Einzelheit ihres Spiels Vivian</Unicode>
                </TextEquiv>
            </TextLine>
            <TextLine id="r1l23" custom="readingOrder {index:22;}">
                <Coords points="462,1319 1533,1333 1534,1282 1087,1304 463,1277"/>
                <Baseline points="473,1312 525,1312 577,1312 630,1313 682,1313 735,1314 787,1315 840,1317 892,1318 945,1319 997,1321 1049,1322 1102,1323 1154,1324 1207,1325 1259,1325 1312,1325 1364,1325 1417,1324 1469,1323 1522,1321"/>
                <TextEquiv>
                    <Unicode>und Daimler=Benz vertreten. Personenwagen haben</Unicode>
                </TextEquiv>
            </TextLine>
            <TextLine id="r1l24" custom="readingOrder {index:23;}">
                <Coords points="1563,1331 2623,1347 2624,1303 1564,1283"/>
                <Baseline points="1574,1317 1625,1319 1677,1321 1729,1323 1781,1324 1833,1326 1885,1327 1937,1328 1989,1329 2041,1330 2093,1330 2144,1331 2196,1331 2248,1332 2300,1332 2352,1333 2404,1333 2456,1333 2508,1334 2560,1334 2612,1335"/>
                <TextEquiv>
                    <Unicode>Gibson als mondäne Frau. Louis Lerch, Henry</Unicode>
                </TextEquiv>
            </TextLine>
            <TextLine id="r1l25" custom="readingOrder {index:24;}">
                <Coords points="453,1372 1156,1378 1298,1347 1500,1371 1535,1369 1535,1323 453,1330"/>
                <Baseline points="465,1353 520,1353 576,1353 632,1353 687,1354 743,1355 799,1356 855,1357 910,1358 966,1359 1022,1360 1078,1361 1133,1361 1189,1362 1245,1362 1301,1363 1356,1363 1412,1363 1468,1362 1524,1361"/>
                <TextEquiv>
                    <Unicode>26 französische Firmen, 28 amerikanische, 9 italienische,</Unicode>
                </TextEquiv>
            </TextLine>
            <TextLine id="r1l26" custom="readingOrder {index:25;}">
                <Coords points="1561,1360 2637,1370 2637,1335 1562,1334"/>
                <Baseline points="1573,1355 1625,1356 1678,1358 1730,1360 1783,1361 1836,1363 1888,1364 1941,1365 1994,1366 2046,1366 2099,1367 2152,1368 2204,1368 2257,1368 2310,1368 2362,1368 2415,1368 2468,1368 2520,1368 2573,1368 2626,1367"/>
                <TextEquiv>
                    <Unicode>Stuart, Robert Scholz und Karl Platen vervoll¬</Unicode>
                </TextEquiv>
            </TextLine>
            <TextLine id="r1l27" custom="readingOrder {index:26;}">
                <Coords points="451,1404 1544,1398 1525,1365 1255,1350 451,1374"/>
                <Baseline points="463,1392 516,1392 570,1392 623,1392 677,1393 730,1394 784,1394 837,1395 891,1396 944,1396 998,1397 1052,1397 1105,1398 1159,1398 1212,1399 1266,1399 1319,1398 1373,1398 1426,1397 1480,1396 1534,1395"/>
                <TextEquiv>
                    <Unicode>4 englische, 2 belgische, 2 schweizerische ausgestellt. Für die</Unicode>
                </TextEquiv>
            </TextLine>
            <TextLine id="r1l28" custom="readingOrder {index:27;}">
                <Coords points="1559,1408 2604,1422 2631,1363 1560,1357"/>
                <Baseline points="1570,1396 1622,1398 1675,1399 1727,1400 1780,1401 1832,1402 1885,1403 1937,1403 1990,1404 2042,1404 2095,1404 2147,1405 2200,1405 2252,1405 2305,1406 2357,1406 2410,1406 2462,1407 2515,1407 2567,1408 2620,1408"/>
                <TextEquiv>
                    <Unicode>ständigen das Ensemble. Besonders erwähnt sei noch die</Unicode>
                </TextEquiv>
            </TextLine>
            <TextLine id="r1l29" custom="readingOrder {index:28;}">
                <Coords points="448,1426 1535,1447 1535,1414 1445,1398 449,1394"/>
                <Baseline points="459,1427 512,1428 565,1430 618,1431 671,1432 725,1433 778,1433 831,1434 884,1435 937,1435 991,1436 1044,1436 1097,1437 1150,1437 1203,1438 1257,1438 1310,1438 1363,1439 1416,1439 1469,1440 1523,1440"/>
                <TextEquiv>
                    <Unicode>deutschen Wagen zeigt sich ein auffallend starkes Interesse,</Unicode>
                </TextEquiv>
            </TextLine>
            <TextLine id="r1l30" custom="readingOrder {index:29;}">
                <Coords points="1558,1446 2636,1456 2610,1403 1559,1400"/>
                <Baseline points="1570,1434 1622,1435 1675,1437 1728,1437 1780,1438 1833,1440 1886,1441 1938,1442 1991,1443 2044,1443 2097,1444 2149,1445 2202,1446 2255,1446 2307,1446 2360,1447 2413,1447 2465,1446 2518,1446 2571,1445 2624,1444"/>
                <TextEquiv>
                    <Unicode>gediegene Ausstattung. Mit dem Manuskript leistete das</Unicode>
                </TextEquiv>
            </TextLine>
            <TextLine id="r1l31" custom="readingOrder {index:30;}">
                <Coords points="453,1465 1473,1490 1535,1453 453,1423"/>
                <Baseline points="463,1465 516,1467 569,1468 622,1469 675,1470 728,1471 781,1472 834,1473 887,1473 940,1474 993,1474 1046,1475 1099,1475 1152,1475 1205,1476 1258,1476 1311,1476 1364,1476 1417,1476 1470,1476 1523,1476"/>
                <TextEquiv>
                    <Unicode>während die Konkurrenzfähigkeit der französischen In¬</Unicode>
                </TextEquiv>
            </TextLine>
            <TextLine id="r1l32" custom="readingOrder {index:31;}">
                <Coords points="1561,1470 2719,1505 2720,1439 2685,1430 2610,1466 1562,1428"/>
                <Baseline points="1572,1470 1628,1472 1685,1474 1742,1476 1799,1477 1856,1478 1913,1479 1969,1480 2026,1480 2083,1480 2140,1481 2197,1481 2254,1482 2311,1482 2367,1483 2424,1484 2481,1485 2538,1487 2595,1488 2652,1491 2709,1494"/>
                <TextEquiv>
                    <Unicode>Autorenpaar Herbert Juttke und Georg C. Klaren</Unicode>
                </TextEquiv>
            </TextLine>
            <TextLine id="r1l33" custom="readingOrder {index:32;}">
                <Coords points="453,1519 1535,1505 1531,1472 1178,1497 1100,1467 453,1471"/>
                <Baseline points="463,1502 516,1503 569,1504 622,1505 675,1506 728,1507 781,1508 834,1509 887,1510 940,1511 993,1512 1046,1512 1099,1513 1152,1514 1205,1514 1258,1514 1311,1515 1364,1514 1417,1514 1470,1513 1524,1513"/>
                <TextEquiv>
                    <Unicode>dustrie nachgelossen zu haben scheint. Besonders in der</Unicode>
                </TextEquiv>
            </TextLine>
            <TextLine id="r1l34" custom="readingOrder {index:33;}">
                <Coords points="1558,1528 1771,1532 1813,1519 1834,1535 1881,1516 1896,1529 2003,1529 2025,1521 2026,1492 1820,1487 1805,1473 1789,1486 1599,1483 1559,1469"/>
                <Baseline points="1570,1511 1596,1511 1622,1511 1648,1511 1674,1512 1700,1512 1726,1513 1752,1513 1778,1514 1805,1514 1831,1515 1857,1515 1883,1516 1909,1516 1935,1516 1961,1517 1987,1517 2014,1517"/>
                <TextEquiv>
                    <Unicode>seine bisher beste Arbeit.</Unicode>
                </TextEquiv>
            </TextLine>
            <TextLine id="r1l35" custom="readingOrder {index:34;}">
                <Coords points="2392,1545 2423,1549 2431,1540 2455,1544 2464,1535 2499,1535 2538,1521 2552,1523 2551,1492 2520,1495 2492,1487 2466,1496 2452,1487 2391,1490"/>
                <Baseline points="2403,1521 2430,1522 2457,1521 2485,1521 2512,1520 2540,1520"/>
                <TextEquiv>
                    <Unicode>F. O.</Unicode>
                </TextEquiv>
            </TextLine>
            <TextLine id="r1l36" custom="readingOrder {index:35;}">
                <Coords points="451,1547 1384,1564 1537,1559 1538,1520 452,1499"/>
                <Baseline points="461,1541 514,1541 567,1542 620,1543 674,1544 727,1545 780,1545 833,1546 887,1547 940,1548 993,1549 1046,1549 1100,1550 1153,1551 1206,1551 1259,1551 1313,1552 1366,1552 1419,1552 1472,1551 1526,1551"/>
                <TextEquiv>
                    <Unicode>Mittelklasse wurde 8/88 PS. Mercedes=Benzwagen viel</Unicode>
                </TextEquiv>
            </TextLine>
            <TextLine id="r1l37" custom="readingOrder {index:36;}">
                <Coords points="452,1597 1532,1595 1532,1558 1425,1548 452,1556"/>
                <Baseline points="464,1581 516,1582 569,1582 622,1582 675,1583 728,1583 780,1583 833,1584 886,1584 939,1585 992,1585 1044,1586 1097,1586 1150,1587 1203,1587 1256,1587 1308,1587 1361,1587 1414,1587 1467,1587 1520,1586"/>
                <TextEquiv>
                    <Unicode>beachtet. Die Horch=Werke halten, der allgemeinen Ansicht</Unicode>
                </TextEquiv>
            </TextLine>
            <TextLine id="r1l38" custom="readingOrder {index:37;}">
                <Coords points="1835,1621 1908,1619 1925,1602 2324,1609 2324,1576 2259,1555 2136,1550 2114,1563 2088,1551 2009,1568 1983,1550 1836,1557"/>
                <Baseline points="1846,1594 1871,1594 1897,1595 1923,1596 1949,1596 1975,1596 2001,1597 2027,1597 2053,1597 2079,1597 2104,1598 2130,1598 2156,1598 2182,1598 2208,1599 2234,1599 2260,1599 2286,1599 2312,1599"/>
                <TextEquiv>
                    <Unicode>Die Nacht der Liebe.</Unicode>
                </TextEquiv>
            </TextLine>
            <TextLine id="r1l39" custom="readingOrder {index:38;}">
                <Coords points="453,1631 1521,1640 1544,1610 453,1594"/>
                <Baseline points="463,1618 516,1618 569,1619 623,1619 676,1620 730,1620 783,1621 837,1621 890,1622 944,1622 997,1623 1050,1623 1104,1624 1157,1624 1211,1624 1264,1625 1318,1625 1371,1626 1425,1626 1478,1626 1532,1627"/>
                <TextEquiv>
                    <Unicode>nach, mit ihren neuen Achtzylinder den Vergleich mit den</Unicode>
                </TextEquiv>
            </TextLine>
            <TextLine id="r1l40" custom="readingOrder {index:39;}">
                <Coords points="1950,1651 1994,1658 2016,1647 2060,1654 2075,1646 2097,1657 2123,1646 2134,1657 2150,1651 2185,1658 2215,1649 2216,1630 2179,1603 2159,1611 2139,1607 2128,1618 2080,1602 2056,1617 2025,1606 1977,1612 1951,1603"/>
                <Baseline points="1961,1644 1988,1645 2015,1646 2042,1646 2069,1645 2096,1645 2123,1645 2150,1646 2177,1647 2204,1649"/>
                <TextEquiv>
                    <Unicode>(Cavitol.)</Unicode>
                </TextEquiv>
            </TextLine>
            <TextLine id="r1l41" custom="readingOrder {index:40;}">
                <Coords points="453,1649 1403,1684 1541,1668 1542,1638 453,1627"/>
                <Baseline points="465,1656 518,1656 571,1657 624,1657 678,1658 731,1659 784,1660 838,1661 891,1661 944,1662 998,1663 1051,1664 1104,1664 1157,1665 1211,1665 1264,1665 1317,1665 1371,1665 1424,1665 1477,1664 1531,1663"/>
                <TextEquiv>
                    <Unicode>führenden amerikanischen Wagen dieser Klasse sowohl hin¬</Unicode>
                </TextEquiv>
            </TextLine>
            <TextLine id="r1l42" custom="readingOrder {index:41;}">
                <Coords points="1624,1693 2601,1709 2628,1663 2523,1636 2413,1661 2264,1633 2170,1659 1907,1630 1625,1651"/>
                <Baseline points="1636,1685 1685,1687 1734,1688 1783,1690 1832,1691 1881,1692 1930,1692 1979,1692 2028,1693 2077,1693 2126,1693 2175,1693 2224,1693 2273,1693 2322,1694 2371,1694 2420,1695 2469,1695 2518,1697 2567,1697 2617,1699"/>
                <TextEquiv>
                    <Unicode>Dieser historische Film bestätigt wieder einmal, daß</Unicode>
                </TextEquiv>
            </TextLine>
            <TextLine id="r1l43" custom="readingOrder {index:42;}">
                <Coords points="451,1707 1522,1717 1522,1665 452,1654"/>
                <Baseline points="462,1695 514,1695 567,1695 619,1696 672,1696 724,1697 777,1698 829,1699 882,1700 934,1701 987,1702 1039,1703 1092,1703 1144,1704 1197,1705 1249,1705 1302,1705 1354,1705 1407,1705 1459,1704 1512,1703"/>
                <TextEquiv>
                    <Unicode>sichtlich der Qualitöt als auch des Preises vollauf. Auch</Unicode>
                </TextEquiv>
            </TextLine>
            <TextLine id="r1l44" custom="readingOrder {index:43;}">
                <Coords points="1549,1730 2624,1739 2624,1700 1696,1699 1549,1666"/>
                <Baseline points="1560,1716 1612,1719 1665,1722 1717,1725 1770,1727 1823,1728 1875,1729 1928,1730 1981,1731 2033,1731 2086,1731 2139,1731 2191,1731 2244,1731 2297,1731 2349,1731 2402,1732 2455,1733 2507,1733 2560,1735 2613,1736"/>
                <TextEquiv>
                    <Unicode>die Amerikaner auf einem Geschmacksniveau stehen, wohin</Unicode>
                </TextEquiv>
            </TextLine>
            <TextLine id="r1l45" custom="readingOrder {index:44;}">
                <Coords points="453,1742 1533,1746 1533,1705 453,1702"/>
                <Baseline points="464,1734 516,1735 569,1736 622,1736 675,1737 728,1738 781,1738 834,1739 887,1740 940,1740 993,1741 1045,1741 1098,1742 1151,1742 1204,1742 1257,1742 1310,1742 1363,1741 1416,1741 1469,1740 1522,1739"/>
                <TextEquiv>
                    <Unicode>für Opel und Wanderer scheinen sich die Absatzaussichten</Unicode>
                </TextEquiv>
            </TextLine>
            <TextLine id="r1l46" custom="readingOrder {index:45;}">
                <Coords points="1555,1769 2414,1789 2624,1765 2624,1732 1556,1726"/>
                <Baseline points="1566,1754 1618,1758 1670,1762 1723,1764 1775,1766 1827,1768 1880,1769 1932,1770 1984,1771 2037,1771 2089,1771 2141,1771 2194,1771 2246,1771 2298,1771 2351,1770 2403,1770 2455,1770 2508,1770 2560,1770 2613,1771"/>
                <TextEquiv>
                    <Unicode>wir ihnen nicht mehr zu folgen vermögen. Nach Motiven</Unicode>
                </TextEquiv>
            </TextLine>
            <TextLine id="r1l47" custom="readingOrder {index:46;}">
                <Coords points="453,1790 1526,1790 1526,1747 1493,1744 453,1727"/>
                <Baseline points="464,1771 516,1773 569,1774 621,1775 674,1776 726,1777 779,1778 831,1779 884,1779 936,1780 989,1780 1042,1781 1094,1781 1147,1781 1199,1781 1252,1781 1304,1780 1357,1780 1409,1779 1462,1779 1515,1778"/>
                <TextEquiv>
                    <Unicode>auf dem schweizerischen Markt ganz beträchtlich verbessert</Unicode>
                </TextEquiv>
            </TextLine>
            <TextLine id="r1l48" custom="readingOrder {index:47;}">
                <Coords points="1553,1797 2622,1810 2622,1777 2480,1771 1553,1771"/>
                <Baseline points="1564,1793 1616,1797 1668,1799 1721,1802 1773,1803 1825,1805 1878,1806 1930,1807 1982,1808 2035,1808 2087,1808 2139,1809 2192,1809 2244,1809 2296,1809 2349,1809 2401,1809 2453,1809 2506,1810 2558,1810 2611,1812"/>
                <TextEquiv>
                    <Unicode>von Calderon ist eine kindlich naive Handlung entstanden</Unicode>
                </TextEquiv>
            </TextLine>
            <TextLine id="r1l49" custom="readingOrder {index:48;}">
                <Coords points="455,1828 1500,1832 1533,1828 1533,1786 455,1787"/>
                <Baseline points="466,1809 518,1811 571,1814 624,1815 677,1816 730,1817 782,1818 835,1818 888,1818 941,1818 994,1818 1046,1817 1099,1817 1152,1817 1205,1817 1258,1816 1310,1816 1363,1817 1416,1817 1469,1818 1522,1819"/>
                <TextEquiv>
                    <Unicode>zu haben Auch der schweizerische Markt für Motorräder,</Unicode>
                </TextEquiv>
            </TextLine>
            <TextLine id="r1l50" custom="readingOrder {index:49;}">
                <Coords points="1558,1840 2316,1859 2366,1831 2624,1862 2625,1814 1558,1805"/>
                <Baseline points="1570,1832 1622,1835 1674,1837 1726,1839 1778,1841 1830,1842 1882,1843 1935,1844 1987,1845 2039,1845 2091,1846 2143,1846 2195,1846 2247,1846 2300,1846 2352,1846 2404,1846 2456,1846 2508,1846 2560,1846 2613,1846"/>
                <TextEquiv>
                    <Unicode>von einem adligen Schuft und einem edelmütigen</Unicode>
                </TextEquiv>
            </TextLine>
            <TextLine id="r1l51" custom="readingOrder {index:50;}">
                <Coords points="458,1859 1538,1867 1538,1821 458,1826"/>
                <Baseline points="470,1843 522,1846 575,1849 628,1850 681,1852 734,1853 786,1854 839,1855 892,1856 945,1856 998,1856 1050,1856 1103,1856 1156,1856 1209,1856 1262,1856 1314,1856 1367,1856 1420,1857 1473,1857 1526,1858"/>
                <TextEquiv>
                    <Unicode>auf dem England immer noch den ersten Platz einnimmt,</Unicode>
                </TextEquiv>
            </TextLine>
            <TextLine id="r1l52" custom="readingOrder {index:51;}">
                <Coords points="1550,1879 2536,1898 2634,1881 2635,1840 1551,1839"/>
                <Baseline points="1562,1873 1615,1874 1668,1875 1721,1877 1774,1878 1827,1879 1880,1880 1933,1881 1986,1882 2039,1883 2092,1884 2145,1884 2198,1885 2251,1885 2304,1885 2357,1885 2410,1884 2463,1883 2516,1882 2569,1881 2623,1879"/>
                <TextEquiv>
                    <Unicode>Zigeuner, man weiß ja schon zur Genüge, was für schreck¬</Unicode>
                </TextEquiv>
            </TextLine>
            <TextLine id="r1l53" custom="readingOrder {index:52;}">
                <Coords points="445,1883 1518,1922 1534,1852 445,1848"/>
                <Baseline points="456,1884 509,1886 562,1888 615,1889 669,1890 722,1891 775,1892 829,1892 882,1893 935,1893 989,1893 1042,1893 1095,1893 1148,1894 1202,1894 1255,1894 1308,1894 1362,1894 1415,1895 1468,1895 1522,1896"/>
                <TextEquiv>
                    <Unicode>dürfte nach dem Eindruck der Ausstellung in Zukunft der</Unicode>
                </TextEquiv>
            </TextLine>
            <TextLine id="r1l54" custom="readingOrder {index:53;}">
                <Coords points="1545,1929 2636,1922 2619,1878 1546,1876"/>
                <Baseline points="1556,1910 1609,1912 1662,1914 1716,1915 1769,1916 1823,1918 1876,1919 1929,1919 1983,1920 2036,1920 2090,1921 2143,1921 2196,1921 2250,1921 2303,1922 2357,1922 2410,1922 2463,1922 2517,1922 2570,1922 2624,1923"/>
                <TextEquiv>
                    <Unicode>liche Dinge ein amerikanisches Filmehepaar über sich er¬</Unicode>
                </TextEquiv>
            </TextLine>
            <TextLine id="r1l55" custom="readingOrder {index:54;}">
                <Coords points="447,1946 927,1957 953,1933 1054,1959 1153,1934 1264,1959 1339,1934 1339,1901 1228,1891 448,1883"/>
                <Baseline points="459,1922 502,1923 545,1924 589,1926 632,1927 676,1928 719,1929 763,1930 806,1930 850,1931 893,1932 936,1932 980,1932 1023,1933 1067,1933 1110,1933 1154,1933 1197,1934 1241,1934 1284,1934 1328,1934"/>
                <TextEquiv>
                    <Unicode>deutschen Inkustrie ein gutes Absatzfeld bieten.</Unicode>
                </TextEquiv>
            </TextLine>
            <TextLine id="r1l56" custom="readingOrder {index:55;}">
                <Coords points="1559,1949 2227,1974 2623,1946 2536,1919 1559,1916"/>
                <Baseline points="1570,1949 1622,1950 1674,1951 1726,1953 1778,1953 1830,1954 1882,1955 1935,1955 1987,1956 2039,1956 2091,1957 2143,1957 2195,1958 2247,1958 2300,1958 2352,1958 2404,1958 2456,1958 2508,1958 2560,1958 2613,1958"/>
                <TextEquiv>
                    <Unicode>gehen lassen muß, bis es endlich glücklich vereint wird und</Unicode>
                </TextEquiv>
            </TextLine>
            <TextLine id="r1l57" custom="readingOrder {index:56;}">
                <Coords points="1558,1990 2624,1997 2526,1955 1558,1949"/>
                <Baseline points="1568,1981 1620,1984 1672,1986 1724,1988 1777,1990 1829,1991 1881,1992 1933,1993 1986,1993 2038,1994 2090,1994 2142,1994 2195,1994 2247,1994 2299,1994 2351,1995 2404,1995 2456,1995 2508,1996 2560,1996 2613,1997"/>
                <TextEquiv>
                    <Unicode>der böse Intrigant die wohlverdiente Strafe erhält. Hier</Unicode>
                </TextEquiv>
            </TextLine>
            <TextLine id="r1l58" custom="readingOrder {index:57;}">
                <Coords points="585,1999 1461,2015 1537,1994 1538,1961 585,1958"/>
                <Baseline points="595,1994 641,1994 688,1994 734,1995 781,1995 827,1996 874,1996 920,1997 967,1997 1013,1998 1060,1998 1107,1998 1153,1998 1200,1998 1246,1998 1293,1998 1339,1998 1386,1997 1432,1997 1479,1996 1526,1995"/>
                <TextEquiv>
                    <Unicode>Frhr. v. Reitzenstein 70 Jahre. Der Vor¬</Unicode>
                </TextEquiv>
            </TextLine>
            <TextLine id="r1l59" custom="readingOrder {index:58;}">
                <Coords points="1554,2042 2630,2047 2630,1990 1555,1992"/>
                <Baseline points="1566,2023 1618,2024 1671,2026 1723,2027 1776,2028 1829,2029 1881,2030 1934,2031 1986,2031 2039,2032 2092,2032 2144,2032 2197,2033 2249,2033 2302,2033 2355,2033 2407,2033 2460,2033 2512,2033 2565,2034 2618,2034"/>
                <TextEquiv>
                    <Unicode>haben wir es mit einer sehr klischeemäßig und absolut</Unicode>
                </TextEquiv>
            </TextLine>
            <TextLine id="r1l60" custom="readingOrder {index:59;}">
                <Coords points="453,2032 1526,2044 1526,1998 453,1988"/>
                <Baseline points="463,2027 515,2029 568,2031 620,2032 673,2033 725,2035 778,2036 830,2037 883,2037 935,2038 988,2039 1041,2039 1093,2039 1146,2040 1198,2039 1251,2039 1303,2039 1356,2038 1408,2037 1461,2036 1514,2035"/>
                <TextEquiv>
                    <Unicode>sitzende des Strausberger Renn=Vereins,</Unicode>
                </TextEquiv>
            </TextLine>
            <TextLine id="r1l61" custom="readingOrder {index:60;}">
                <Coords points="1553,2061 2574,2078 2626,2069 2627,2030 1554,2032"/>
                <Baseline points="1564,2061 1616,2062 1669,2063 1721,2064 1774,2065 1827,2066 1879,2067 1932,2067 1984,2068 2037,2068 2090,2068 2142,2069 2195,2069 2247,2069 2300,2069 2353,2069 2405,2070 2458,2070 2510,2070 2563,2071 2616,2071"/>
                <TextEquiv>
                    <Unicode>unnafürlich wirkenden Variation dieses bekannten ameri¬</Unicode>
                </TextEquiv>
            </TextLine>
            <TextLine id="r1l62" custom="readingOrder {index:61;}">
                <Coords points="454,2076 1472,2093 1536,2047 454,2034"/>
                <Baseline points="464,2066 517,2068 570,2069 623,2071 676,2072 729,2073 782,2075 835,2075 888,2077 941,2077 994,2078 1047,2079 1100,2079 1153,2079 1206,2079 1259,2079 1312,2078 1365,2077 1418,2076 1471,2075 1524,2073"/>
                <TextEquiv>
                    <Unicode>Frhr. v. Reitzenstein, feiert am 17. März seinen</Unicode>
                </TextEquiv>
            </TextLine>
            <TextLine id="r1l63" custom="readingOrder {index:62;}">
                <Coords points="1544,2103 2632,2133 2610,2067 1544,2070"/>
                <Baseline points="1554,2099 1607,2100 1660,2101 1714,2102 1767,2103 1821,2103 1874,2104 1927,2104 1981,2105 2034,2105 2088,2106 2141,2106 2194,2106 2248,2107 2301,2107 2355,2107 2408,2107 2461,2107 2515,2107 2568,2108 2622,2108"/>
                <TextEquiv>
                    <Unicode>kanischen Schemas zu tun, kaum denkbar, daß dergleichen.</Unicode>
                </TextEquiv>
            </TextLine>
            <TextLine id="r1l64" custom="readingOrder {index:63;}">
                <Coords points="450,2094 1063,2130 1534,2113 1535,2071 777,2093 451,2063"/>
                <Baseline points="462,2103 515,2105 568,2106 621,2107 674,2109 727,2110 780,2112 833,2113 886,2114 939,2115 993,2116 1046,2116 1099,2117 1152,2117 1205,2117 1258,2117 1311,2116 1364,2115 1417,2114 1470,2113 1524,2111"/>
                <TextEquiv>
                    <Unicode>70. Geburtstag. Frhr. v. Reitzenstein, noch einer der</Unicode>
                </TextEquiv>
            </TextLine>
            <TextLine id="r1l65" custom="readingOrder {index:64;}">
                <Coords points="1552,2141 2621,2159 2621,2120 2553,2110 1552,2108"/>
                <Baseline points="1564,2137 1616,2138 1668,2139 1720,2140 1773,2141 1825,2142 1877,2142 1929,2142 1982,2143 2034,2143 2086,2143 2138,2143 2191,2143 2243,2143 2295,2143 2347,2143 2400,2144 2452,2144 2504,2145 2556,2146 2609,2147"/>
                <TextEquiv>
                    <Unicode>ein deutsches Kinopublikum irgendwie inperlich zu be¬</Unicode>
                </TextEquiv>
            </TextLine>
            <TextLine id="r1l66" custom="readingOrder {index:65;}">
                <Coords points="457,2147 1537,2162 1537,2120 1439,2106 458,2099"/>
                <Baseline points="469,2141 521,2142 574,2143 627,2144 680,2145 733,2146 786,2148 838,2149 891,2150 944,2151 997,2152 1050,2153 1103,2154 1156,2154 1208,2154 1261,2154 1314,2154 1367,2154 1420,2152 1473,2151 1526,2149"/>
                <TextEquiv>
                    <Unicode>Sportsmen aus der alten Schule, war als junger Offizier</Unicode>
                </TextEquiv>
            </TextLine>
            <TextLine id="r1l67" custom="readingOrder {index:66;}">
                <Coords points="1553,2177 2626,2193 2626,2147 2536,2142 1553,2156"/>
                <Baseline points="1564,2173 1616,2175 1669,2176 1721,2177 1774,2178 1826,2179 1879,2180 1931,2180 1984,2181 2036,2181 2089,2181 2142,2182 2194,2182 2247,2182 2299,2182 2352,2182 2404,2181 2457,2181 2509,2181 2562,2181 2615,2181"/>
                <TextEquiv>
                    <Unicode>rühren vermag, auch die prunivollen ######nszenen werden</Unicode>
                </TextEquiv>
            </TextLine>
            <TextLine id="r1l68" custom="readingOrder {index:67;}">
                <Coords points="450,2188 1536,2194 1512,2157 450,2142"/>
                <Baseline points="461,2181 514,2182 567,2183 620,2184 673,2185 726,2185 779,2186 833,2187 886,2187 939,2188 992,2189 1045,2190 1098,2190 1151,2191 1205,2191 1258,2191 1311,2191 1364,2191 1417,2191 1470,2191 1524,2190"/>
                <TextEquiv>
                    <Unicode>ein ausgezeichneter Rennreiter, der von 400 Ritten 180 zu</Unicode>
                </TextEquiv>
            </TextLine>
            <TextLine id="r1l69" custom="readingOrder {index:68;}">
                <Coords points="1555,2220 2107,2233 2265,2205 2552,2234 2639,2228 2640,2173 1556,2176"/>
                <Baseline points="1566,2210 1619,2212 1672,2213 1725,2215 1778,2216 1831,2217 1884,2217 1937,2218 1990,2218 2043,2218 2097,2218 2150,2219 2203,2219 2256,2219 2309,2219 2362,2219 2415,2219 2468,2219 2521,2219 2574,2220 2628,2220"/>
                <TextEquiv>
                    <Unicode>daran wohl nichts ändern können, #berreiche äußere</Unicode>
                </TextEquiv>
            </TextLine>
            <TextLine id="r1l70" custom="readingOrder {index:69;}">
                <Coords points="457,2225 1497,2241 1536,2235 1537,2196 457,2186"/>
                <Baseline points="467,2219 522,2220 578,2221 634,2222 689,2223 745,2223 801,2224 857,2224 912,2225 968,2226 1024,2226 1080,2227 1135,2227 1191,2228 1247,2228 1303,2228 1358,2228 1414,2229 1470,2229 1526,2229"/>
                <TextEquiv>
                    <Unicode>Siegen gestalten konnte#ad auch wiederholt Gastspiele in</Unicode>
                </TextEquiv>
            </TextLine>
            <TextLine id="r1l71" custom="readingOrder {index:70;}">
                <Coords points="1558,2254 2296,2275 2636,2246 1559,2219"/>
                <Baseline points="1569,2248 1621,2250 1674,2252 1727,2253 1780,2254 1833,2255 1886,2256 1938,2256 1991,2256 2044,2257 2097,2257 2150,2257 2203,2257 2256,2257 2308,2257 2361,2257 2414,2257 2467,2258 2520,2258 2573,2259 2626,2259"/>
                <TextEquiv>
                    <Unicode>Aufwand steht wieder mal im denk### schroffsten Gegen</Unicode>
                </TextEquiv>
            </TextLine>
            <TextLine id="r1l72" custom="readingOrder {index:71;}">
                <Coords points="460,2268 1527,2284 1527,2243 1488,2233 461,2225"/>
                <Baseline points="471,2260 523,2260 575,2260 627,2260 680,2261 732,2261 784,2262 836,2262 889,2263 941,2264 993,2264 1045,2265 1098,2266 1150,2266 1202,2266 1254,2267 1307,2267 1359,2267 1411,2267 1463,2267 1516,2266"/>
                <TextEquiv>
                    <Unicode>der damaligen österreich=ungarischen Monarchie absolvierte,</Unicode>
                </TextEquiv>
            </TextLine>
            <TextLine id="r1l73" custom="readingOrder {index:72;}">
                <Coords points="1552,2302 2616,2304 2616,2273 2529,2253 1552,2256"/>
                <Baseline points="1562,2289 1614,2290 1666,2292 1718,2292 1770,2293 1823,2293 1875,2294 1927,2294 1979,2294 2031,2294 2084,2294 2136,2294 2188,2294 2240,2294 2292,2294 2345,2294 2397,2294 2449,2295 2501,2295 2553,2296 2606,2296"/>
                <TextEquiv>
                    <Unicode>satz zu dem kläglich geringen Aufwand an Geist. Nux</Unicode>
                </TextEquiv>
            </TextLine>
            <TextLine id="r1l74" custom="readingOrder {index:73;}">
                <Coords points="451,2320 1529,2313 1505,2271 452,2274"/>
                <Baseline points="462,2297 514,2298 567,2298 620,2299 673,2300 726,2300 779,2300 831,2301 884,2301 937,2302 990,2302 1043,2303 1096,2303 1149,2303 1201,2304 1254,2304 1307,2304 1360,2304 1413,2305 1466,2305 1519,2305"/>
                <TextEquiv>
                    <Unicode>wo er u. a. dreimal die Große Preßburger Steeple=Chase</Unicode>
                </TextEquiv>
            </TextLine>
            <TextLine id="r1l75" custom="readingOrder {index:74;}">
                <Coords points="1551,2331 2628,2340 2628,2303 2512,2294 1551,2298"/>
                <Baseline points="1562,2327 1614,2328 1667,2328 1720,2329 1773,2329 1825,2329 1878,2330 1931,2330 1984,2331 2036,2331 2089,2332 2142,2332 2195,2332 2247,2332 2300,2332 2353,2332 2406,2332 2458,2332 2511,2332 2564,2332 2617,2332"/>
                <TextEquiv>
                    <Unicode>eins muß man rückhaltlos anerkennen, die herrliche künst¬</Unicode>
                </TextEquiv>
            </TextLine>
            <TextLine id="r1l76" custom="readingOrder {index:75;}">
                <Coords points="448,2335 1532,2353 1532,2320 1471,2309 448,2319"/>
                <Baseline points="459,2340 512,2339 565,2338 618,2337 671,2337 724,2337 777,2337 830,2337 883,2338 936,2339 990,2339 1043,2340 1096,2341 1149,2341 1202,2342 1255,2342 1308,2342 1361,2342 1414,2342 1467,2341 1521,2340"/>
                <TextEquiv>
                    <Unicode>gewann. Noch bekannter aber wurde v. Reitzenstein, als</Unicode>
                </TextEquiv>
            </TextLine>
            <TextLine id="r1l77" custom="readingOrder {index:76;}">
                <Coords points="1549,2380 2629,2364 2594,2330 1549,2329"/>
                <Baseline points="1561,2367 1613,2367 1666,2366 1719,2366 1772,2365 1825,2365 1878,2366 1930,2366 1983,2366 2036,2367 2089,2367 2142,2368 2195,2368 2248,2369 2300,2369 2353,2370 2406,2370 2459,2370 2512,2370 2565,2370 2618,2370"/>
                <TextEquiv>
                    <Unicode>lerische Photographie, aber genügt das, um die Her¬</Unicode>
                </TextEquiv>
            </TextLine>
            <TextLine id="r1l78" custom="readingOrder {index:77;}">
                <Coords points="454,2381 1532,2390 1506,2344 455,2337"/>
                <Baseline points="466,2375 518,2374 571,2373 624,2372 676,2372 729,2373 782,2373 834,2374 887,2375 940,2377 993,2378 1045,2379 1098,2380 1151,2381 1203,2382 1256,2382 1309,2382 1361,2382 1414,2381 1467,2380 1520,2378"/>
                <TextEquiv>
                    <Unicode>er bei dem 1892 veranstalteten großen Distanzritt Berlin—</Unicode>
                </TextEquiv>
            </TextLine>
            <TextLine id="r1l79" custom="readingOrder {index:78;}">
                <Coords points="1554,2413 2618,2420 2619,2358 1554,2378"/>
                <Baseline points="1564,2400 1616,2401 1668,2403 1720,2403 1772,2404 1825,2405 1877,2405 1929,2406 1981,2406 2033,2406 2086,2406 2138,2406 2190,2406 2242,2406 2294,2406 2347,2406 2399,2406 2451,2406 2503,2406 2555,2406 2608,2406"/>
                <TextEquiv>
                    <Unicode>stellung eines so kostspieligen Großfilms zu rechtfertigen?</Unicode>
                </TextEquiv>
            </TextLine>
            <TextLine id="r1l80" custom="readingOrder {index:79;}">
                <Coords points="454,2405 1516,2428 1516,2380 454,2381"/>
                <Baseline points="464,2410 516,2410 568,2410 620,2411 672,2411 724,2412 776,2412 828,2413 880,2414 932,2415 985,2415 1037,2416 1089,2417 1141,2417 1193,2418 1245,2418 1297,2418 1349,2419 1401,2418 1453,2418 1506,2417"/>
                <TextEquiv>
                    <Unicode>Wien als erster der deutschen Teilnehmer in Wien eintraf.</Unicode>
                </TextEquiv>
            </TextLine>
            <TextLine id="r1l81" custom="readingOrder {index:80;}">
                <Coords points="1551,2449 2622,2456 2596,2412 1551,2410"/>
                <Baseline points="1563,2438 1615,2439 1667,2441 1720,2441 1772,2442 1824,2443 1877,2443 1929,2444 1981,2444 2034,2445 2086,2445 2138,2445 2191,2445 2243,2446 2295,2446 2348,2446 2400,2446 2452,2446 2505,2445 2557,2445 2610,2445"/>
                <TextEquiv>
                    <Unicode>Vilma Banky und Ronald Colman waren in den</Unicode>
                </TextEquiv>
            </TextLine>
            <TextLine id="r1l82" custom="readingOrder {index:81;}">
                <Coords points="456,2456 1516,2462 1516,2424 456,2406"/>
                <Baseline points="466,2447 520,2447 575,2448 630,2449 684,2450 739,2450 794,2451 848,2452 903,2453 958,2453 1012,2454 1067,2455 1122,2455 1176,2456 1231,2456 1286,2457 1340,2457 1395,2457 1450,2458 1505,2458"/>
                <TextEquiv>
                    <Unicode>Nach seinem Ausscheiden aus dem aktiven Dienst widmete</Unicode>
                </TextEquiv>
            </TextLine>
            <TextLine id="r1l83" custom="readingOrder {index:82;}">
                <Coords points="1554,2481 2355,2517 2506,2487 2600,2519 2625,2456 1554,2443"/>
                <Baseline points="1565,2482 1617,2481 1669,2481 1722,2481 1774,2480 1827,2480 1879,2480 1932,2480 1984,2481 2037,2481 2089,2481 2141,2482 2194,2483 2246,2483 2299,2484 2351,2485 2404,2486 2456,2487 2509,2489 2561,2490 2614,2492"/>
                <TextEquiv>
                    <Unicode>Hauptroslen vor keine ihrem Können angemessene Auf¬</Unicode>
                </TextEquiv>
            </TextLine>
            <TextLine id="r1l84" custom="readingOrder {index:83;}">
                <Coords points="451,2492 1522,2512 1523,2458 452,2465"/>
                <Baseline points="462,2485 514,2485 567,2486 619,2486 672,2487 724,2488 777,2489 829,2490 882,2491 934,2492 987,2493 1039,2494 1092,2495 1144,2495 1197,2496 1249,2496 1302,2497 1354,2497 1407,2496 1459,2496 1512,2495"/>
                <TextEquiv>
                    <Unicode>sich Frhr. v. Reitzenstein ganz der Rennsache, vor allem</Unicode>
                </TextEquiv>
            </TextLine>
            <TextLine id="r1l85" custom="readingOrder {index:84;}">
                <Coords points="1551,2534 1589,2540 1610,2526 1628,2526 1654,2538 1665,2533 1688,2548 1738,2538 1755,2544 1770,2529 1782,2537 1803,2534 1802,2491 1780,2485 1739,2483 1719,2493 1708,2484 1675,2492 1612,2484 1588,2494 1563,2481 1550,2484"/>
                <Baseline points="1563,2525 1588,2522 1613,2521 1639,2520 1664,2519 1689,2519 1715,2519 1740,2519 1765,2518 1791,2517"/>
                <TextEquiv>
                    <Unicode>gabe gestellt.</Unicode>
                </TextEquiv>
            </TextLine>
            <TextLine id="r1l86" custom="readingOrder {index:85;}">
                <Coords points="445,2531 1527,2561 1528,2513 1488,2502 446,2488"/>
                <Baseline points="457,2524 512,2524 568,2524 624,2524 679,2525 735,2526 791,2527 847,2528 902,2529 958,2530 1014,2531 1070,2532 1125,2533 1181,2534 1237,2535 1293,2535 1348,2535 1404,2535 1460,2535 1516,2534"/>
                <TextEquiv>
                    <Unicode>dem Strausberger Renn=Verein, dessen Vorsitzender er seit</Unicode>
                </TextEquiv>
            </TextLine>
            <TextLine id="r1l87" custom="readingOrder {index:86;}">
                <Coords points="455,2570 525,2587 564,2576 682,2591 713,2572 753,2593 783,2576 818,2585 819,2537 773,2529 745,2546 670,2530 456,2531"/>
                <Baseline points="466,2559 492,2561 518,2562 544,2563 571,2564 597,2565 623,2566 650,2566 676,2567 702,2567 729,2566 755,2566 781,2565 808,2565"/>
                <TextEquiv>
                    <Unicode>langen Jahren ist.</Unicode>
                </TextEquiv>
            </TextLine>
            <TextLine id="r1l88" custom="readingOrder {index:87;}">
                <Coords points="1700,2636 2587,2649 2626,2639 2627,2597 2430,2580 2230,2605 2195,2581 2068,2613 1889,2576 1799,2606 1700,2588"/>
                <Baseline points="1711,2636 1756,2635 1801,2635 1846,2635 1892,2636 1937,2636 1982,2637 2027,2637 2073,2638 2118,2638 2163,2639 2208,2639 2254,2640 2299,2640 2344,2641 2389,2641 2435,2641 2480,2641 2525,2640 2570,2640 2616,2638"/>
                <TextEquiv>
                    <Unicode>Mary und Dong wieder bei der Arbeit.</Unicode>
                </TextEquiv>
            </TextLine>
            <TextLine id="r1l89" custom="readingOrder {index:88;}">
                <Coords points="1551,2683 2616,2677 2603,2644 2338,2632 1843,2657 1646,2614 1551,2633"/>
                <Baseline points="1563,2674 1615,2674 1667,2674 1719,2674 1771,2675 1823,2675 1875,2675 1927,2676 1979,2677 2031,2677 2083,2678 2135,2678 2187,2679 2239,2679 2291,2680 2343,2680 2395,2680 2447,2680 2499,2680 2551,2679 2604,2679"/>
                <TextEquiv>
                    <Unicode>Mary Pickford und Douglas Fairbanks haben mit den</Unicode>
                </TextEquiv>
            </TextLine>
            <TextLine id="r1l90" custom="readingOrder {index:89;}">
                <Coords points="1557,2718 2608,2724 2608,2681 2523,2670 1557,2679"/>
                <Baseline points="1567,2712 1618,2713 1670,2713 1721,2713 1773,2714 1824,2714 1876,2715 1927,2715 1979,2716 2030,2716 2082,2716 2134,2716 2185,2717 2237,2717 2288,2717 2340,2716 2391,2716 2443,2715 2494,2714 2546,2713 2598,2712"/>
                <TextEquiv>
                    <Unicode>Vorarbeiten zu ihren neuen Filmen begonnen. Der</Unicode>
                </TextEquiv>
            </TextLine>
            <TextLine id="r1l91" custom="readingOrder {index:90;}">
                <Coords points="782,2722 915,2740 966,2724 1029,2745 1097,2731 1132,2752 1163,2729 1209,2736 1212,2679 1126,2633 1101,2650 1082,2636 992,2651 939,2640 915,2656 854,2640 785,2655"/>
                <Baseline points="794,2714 819,2715 844,2715 869,2717 895,2717 920,2719 945,2720 970,2722 996,2723 1021,2724 1046,2725 1071,2726 1097,2728 1122,2729 1147,2730 1172,2731 1198,2731"/>
                <TextEquiv>
                    <Unicode>Vom Film.</Unicode>
                </TextEquiv>
            </TextLine>
            <TextLine id="r1l92" custom="readingOrder {index:91;}">
                <Coords points="1547,2754 1901,2771 1937,2752 2210,2764 2278,2738 2331,2761 2377,2752 2377,2717 1547,2721"/>
                <Baseline points="1557,2748 1597,2749 1637,2750 1678,2750 1718,2751 1759,2751 1799,2752 1840,2752 1880,2752 1921,2752 1961,2753 2001,2753 2042,2753 2082,2753 2123,2753 2163,2753 2204,2753 2244,2754 2285,2754 2325,2754 2366,2754"/>
                <TextEquiv>
                    <Unicode>nächste Fairbanks=Film behandelt die</Unicode>
                </TextEquiv>
            </TextLine>
            <TextLine id="r1l93" custom="readingOrder {index:92;}">
                <Coords points="2380,2744 2399,2741 2417,2756 2446,2764 2459,2755 2472,2761 2562,2756 2591,2769 2610,2766 2609,2724 2587,2718 2570,2728 2552,2717 2530,2724 2510,2714 2497,2721 2469,2713 2451,2722 2432,2716 2403,2724 2379,2720"/>
                <Baseline points="2391,2759 2417,2757 2443,2756 2469,2755 2495,2753 2521,2753 2547,2753 2573,2753 2599,2753"/>
                <TextEquiv>
                    <Unicode>Gründung</Unicode>
                </TextEquiv>
            </TextLine>
            <TextLine id="r1l94" custom="readingOrder {index:93;}">
                <Coords points="860,2802 884,2805 891,2798 928,2806 943,2795 976,2807 994,2794 1013,2804 1048,2807 1062,2800 1085,2808 1087,2731 1037,2745 969,2728 927,2747 901,2733 862,2738"/>
                <Baseline points="872,2781 897,2780 923,2780 948,2780 974,2781 999,2782 1025,2783 1050,2784 1076,2785"/>
                <TextEquiv>
                    <Unicode>Liebelei.</Unicode>
                </TextEquiv>
            </TextLine>
            <TextLine id="r1l95" custom="readingOrder {index:94;}">
                <Coords points="1542,2789 2615,2785 2385,2738 1542,2757"/>
                <Baseline points="1553,2787 1605,2787 1658,2787 1710,2787 1763,2788 1816,2788 1868,2789 1921,2789 1973,2790 2026,2790 2079,2791 2131,2792 2184,2792 2236,2792 2289,2792 2342,2792 2394,2791 2447,2791 2499,2790 2552,2789 2605,2787"/>
                <TextEquiv>
                    <Unicode>Kaliforniens und hat vorläufig den itel „Captain</Unicode>
                </TextEquiv>
            </TextLine>
            <TextLine id="r1l96" custom="readingOrder {index:95;}">
                <Coords points="1549,2841 2545,2838 2613,2826 2613,2789 1549,2791"/>
                <Baseline points="1559,2822 1611,2822 1663,2822 1715,2823 1767,2824 1819,2824 1871,2825 1923,2826 1975,2826 2027,2827 2080,2828 2132,2828 2184,2829 2236,2829 2288,2829 2340,2829 2392,2829 2444,2828 2496,2827 2548,2826 2601,2825"/>
                <TextEquiv>
                    <Unicode>Cavalier“ erhalten. Marys neuer Film hat den einst¬</Unicode>
                </TextEquiv>
            </TextLine>
            <TextLine id="r1l97" custom="readingOrder {index:96;}">
                <Coords points="768,2860 830,2860 845,2845 893,2866 933,2851 998,2867 1049,2852 1138,2864 1213,2848 1214,2804 1069,2811 995,2792 977,2808 944,2796 925,2809 861,2795 844,2806 818,2786 769,2803"/>
                <Baseline points="779,2839 805,2839 831,2839 858,2839 884,2839 911,2839 937,2840 964,2840 990,2840 1016,2841 1043,2841 1069,2841 1096,2842 1122,2842 1149,2843 1175,2844 1202,2845"/>
                <TextEquiv>
                    <Unicode>(Primus=Palast.)</Unicode>
                </TextEquiv>
            </TextLine>
            <TextLine id="r1l98" custom="readingOrder {index:97;}">
                <Coords points="1543,2883 2494,2882 2616,2872 2617,2828 1544,2824"/>
                <Baseline points="1554,2860 1606,2860 1659,2859 1711,2860 1764,2860 1817,2861 1869,2862 1922,2862 1974,2863 2027,2864 2080,2865 2132,2865 2185,2866 2237,2867 2290,2867 2343,2867 2395,2867 2448,2867 2500,2866 2553,2865 2606,2863"/>
                <TextEquiv>
                    <Unicode>weiligen Titel „The Shop Girl“ („Das Ladenmädchen")</Unicode>
                </TextEquiv>
            </TextLine>
            <TextLine id="r1l99" custom="readingOrder {index:98;}">
                <Coords points="512,2890 1517,2906 1501,2846 848,2870 513,2842"/>
                <Baseline points="523,2886 572,2888 621,2890 670,2892 719,2894 769,2895 818,2896 867,2897 916,2898 965,2899 1015,2899 1064,2900 1113,2901 1162,2901 1211,2902 1261,2903 1310,2903 1359,2904 1408,2905 1457,2906 1507,2906"/>
                <TextEquiv>
                    <Unicode>Sofern man von einem Vergleich mit Schnitzlers</Unicode>
                </TextEquiv>
            </TextLine>
            <TextLine id="r1l100" custom="readingOrder {index:99;}">
                <Coords points="1540,2897 2613,2904 2576,2862 1540,2873"/>
                <Baseline points="1551,2898 1603,2898 1656,2899 1708,2899 1761,2900 1813,2900 1866,2901 1918,2902 1971,2902 2023,2903 2076,2904 2129,2904 2181,2905 2234,2905 2286,2905 2339,2905 2391,2905 2444,2905 2496,2904 2549,2903 2602,2902"/>
                <TextEquiv>
                    <Unicode>erhalten und erzählt uns die Leiden und Freuden einer</Unicode>
                </TextEquiv>
            </TextLine>
            <TextLine id="r1l101" custom="readingOrder {index:100;}">
                <Coords points="446,2933 1529,2963 1530,2908 446,2883"/>
                <Baseline points="457,2926 510,2928 563,2929 616,2930 669,2932 722,2933 775,2934 828,2935 881,2936 934,2937 987,2938 1040,2939 1093,2939 1146,2940 1199,2941 1252,2941 1305,2942 1358,2942 1411,2942 1464,2942 1518,2942"/>
                <TextEquiv>
                    <Unicode>Schauspiel, dem die Grundzüge der Handlung entnommen</Unicode>
                </TextEquiv>
            </TextLine>
            <TextLine id="r1l102" custom="readingOrder {index:101;}">
                <Coords points="1549,2941 2230,2967 2281,2937 2541,2969 2620,2943 2620,2901 1549,2915"/>
                <Baseline points="1561,2938 1613,2938 1665,2938 1718,2938 1770,2938 1823,2939 1875,2939 1927,2940 1980,2940 2032,2941 2085,2941 2137,2942 2189,2942 2242,2943 2294,2943 2347,2943 2399,2943 2451,2943 2504,2942 2556,2942 2609,2941"/>
                <TextEquiv>
                    <Unicode>kleinen Kassiererin in einem Fünf= und Zehn=Cent¬</Unicode>
                </TextEquiv>
            </TextLine>
            <TextLine id="r1l103" custom="readingOrder {index:102;}">
                <Coords points="1543,2988 1561,2984 1572,2995 1585,2988 1600,2999 1613,2990 1620,2995 1640,2988 1651,2995 1657,2991 1666,3000 1683,3000 1705,2982 1727,2985 1728,2950 1706,2949 1690,2936 1675,2945 1644,2942 1631,2947 1623,2942 1609,2949 1596,2942 1544,2940"/>
                <Baseline points="1555,2973 1582,2973 1609,2973 1636,2973 1663,2974 1690,2974 1717,2973"/>
                <TextEquiv>
                    <Unicode>Geschäft.</Unicode>
                </TextEquiv>
            </TextLine>
            <TextLine id="r1l104" custom="readingOrder {index:103;}">
                <Coords points="459,2978 1421,3002 1519,2984 1520,2940 460,2932"/>
                <Baseline points="470,2966 521,2967 573,2969 625,2970 677,2971 729,2973 781,2974 833,2975 885,2976 937,2977 989,2977 1040,2978 1092,2978 1144,2979 1196,2979 1248,2979 1300,2979 1352,2979 1404,2979 1456,2978 1508,2978"/>
                <TextEquiv>
                    <Unicode>sind, absieht, kann man feststellen, daß hier überraschend</Unicode>
                </TextEquiv>
            </TextLine>
            <TextLine id="r1l105" custom="readingOrder {index:104;}">
                <Coords points="450,3020 1517,3035 1517,2989 1467,2984 450,2979"/>
                <Baseline points="461,3004 513,3006 565,3007 617,3009 669,3010 722,3011 774,3012 826,3013 878,3014 930,3014 983,3015 1035,3015 1087,3016 1139,3016 1191,3016 1244,3016 1296,3016 1348,3016 1400,3016 1452,3015 1505,3014"/>
                <TextEquiv>
                    <Unicode>Gutes geleistet worden ist. Es muß aufs wärmste an¬</Unicode>
                </TextEquiv>
            </TextLine>
            <TextLine id="r1l106" custom="readingOrder {index:105;}">
                <Coords points="1657,3039 2592,3050 2616,2976 2480,2971 2406,3007 2323,2972 2174,3007 1913,2972 1859,3001 1727,2977 1657,2999"/>
                <Baseline points="1668,3031 1714,3032 1761,3034 1808,3035 1855,3036 1902,3036 1949,3037 1995,3037 2042,3037 2089,3037 2136,3037 2183,3037 2230,3036 2277,3036 2323,3035 2370,3035 2417,3034 2464,3033 2511,3032 2558,3032 2605,3031"/>
                <TextEquiv>
                    <Unicode>— Paul Keller im Film. Paul Kellers Roman</Unicode>
                </TextEquiv>
            </TextLine>
            <TextLine id="r1l107" custom="readingOrder {index:106;}">
                <Coords points="450,3056 949,3043 1028,3070 1059,3042 1499,3077 1528,3043 450,3012"/>
                <Baseline points="462,3044 514,3045 567,3047 620,3048 672,3049 725,3050 778,3051 830,3052 883,3052 936,3053 989,3053 1041,3054 1094,3054 1147,3054 1199,3054 1252,3055 1305,3055 1357,3055 1410,3056 1463,3056 1516,3057"/>
                <TextEquiv>
                    <Unicode>erkannt werden, daß hier eine kleinere Filmgesellschaft,</Unicode>
                </TextEquiv>
            </TextLine>
            <TextLine id="r1l108" custom="readingOrder {index:107;}">
                <Coords points="1549,3075 2624,3071 2624,3043 2510,3036 1656,3044 1549,3011"/>
                <Baseline points="1559,3070 1611,3071 1664,3072 1716,3073 1769,3074 1822,3075 1874,3075 1927,3076 1980,3077 2032,3077 2085,3078 2138,3078 2190,3078 2243,3078 2296,3078 2348,3078 2401,3077 2454,3075 2506,3074 2559,3072 2612,3071"/>
                <TextEquiv>
                    <Unicode>„Der Sohn der Hagar“, der bereits eine Auflage</Unicode>
                </TextEquiv>
            </TextLine>
            <TextLine id="r1l109" custom="readingOrder {index:108;}">
                <Coords points="441,3095 1490,3109 1521,3079 441,3049"/>
                <Baseline points="452,3080 504,3083 557,3084 610,3086 663,3087 716,3088 769,3088 822,3089 875,3089 928,3089 981,3089 1033,3090 1086,3090 1139,3090 1192,3090 1245,3091 1298,3091 1351,3092 1404,3093 1457,3094 1510,3096"/>
                <TextEquiv>
                    <Unicode>die bisher ausschließlich flache Publikumsfilme herstellte,</Unicode>
                </TextEquiv>
            </TextLine>
            <TextLine id="r1l110" custom="readingOrder {index:109;}">
                <Coords points="1806,3096 1830,3098 1836,3099 1840,3102 1851,3103 1854,3079 1840,3077 1829,3079 1821,3071 1808,3070"/>
                <Baseline points="1818,3094 1842,3096"/>
                <TextEquiv>
                    <Unicode></Unicode>
                </TextEquiv>
            </TextLine>
            <TextLine id="r1l111" custom="readingOrder {index:110;}">
                <Coords points="1544,3112 2624,3126 2624,3084 2580,3073 1544,3072"/>
                <Baseline points="1556,3110 1608,3110 1661,3110 1714,3110 1767,3111 1820,3111 1872,3111 1925,3112 1978,3112 2031,3113 2084,3113 2136,3114 2189,3114 2242,3114 2295,3114 2348,3114 2400,3114 2453,3113 2506,3112 2559,3111 2612,3109"/>
                <TextEquiv>
                    <Unicode>von 241 000 Exemplaren erreicht hat, ist von Hans</Unicode>
                </TextEquiv>
            </TextLine>
            <TextLine id="r1l112" custom="readingOrder {index:111;}">
                <Coords points="441,3130 1514,3139 1514,3097 441,3095"/>
                <Baseline points="452,3121 504,3122 557,3123 609,3124 662,3125 715,3125 767,3126 820,3126 872,3127 925,3127 978,3127 1030,3127 1083,3127 1135,3127 1188,3128 1241,3128 1293,3128 1346,3128 1398,3128 1451,3129 1504,3129"/>
                <TextEquiv>
                    <Unicode>zum erstenmal mit gutem Gelingen künstlerische Ambi¬</Unicode>
                </TextEquiv>
            </TextLine>
            <TextLine id="r1l113" custom="readingOrder {index:112;}">
                <Coords points="1541,3150 2632,3171 2632,3105 1541,3110"/>
                <Baseline points="1553,3148 1606,3148 1659,3148 1713,3148 1766,3149 1819,3149 1873,3149 1926,3149 1979,3150 2033,3150 2086,3150 2139,3150 2193,3151 2246,3151 2299,3151 2353,3150 2406,3150 2459,3150 2513,3149 2566,3149 2620,3148"/>
                <TextEquiv>
                    <Unicode>Kyser für den Film bearbeitet worden. In den Haupt¬</Unicode>
                </TextEquiv>
            </TextLine>
            <TextLine id="r1l114" custom="readingOrder {index:113;}">
                <Coords points="445,3162 1522,3187 1523,3141 445,3129"/>
                <Baseline points="455,3159 507,3159 560,3160 613,3161 666,3162 719,3162 772,3163 824,3164 877,3164 930,3165 983,3165 1036,3165 1089,3166 1142,3166 1194,3166 1247,3167 1300,3167 1353,3167 1406,3168 1459,3168 1512,3169"/>
                <TextEquiv>
                    <Unicode>tionen entwickelt hat. Das Regie führende Ehepaar J. und</Unicode>
                </TextEquiv>
            </TextLine>
            <TextLine id="r1l115" custom="readingOrder {index:114;}">
                <Coords points="1552,3187 2480,3208 2616,3182 2594,3149 1552,3154"/>
                <Baseline points="1563,3184 1615,3185 1667,3186 1719,3186 1771,3187 1823,3188 1875,3188 1928,3188 1980,3189 2032,3189 2084,3189 2136,3188 2188,3188 2240,3188 2293,3188 2345,3187 2397,3186 2449,3186 2501,3185 2553,3184 2606,3183"/>
                <TextEquiv>
                    <Unicode>rollen des Films, der von der Fox Europa=Filmproduktion</Unicode>
                </TextEquiv>
            </TextLine>
            <TextLine id="r1l116" custom="readingOrder {index:115;}">
                <Coords points="455,3208 1425,3225 1508,3217 1509,3166 455,3166"/>
                <Baseline points="466,3196 517,3197 569,3197 620,3198 672,3199 723,3200 775,3200 826,3201 878,3202 929,3202 981,3203 1033,3203 1084,3204 1136,3204 1187,3205 1239,3205 1290,3205 1342,3204 1393,3204 1445,3204 1497,3203"/>
                <TextEquiv>
                    <Unicode>L. Fleck legte den Hauptwert auf feinsinnige Heraus¬</Unicode>
                </TextEquiv>
            </TextLine>
            <TextLine id="r1l117" custom="readingOrder {index:116;}">
                <Coords points="1553,3231 2577,3240 2606,3191 1552,3188"/>
                <Baseline points="1564,3222 1615,3223 1667,3224 1718,3225 1770,3225 1821,3226 1873,3226 1924,3226 1976,3226 2027,3227 2079,3227 2131,3226 2182,3226 2234,3226 2285,3226 2337,3225 2388,3225 2440,3224 2491,3223 2543,3223 2595,3222"/>
                <TextEquiv>
                    <Unicode>hergestellt worden ist, sind Mady Christians, Lia</Unicode>
                </TextEquiv>
            </TextLine>
            <TextLine id="r1l118" custom="readingOrder {index:117;}">
                <Coords points="450,3242 1510,3251 1484,3209 450,3203"/>
                <Baseline points="460,3234 514,3235 569,3237 624,3238 678,3239 733,3239 788,3240 842,3241 897,3241 952,3241 1006,3242 1061,3242 1116,3242 1170,3242 1225,3242 1280,3242 1334,3242 1389,3242 1444,3242 1499,3242"/>
                <TextEquiv>
                    <Unicode>arbeitung von Stimmungen, gewiß, hier und da ist des</Unicode>
                </TextEquiv>
            </TextLine>
            <TextLine id="r1l119" custom="readingOrder {index:118;}">
                <Coords points="1543,3263 2485,3277 2551,3242 1543,3228"/>
                <Baseline points="1553,3258 1602,3259 1651,3260 1701,3261 1750,3261 1799,3262 1849,3262 1898,3262 1947,3262 1997,3262 2046,3262 2095,3262 2145,3262 2194,3262 2243,3262 2293,3262 2342,3262 2391,3262 2441,3263 2490,3263 2540,3263"/>
                <TextEquiv>
                    <Unicode>Eibenschütz und Werner Fuetterer beschäftigt. —</Unicode>
                </TextEquiv>
            </TextLine>
            <TextLine id="r1l120" custom="readingOrder {index:119;}">
                <Coords points="442,3277 1513,3283 1513,3252 1421,3241 443,3240"/>
                <Baseline points="454,3272 506,3273 558,3274 611,3275 663,3276 716,3276 768,3277 821,3277 873,3278 926,3278 978,3278 1030,3278 1083,3279 1135,3279 1188,3279 1240,3279 1293,3280 1345,3280 1398,3280 1450,3281 1503,3282"/>
                <TextEquiv>
                    <Unicode>Guten etwas zuviel getan, einzelne Szenen sind zu breit</Unicode>
                </TextEquiv>
            </TextLine>
            <TextLine id="r1l121" custom="readingOrder {index:120;}">
                <Coords points="1543,3300 2621,3319 2621,3251 2485,3277 1543,3265"/>
                <Baseline points="1554,3297 1606,3297 1659,3298 1712,3299 1765,3299 1818,3300 1870,3300 1923,3300 1976,3300 2029,3300 2082,3300 2134,3299 2187,3299 2240,3299 2293,3299 2346,3299 2398,3298 2451,3298 2504,3298 2557,3298 2610,3298"/>
                <TextEquiv>
                    <Unicode>Gleichzeitig ist von der Leofilm A.=G. in München Paul</Unicode>
                </TextEquiv>
            </TextLine>
            <TextLine id="r1l122" custom="readingOrder {index:121;}">
                <Coords points="443,3316 1284,3314 1406,3341 1511,3316 1512,3285 443,3277"/>
                <Baseline points="454,3310 506,3311 558,3312 610,3312 663,3313 715,3314 767,3314 820,3315 872,3316 924,3316 977,3317 1029,3317 1081,3317 1133,3317 1186,3317 1238,3317 1290,3317 1343,3317 1395,3317 1447,3316 1500,3315"/>
                <TextEquiv>
                    <Unicode>ausgespielt, obe. dafur ist auch andererseits so manches</Unicode>
                </TextEquiv>
            </TextLine>
            <TextLine id="r1l123" custom="readingOrder {index:122;}">
                <Coords points="1537,3343 2367,3354 2586,3342 2605,3309 1537,3312"/>
                <Baseline points="1547,3333 1599,3335 1651,3337 1704,3338 1756,3339 1809,3339 1861,3339 1913,3339 1966,3339 2018,3338 2071,3338 2123,3337 2175,3336 2228,3336 2280,3335 2333,3335 2385,3335 2437,3335 2490,3335 2542,3336 2595,3337"/>
                <TextEquiv>
                    <Unicode>Kellers Erzählung „Die drei Ringe“ unter dem Titel</Unicode>
                </TextEquiv>
            </TextLine>
            <TextLine id="r1l124" custom="readingOrder {index:123;}">
                <Coords points="441,3367 1510,3378 1510,3316 1401,3340 442,3314"/>
                <Baseline points="453,3350 505,3351 557,3351 609,3351 662,3352 714,3352 766,3353 819,3353 871,3354 923,3354 976,3354 1028,3355 1080,3355 1132,3355 1185,3355 1237,3356 1289,3356 1342,3356 1394,3356 1446,3356 1499,3357"/>
                <TextEquiv>
                    <Unicode>seinem Stimmungsgehalt und inneren Rhythmuz nach</Unicode>
                </TextEquiv>
            </TextLine>
            <TextLine id="r1l125" custom="readingOrder {index:124;}">
                <Coords points="1537,3386 2505,3387 2614,3380 2614,3339 1536,3344"/>
                <Baseline points="1547,3376 1599,3376 1652,3376 1705,3376 1758,3376 1810,3376 1863,3376 1916,3376 1969,3375 2021,3375 2074,3375 2127,3375 2180,3375 2232,3375 2285,3374 2338,3374 2391,3374 2443,3374 2496,3374 2549,3373 2602,3373"/>
                <TextEquiv>
                    <Unicode>„Kinderseelen klagen euch an“ mit Albert</Unicode>
                </TextEquiv>
            </TextLine>
            <TextLine id="r1l126" custom="readingOrder {index:125;}">
                <Coords points="444,3390 1513,3402 1513,3375 1399,3359 444,3355"/>
                <Baseline points="456,3385 508,3387 560,3388 612,3389 665,3390 717,3390 769,3391 822,3392 874,3392 926,3392 979,3392 1031,3393 1083,3393 1135,3393 1188,3393 1240,3392 1292,3392 1345,3392 1397,3392 1449,3392 1502,3391"/>
                <TextEquiv>
                    <Unicode>fein ausbalancierte Bild entstanden, das durchaus kammer¬</Unicode>
                </TextEquiv>
            </TextLine>
            <TextLine id="r1l127" custom="readingOrder {index:126;}">
                <Coords points="1538,3413 2622,3433 2609,3371 1538,3387"/>
                <Baseline points="1548,3411 1601,3412 1654,3413 1707,3414 1760,3414 1813,3414 1866,3414 1920,3414 1973,3414 2026,3414 2079,3414 2132,3414 2185,3414 2238,3414 2292,3414 2345,3414 2398,3415 2451,3415 2504,3416 2557,3418 2611,3419"/>
                <TextEquiv>
                    <Unicode>Steinrück, Claire Rommer und Walter Rilla in</Unicode>
                </TextEquiv>
            </TextLine>
            <TextLine id="r1l128" custom="readingOrder {index:127;}">
                <Coords points="442,3437 1520,3451 1520,3401 442,3388"/>
                <Baseline points="454,3428 506,3429 559,3429 612,3429 664,3429 717,3429 770,3429 822,3429 875,3429 928,3429 981,3429 1033,3429 1086,3429 1139,3429 1191,3429 1244,3430 1297,3430 1349,3430 1402,3430 1455,3430 1508,3430"/>
                <TextEquiv>
                    <Unicode>spielartig wirkt. Die Entwicklung der tragischen Liebe der</Unicode>
                </TextEquiv>
            </TextLine>
            <TextLine id="r1l129" custom="readingOrder {index:128;}">
                <Coords points="1542,3456 1682,3477 1903,3478 1942,3457 1986,3479 2069,3456 2155,3472 2155,3424 2098,3414 1618,3428 1542,3414"/>
                <Baseline points="1552,3449 1581,3449 1611,3449 1640,3449 1670,3449 1700,3449 1729,3450 1759,3450 1788,3451 1818,3451 1848,3452 1877,3452 1907,3452 1936,3453 1966,3453 1996,3453 2025,3453 2055,3453 2084,3453 2114,3452 2144,3451"/>
                <TextEquiv>
                    <Unicode>der Hauptrollen verfilmt worden.</Unicode>
                </TextEquiv>
            </TextLine>
            <TextLine id="r1l130" custom="readingOrder {index:129;}">
                <Coords points="448,3464 1517,3471 1517,3445 1315,3431 448,3435"/>
                <Baseline points="460,3467 512,3467 564,3467 616,3467 669,3467 721,3468 773,3468 825,3468 878,3469 930,3469 982,3469 1034,3470 1087,3470 1139,3470 1191,3470 1243,3470 1296,3470 1348,3469 1400,3469 1452,3469 1505,3468"/>
                <TextEquiv>
                    <Unicode>Christine geht freilich zu sprunghaft im Filmbild von¬</Unicode>
                </TextEquiv>
            </TextLine>
            <TextLine id="r1l131" custom="readingOrder {index:130;}">
                <Coords points="444,3516 1511,3509 1485,3476 445,3459"/>
                <Baseline points="456,3501 508,3503 560,3504 612,3505 664,3506 717,3507 769,3508 821,3508 873,3508 925,3508 978,3508 1030,3508 1082,3508 1134,3508 1186,3507 1239,3507 1291,3507 1343,3507 1395,3507 1447,3507 1500,3508"/>
                <TextEquiv>
                    <Unicode>statten, es werden nur die äußeren Ereignisse gegeben,</Unicode>
                </TextEquiv>
            </TextLine>
            <TextLine id="r1l132" custom="readingOrder {index:131;}">
                <Coords points="444,3547 1521,3563 1521,3514 444,3504"/>
                <Baseline points="454,3537 506,3539 559,3541 612,3542 665,3543 718,3543 771,3544 823,3544 876,3544 929,3544 982,3544 1035,3543 1088,3543 1141,3543 1193,3543 1246,3543 1299,3543 1352,3544 1405,3544 1458,3546 1511,3547"/>
                <TextEquiv>
                    <Unicode>nicht der innere Gehalt des Schnitzlerschen Dialogs; eine</Unicode>
                </TextEquiv>
            </TextLine>
            <TextLine id="r1l133" custom="readingOrder {index:132;}">
                <Coords points="1607,3544 2610,3556 2610,3503 2535,3492 1607,3515"/>
                <Baseline points="1618,3543 1667,3543 1716,3544 1765,3545 1814,3545 1863,3546 1912,3546 1961,3546 2010,3547 2059,3547 2108,3547 2157,3547 2206,3547 2255,3547 2304,3547 2353,3547 2402,3546 2451,3546 2500,3545 2549,3544 2599,3544"/>
                <TextEquiv>
                    <Unicode>Hegewald=Film bringt in der Saison 1927/28</Unicode>
                </TextEquiv>
            </TextLine>
            <TextLine id="r1l134" custom="readingOrder {index:133;}">
                <Coords points="447,3581 1525,3584 1461,3550 447,3543"/>
                <Baseline points="458,3575 510,3577 563,3578 616,3579 669,3580 722,3581 774,3581 827,3582 880,3582 933,3582 986,3583 1038,3583 1091,3583 1144,3583 1197,3583 1250,3583 1302,3583 1355,3582 1408,3582 1461,3582 1514,3581"/>
                <TextEquiv>
                    <Unicode>gewisse Entschädigung dafür ist die recht glückliche Be¬</Unicode>
                </TextEquiv>
            </TextLine>
            <TextLine id="r1l135" custom="readingOrder {index:134;}">
                <Coords points="1533,3587 2278,3613 2615,3580 2580,3548 2149,3541 2109,3569 1533,3526"/>
                <Baseline points="1544,3583 1597,3584 1650,3585 1703,3585 1756,3586 1809,3586 1862,3587 1915,3588 1968,3588 2021,3588 2074,3588 2127,3589 2180,3588 2233,3588 2286,3588 2339,3587 2392,3587 2445,3586 2498,3584 2551,3583 2604,3581"/>
                <TextEquiv>
                    <Unicode>einen Film nach Wildenbruchs „Die Haubenlerche“</Unicode>
                </TextEquiv>
            </TextLine>
            <TextLine id="r1l136" custom="readingOrder {index:135;}">
                <Coords points="438,3621 2068,3652 2212,3631 2213,3587 439,3583"/>
                <Baseline points="450,3615 537,3616 625,3618 712,3619 800,3620 887,3621 975,3621 1062,3622 1150,3623 1237,3623 1325,3624 1413,3624 1500,3624 1588,3625 1675,3625 1763,3625 1850,3626 1938,3626 2025,3626 2113,3626 2201,3627"/>
                <TextEquiv>
                    <Unicode>setzung dieser Rolle mit Evelyn Holt, sie ist als Typ ] mit Evelyn Holt in der Hauptrolle.</Unicode>
                </TextEquiv>
            </TextLine>
            <TextLine id="r1l137" custom="readingOrder {index:136;}">
                <Coords points="391,3823 487,3839 805,3833 806,3769 765,3764 729,3787 686,3773 613,3789 504,3773 392,3795"/>
                <Baseline points="402,3810 428,3811 454,3811 480,3812 506,3813 532,3813 558,3814 584,3814 611,3815 637,3816 663,3816 689,3817 715,3817 741,3818 767,3819 794,3820"/>
                <TextEquiv>
                    <Unicode>— — — </Unicode>
                </TextEquiv>
            </TextLine>
            <TextLine id="r1l138" custom="readingOrder {index:137;}">
                <Coords points="886,3847 1052,3857 1094,3843 1176,3861 1300,3848 1358,3867 1460,3842 1461,3803 1339,3785 1222,3814 1070,3776 1016,3799 888,3761"/>
                <Baseline points="898,3825 925,3824 953,3823 980,3823 1008,3823 1035,3823 1063,3825 1090,3826 1118,3827 1145,3828 1173,3830 1200,3832 1228,3834 1255,3835 1283,3836 1310,3837 1338,3837 1365,3838 1393,3837 1420,3836 1448,3835"/>
                <TextEquiv>
                    <Unicode>„ </Unicode>
                </TextEquiv>
            </TextLine>
            <TextLine id="r1l139" custom="readingOrder {index:138;}">
                <Coords points="1567,3846 1656,3850 1702,3880 1735,3859 1785,3875 1875,3853 1899,3871 2004,3860 2043,3881 2074,3866 2105,3880 2138,3875 2139,3824 1988,3799 1863,3833 1567,3811"/>
                <Baseline points="1578,3841 1605,3844 1632,3848 1660,3849 1687,3851 1715,3853 1742,3854 1770,3855 1797,3855 1825,3856 1852,3856 1879,3856 1907,3856 1934,3856 1962,3856 1989,3856 2017,3856 2044,3857 2072,3858 2099,3859 2127,3861"/>
                <TextEquiv>
                    <Unicode>-</Unicode>
                </TextEquiv>
            </TextLine>
            <TextEquiv>
                <Unicode>lei
Lieb
box 13/1
.    S — — 
60
125, Mittwoch, 16. März.
1927
bemüht sind. — Der nächste Vortrag am 18. März: „Das
eine ideale Verkörperung der Christine und in manchen
Flugzeug im Dienste des Nachrichtenwesens" (Prof.
stillen Momenten in ihrem Spiel sehr eindrucksvoll, dabei
H. T. Weitz).
Hptm. a. D. Schreiber.
übersieht man freilich nicht, daß sie bisweilen bewußt in
Lieblichkeit macht, zum restlosen Aufgehen in ihrer Rolle
reichte ihr Talent doch nicht aus. Ungemein sicher zeichnet
— Genfer Automobilausstellung. Auf der soeben
Hilde Maroff Christines Freundin Mizzi. Famos in
eröffneten Genfer Automobilausstellung ist die deutsche
der Maske Jaro Fuerth als Christines Vater. Pracht¬
Automobilindustrie durch Opel, Horch, Wanderer
voll auch in der kleinsten Einzelheit ihres Spiels Vivian
und Daimler=Benz vertreten. Personenwagen haben
Gibson als mondäne Frau. Louis Lerch, Henry
26 französische Firmen, 28 amerikanische, 9 italienische,
Stuart, Robert Scholz und Karl Platen vervoll¬
4 englische, 2 belgische, 2 schweizerische ausgestellt. Für die
ständigen das Ensemble. Besonders erwähnt sei noch die
deutschen Wagen zeigt sich ein auffallend starkes Interesse,
gediegene Ausstattung. Mit dem Manuskript leistete das
während die Konkurrenzfähigkeit der französischen In¬
Autorenpaar Herbert Juttke und Georg C. Klaren
dustrie nachgelossen zu haben scheint. Besonders in der
seine bisher beste Arbeit.
F. O.
Mittelklasse wurde 8/88 PS. Mercedes=Benzwagen viel
beachtet. Die Horch=Werke halten, der allgemeinen Ansicht
Die Nacht der Liebe.
nach, mit ihren neuen Achtzylinder den Vergleich mit den
(Cavitol.)
führenden amerikanischen Wagen dieser Klasse sowohl hin¬
Dieser historische Film bestätigt wieder einmal, daß
sichtlich der Qualitöt als auch des Preises vollauf. Auch
die Amerikaner auf einem Geschmacksniveau stehen, wohin
für Opel und Wanderer scheinen sich die Absatzaussichten
wir ihnen nicht mehr zu folgen vermögen. Nach Motiven
auf dem schweizerischen Markt ganz beträchtlich verbessert
von Calderon ist eine kindlich naive Handlung entstanden
zu haben Auch der schweizerische Markt für Motorräder,
von einem adligen Schuft und einem edelmütigen
auf dem England immer noch den ersten Platz einnimmt,
Zigeuner, man weiß ja schon zur Genüge, was für schreck¬
dürfte nach dem Eindruck der Ausstellung in Zukunft der
liche Dinge ein amerikanisches Filmehepaar über sich er¬
deutschen Inkustrie ein gutes Absatzfeld bieten.
gehen lassen muß, bis es endlich glücklich vereint wird und
der böse Intrigant die wohlverdiente Strafe erhält. Hier
Frhr. v. Reitzenstein 70 Jahre. Der Vor¬
haben wir es mit einer sehr klischeemäßig und absolut
sitzende des Strausberger Renn=Vereins,
unnafürlich wirkenden Variation dieses bekannten ameri¬
Frhr. v. Reitzenstein, feiert am 17. März seinen
kanischen Schemas zu tun, kaum denkbar, daß dergleichen.
70. Geburtstag. Frhr. v. Reitzenstein, noch einer der
ein deutsches Kinopublikum irgendwie inperlich zu be¬
Sportsmen aus der alten Schule, war als junger Offizier
rühren vermag, auch die prunivollen ######nszenen werden
ein ausgezeichneter Rennreiter, der von 400 Ritten 180 zu
daran wohl nichts ändern können, #berreiche äußere
Siegen gestalten konnte#ad auch wiederholt Gastspiele in
Aufwand steht wieder mal im denk### schroffsten Gegen
der damaligen österreich=ungarischen Monarchie absolvierte,
satz zu dem kläglich geringen Aufwand an Geist. Nux
wo er u. a. dreimal die Große Preßburger Steeple=Chase
eins muß man rückhaltlos anerkennen, die herrliche künst¬
gewann. Noch bekannter aber wurde v. Reitzenstein, als
lerische Photographie, aber genügt das, um die Her¬
er bei dem 1892 veranstalteten großen Distanzritt Berlin—
stellung eines so kostspieligen Großfilms zu rechtfertigen?
Wien als erster der deutschen Teilnehmer in Wien eintraf.
Vilma Banky und Ronald Colman waren in den
Nach seinem Ausscheiden aus dem aktiven Dienst widmete
Hauptroslen vor keine ihrem Können angemessene Auf¬
sich Frhr. v. Reitzenstein ganz der Rennsache, vor allem
gabe gestellt.
dem Strausberger Renn=Verein, dessen Vorsitzender er seit
langen Jahren ist.
Mary und Dong wieder bei der Arbeit.
Mary Pickford und Douglas Fairbanks haben mit den
Vorarbeiten zu ihren neuen Filmen begonnen. Der
Vom Film.
nächste Fairbanks=Film behandelt die
Gründung
Liebelei.
Kaliforniens und hat vorläufig den itel „Captain
Cavalier“ erhalten. Marys neuer Film hat den einst¬
(Primus=Palast.)
weiligen Titel „The Shop Girl“ („Das Ladenmädchen")
Sofern man von einem Vergleich mit Schnitzlers
erhalten und erzählt uns die Leiden und Freuden einer
Schauspiel, dem die Grundzüge der Handlung entnommen
kleinen Kassiererin in einem Fünf= und Zehn=Cent¬
Geschäft.
sind, absieht, kann man feststellen, daß hier überraschend
Gutes geleistet worden ist. Es muß aufs wärmste an¬
— Paul Keller im Film. Paul Kellers Roman
erkannt werden, daß hier eine kleinere Filmgesellschaft,
„Der Sohn der Hagar“, der bereits eine Auflage
die bisher ausschließlich flache Publikumsfilme herstellte,

von 241 000 Exemplaren erreicht hat, ist von Hans
zum erstenmal mit gutem Gelingen künstlerische Ambi¬
Kyser für den Film bearbeitet worden. In den Haupt¬
tionen entwickelt hat. Das Regie führende Ehepaar J. und
rollen des Films, der von der Fox Europa=Filmproduktion
L. Fleck legte den Hauptwert auf feinsinnige Heraus¬
hergestellt worden ist, sind Mady Christians, Lia
arbeitung von Stimmungen, gewiß, hier und da ist des
Eibenschütz und Werner Fuetterer beschäftigt. —
Guten etwas zuviel getan, einzelne Szenen sind zu breit
Gleichzeitig ist von der Leofilm A.=G. in München Paul
ausgespielt, obe. dafur ist auch andererseits so manches
Kellers Erzählung „Die drei Ringe“ unter dem Titel
seinem Stimmungsgehalt und inneren Rhythmuz nach
„Kinderseelen klagen euch an“ mit Albert
fein ausbalancierte Bild entstanden, das durchaus kammer¬
Steinrück, Claire Rommer und Walter Rilla in
spielartig wirkt. Die Entwicklung der tragischen Liebe der
der Hauptrollen verfilmt worden.
Christine geht freilich zu sprunghaft im Filmbild von¬
statten, es werden nur die äußeren Ereignisse gegeben,
nicht der innere Gehalt des Schnitzlerschen Dialogs; eine
Hegewald=Film bringt in der Saison 1927/28
gewisse Entschädigung dafür ist die recht glückliche Be¬
einen Film nach Wildenbruchs „Die Haubenlerche“
setzung dieser Rolle mit Evelyn Holt, sie ist als Typ ] mit Evelyn Holt in der Hauptrolle.
— — — 
„ 
-</Unicode>
            </TextEquiv>
        </TextRegion>
    </Page>
</PcGts>
