3392 4320
459 195 797 269 iebelei
276 187 1407 300 5. „ box 11/4
1083 1013 1455 1095 Telephon 12.801.
1104 1116 1270 1190 Da
586 1166 1228 1253 „ODSLIVEN
364 1240 1460 1309 I. österr. behördl. konz. Unternehmen für Zeitungs-Ausschnitte
500 1294 1334 1383 Wien, I., Concordiaplatz 4.
701 1371 1132 1448 Vertretungen
368 1413 1457 1485 in Berlin, Budapest, Chicago, Christiania, Genf, Kopen¬
379 1472 1468 1523 hagen, London, Madrid, Mailand, Minneapolis, New-Vork,
417 1506 1415 1562 Paris, Rom, San Francisco, Stockholm, St. Petersburg.
713 1560 1129 1614 (Quellenangabe ehne Gewähr).
362 1606 736 1689 Ausschnitt aus:
598 1699 1495 1793 9 12 Mtehner Neueste Nachrichten
373 1714 537 1801 vom:
658 1861 1210 1954 Theuter und Musik
500 1917 1420 1996 * Schauspielhaus. Neu einstudiert: Liebelei.
473 1974 1407 2039 Abschiedssouper. Ein vortrefflicher Abend,
469 2011 1400 2079 in Schmerzen wühlend die Ouvertüre und der Be.,
482 2057 1408 2097 schluß leise ausklingend in Kichern. Von diesen
465 2093 1403 2158 beiden Werken darf Schnitzler sagen, daß sie herr¬
464 2137 1396 2181 lich sind und unverstand## ersten Tag. Im
463 2178 1412 2222 tragischen Stück gab es eine Ueberraschung. Frau¬
465 2211 1402 2258 lein Schaffer spielte die Christine und führte
471 2252 1403 2303 dieses arme Geschöpf, zum Leiden vorbestimmt,
462 2286 1408 2346 über die stillen Pfade ahnungsvollen Kummers
470 2324 1407 2382 ohne Straucheln langsam aufwarts auf den Berg
468 2364 1408 2425 der Schmerzen, wo dieses kleine Herz zerbricht.
475 2406 1402 2456 Eine ungewöhnliche Leistung von vieler Verhei¬
465 2445 1409 2496 ßung. — Die Umwelt fügte sich zu wienerischer
469 2481 1400 2527 Harmonie. Die Leutchen dieses Dreiakters reprä¬
465 2522 1406 2571 sentieren ja alle etwas, eine Idee und Klasse, oder
467 2570 1401 2610 so. Aber es ist sehr sein gemacht, und der Darstel¬
457 2601 1407 2656 ler hat freie Bahn, den vom Dichter dargereichten
459 2644 1412 2701 Stoff zur Type aufzurunden. In diesem Betracht
454 2678 1407 2726 war Fräulein Woiwode echt wie der Name
459 2722 1414 2774 Mizi Schlager; Fräulein Bichlers Katharina
461 2758 1410 2814 nicht minder eines Strumpfwirkers klatschmäulige
450 2801 1412 2858 Ehehälfte. Von den Herren spendete jeder seinen
382 2836 1352 2932 Beitrag. Waldau (Theodor] und v. Dunieci
391 2916 1343 3006 (Fritz) gefühlsselige Verliebtheit, und Herr Pepp¬
390 2945 1324 3022 ler eine Beethoven=Maske von starker Wirkung.
388 2976 1323 3064 Jessens beleidigter Gatte hätte um einige
392 3005 1327 3097 Nüancen verhaltener sein dürfen in Haß und Lei¬
385 3058 589 3110 denschaft.
424 3082 1332 3180 Mit dem frisch hingespielten Abschiedssouper
369 3138 1319 3210 lösten die Herren Waldau (Anatol) und Ran¬
373 3180 1321 3249 dolf (Max) und Fräulein Woiwode (Annie)
378 3215 1332 3312 die tragische Stimmung aufs angenehmste. Launc
378 3249 1326 3340 war das gemeinsame Band, das alle ver¬
367 3279 553 3358 I'nüpfte.
2574 1126 2955 1230 Telephon 12.801.
2719 1272 2755 1320 7
2070 1210 2700 1358 „OBSERVER“
1849 1351 2945 1439 I. österr. behördl. konz. Unternehmen für Zeitungs-Ausschnitte
1979 1412 2831 1503 Wien, I., Concordiaplatz 4.
2178 1481 2620 1567 Vertretungen
1839 1537 2940 1617 in Berlin, Budapest, Chicago, Christiania, Genf. Kopen¬
1851 1581 2946 1657 hagen, London, Madrid, Mailand, Minneapolis, New-Vork.
1890 1629 2888 1696 Paris, Rom, San Francisco, Stockholm, St. Petersburg.
2183 1676 2611 1731 (Quellenangabe ohne Gewähr).
1830 1712 3027 1930 Aeintunt Knt und Tenter Austen.
2073 1769 2589 1913 6 1 1Dde Mänchen
1839 1810 2007 1875 vom:
1965 1907 2851 2021 Münchner Schauspielhaus. Es war ein
1854 1968 2690 2069 recht glücklicher Gedanke der Direktion, Sch
1851 2015 2832 2112 „Liebelei“ und „Abschiedssouper“ wieder ins Reper¬
1845 2064 2834 2160 toire aufzunehmen. Im ersteren Stück spielte Fritzi
1849 2115 2839 2213 Schaffer erstmalig die Christine. Eine prächtige
1847 2151 2826 2247 Leistung. Sie wußte fur diese Liebesfreude wie für
1846 2204 2830 2310 den Liebesschmerz dieser ernsten, tiefen Mädchen¬
1846 2250 2828 2352 seele gleich warme Herzensköne zu finden. Mit
1832 2315 2815 2399 einfach köstlichem Humor gab Lina Woiwode das
1834 2350 2816 2454 leichtlebige, gutmütig leichtsinnige Großstadtflitscherl
1826 2395 2811 2502 Mizi. In wirkungsvollem Gegensatz stellten die
1827 2459 2817 2541 Herren von Duniecki und Waldau den träumerischen,
1826 2505 2801 2605 ernster veranlagten Fritz Lobheimer und den froh¬
1816 2555 2810 2637 gemuten Lebenskünstler Theodor Kaiser. Ueberaus
1822 2596 2811 2692 lebenswahre Gestalten waren der alte Musiker des
1812 2645 2823 2733 Herrn Peppler und die Klatschbase Binder von
1809 2712 2802 2791 Grete Bichler. Die kleinere Rolle des betrogenen
1811 2741 2800 2827 Gatten gab Herr Jessen entsprechend. Der Ein¬
1796 2797 2797 2883 akter „Das Abschiedssouper“ wurde von Frl. Woi¬
1808 2846 2798 2928 wode mit den Herren Waldau und Randolf flott
1797 2879 2806 2993 und fesch gespielt. Die Regie Stollberg offenbarte
1800 2924 2797 3032 in dem einfach=gemütlichen Zimmer des alten
1798 2991 2802 3096 Musikers wieder ihr großes Talent, die Handlung
1789 3044 2791 3154 in stimmungsvollen äußeren Rahmen zu bringen.)
1796 3092 2776 3196 Die elegant=vornehmen Räume der übrigen Aktg
1790 3135 2773 3239 zeigten wieder vollendet künstlerische Musteraus
1791 3186 2779 3312 stattung. Das sehr gut besuchte Haus spendste
1786 3226 2116 3318 reichen Beifall.
