3484 4320
243 239 843 333 5. Liebelei
431 222 1395 344 FEESEE box 10/7
3108 1427 3349 1504 eDn
2603 1473 3345 1539 Fruchigen Volterstämme kehren wüssen
1807 1524 3355 1593 Koniken oder auch iche einfach zu erfinden, kurzum, der Mann Volkes sie bwe
1209 1569 3367 1625 ten ans ihren anti=öster=ste# entschieden auf der Höhe seines Polizeiberufes. Wo von oben hätten an de
1365 1612 1458 1669 A
1745 1662 3350 1715 spielte meisterhaft. Doch was sagen wir. Sie spielte? Nein, das mit stürmischen
765 1553 1474 1756 Kunst und Knltur.
1744 1702 3367 1753 war kein Spielen mehr, das war ein innerliches Mitempfinden, Mit= Lorbeerkranz übe
1732 1738 3045 1796 leben. Hier können wir das Wort „verkörpern“ im idealen Sinne ge¬
1744 1780 3047 1833 brauchen. Sie war die Christine. Alles war echt und natürlich, sie!
896 1726 1346 1847 Residenztheater.
3027 1771 3335 1856 Rundschau.
1756 1815 3041 1874 empfand die kleinste Freude wie das große Leid in allen Variationen
727 1824 1526 1890 Gastspiel der Frau Agnes Sorma.
3132 1842 3293 1900 2. Die
1758 1849 3046 1913 seelisch mit. Im ersten Akt kam sie wenig zur Geltung, doch zeigten
543 1882 1764 1939 Vorigen Sonnabend wurde „Liebelei“, Schauspiel in 3 Akten von
3026 1866 3323 1950 den Ort ihre W
1753 1892 3030 1944 sich schon hier sehr seine Striche in der Charakterzeichnung. Im zveiten
463 1921 1758 1982 Arthur Schnitzler, neueinstudirt gegeben. Vor ungefähr 2 Jahren
1746 1932 3041 1985 Akt fesselte uns ihre Leistung außerordentlich und im dritten Akt lauschte
3029 1921 3358 1987 weiß, daß Herr
472 1965 1763 2023 ging dieses Wiener Stück zum ersten Mal über die Bühne unseres
3022 1965 3287 2023 Orchester zu
1743 1965 3045 2033 das Publikum in größter Spannung wie gebannt auf jeden Laut von
1755 2005 1852 2055 ihr.
473 1995 1765 2052 Resirenztheaters; jetzt ist es zu Ehren des geschätzten Gastes wieder
1841 2009 3321 2069 — Im zweiten Akt, bei Fritzens Besuch, war Frau Sorma ganz worden ist, Da
463 2039 1765 2097 hervorgeholt worden. Neben mancher Unnatürlichkeit enthält es doch
1759 2041 1977 2098 vorzüglich,
1954 2042 3288 2089 ja in gewisser Weise am besten. Dieses mädchenhaft Entgelt musik
467 2096 3217 2138 tiefe Wahrheit, der Ernst des Lebens tritt uns, besonders am Schluß, schüchterne, schelmische Wesen, dem die große Freude und Seligkeit über Allbekann
3019 2125 3203 2172 Trenkler
465 2118 3030 2172 in voller Bitterkeit enigegen. — Zwei reiche, junge Leute, Fritz Lob= das Kommen ihres Geliebten zu Grunde liegt, war so natürlich dar¬
3028 2158 3172 2208 Verlau
461 2150 3051 2212 heimer und Theodor Kaiser, haben sich je einen allerliebsten Schatz an=gestellt, daß man die Bühne ganz vergaß und nur ein liebreizendes,
473 2207 3038 2263 geschafft. „zur Erholung“, wie sie sich ausdrücken. Die kleine Modistin holdes, anmuthiges Geschöpf vor sich sah. Im dritten Akt war, wie
3019 2195 3165 2253 52 Mi¬
3018 2237 3154 2287 Wagn
459 2246 3035 2295 Mizzi Schlager ist denn auch wie gemacht für eine solche Liebelei, die schon erwähnt, alles gefesselt durch die meisterhafte, hinreißende Natürlich¬
462 2278 3038 2314 auf Dauer keinen Anspruch erhebt. Sie will sich nur amüsiren und keit. Das Mienenspiel der Künstlerin müssen wir noch besonders lobend
3014 2269 3143 2345 Leistu
470 2314 1773 2381 fragt nicht nach der Zukunft. Anders jedoch ist es bei Christine, der
1752 2319 3040 2366 hervorheben. Die Mizzi hat Recht, wenn sie sagt: „Der sieht man
3025 2337 3124 2415 Geb
477 2357 3042 2409 Tochter eines Violinspielers am Josefstädter Theater. Sie liebt den alles gleich vom Gesicht ab!“ Jeder seelische Vorgang spiegelt in ihren
462 2391 1761 2438 Fritz Lobheimer wirklich, es ist ihre erste und letzte Liebe. Dieser
3031 2397 3129 2439 Ouv
1754 2397 3025 2455 Augen und Gesichtszügen wider. Eben sieht sie noch heiter und ver¬
468 2426 1760 2477 Mann ist plötzlich in ihren stillen Lebensweg getreten, die große, un¬
1751 2411 3128 2492 gnügt aus, da kommt plötzlich ein trüber, schneller Gedanke. Ihre Mitg
463 2474 1748 2527 heilbare Leidenschaft ist über sie gekommen, sie kann nicht mehr von ihm
1755 2464 3136 2535 Augen werden starr, die Züge im Gesicht länger und großer Kummer, trage
469 2508 1771 2548 lassen. Niemand ahnt diese große Neigung, auch nicht der über alles
1750 2515 2738 2568 wahnsinnige Angst prägen sich in den Mienen aus. —
2757 2499 3147 2573 So sehr wit entzüc
466 2547 1743 2597 Geliebte. Fritz ist nun außerdem durch eine dämonische Leidenschaft an
3029 2549 3154 2599 Tone,
1748 2549 3039 2600 Frau Sorma's „Norma“ schätzen, müssen wir doch ihre „Christine" für
467 2591 1748 2647 eine verbeirathete Frau, an ein „interessantes Weib“ gefesselt. Der
1756 2583 2160 2655 bedeutender erklären.
3016 2584 3163 2638 für Vi
474 2623 1765 2670 Gatte erfährt dieses Verhältniß, und das unausbleibliche Duell findet
1807 2629 3178 2685 Die übrigen Darsteller stielten wirklich recht gut. Es war, als ob mit grö
475 2667 1766 2718 statt. Lobheimer fällt, wie er es geahnt hatte. Am Abend vorher be¬
1749 2657 3208 2716 sie von ihrer großen Kollegin unwillkürlich zu ihrem besten Können Herrn G
467 2703 3232 2742 sucht er Christine, welche von allem nichts weiß, zum ersten Male in sfortgerissen wurden. Frl. Poldi Gersa war eine feshe Mizzi Schlager Konzertmi
469 2730 3270 2810 ihrer Wohnung, in ihrem traulichen Zimmer. Er nimmt von ihr Ab=1und spielte so frisch, daß ihr nach dem ersten Akt mit Recht reicher die beste Gen
463 2777 3281 2832 schied, „um auf einige Tage zu verreisen". Christine sorgt sich, in trüben Beifall gezollt wurde. Manchnal schien sie allerdings nicht natürlich spielzeit der G
3020 2820 3287 2888 bringen wird.
463 2828 3032 2877 Ahnungen befangen, maßlos um ihn: schließlich schickt sie Mizzi aus, genug: ein kleiner Stich ins Derbe störte diesmal nicht, er hob den
456 2860 3043 2933 um Erkundigungen einzuziehen. Diese kommt mit dem schwarz ge=Gegensatz in den Charakteren der beiden Mädchen nur besser hervor.
3090 2855 3387 2920 * Dresdner#
461 2896 3351 2950 kleideten Freund Theodor Kaiser zurück, der gerade den Erschossenen zu Herr Burmester fand sich mit der undankbaren Rolle des Fritz Lob= Schüler des hiesig
465 2923 1770 2976 Grabe geleitet hatte. Christinen's Schmerz ist namenlos, sie will so¬
1751 2946 3306 2996 heimer leidlich gut ab, er ist nun einmal dazu verdammt, unsympathische, einen Preis in
463 2975 1762 3040 fort zum Friedhof eilen, doch sie wird gehalten, schließlich reißt sie sich
1746 2986 3255 3033 schwache Männer wiederzugeben. Vorzüglich war Herr Witt als von der Ch
461 3018 1771 3075 los und stürzt fort. Der alte Vater, welchem sie voryer übrigens ihre
1747 3013 3252 3070 Theodor Kaiser. Das ausgelassene Wesen, die sorglose Heiterkeit des geschriebenen
463 3054 1754 3104 Liebe gestanden, bricht vor Kummer zusammen, er weiß, sein Kind
1749 3064 3262 3125 gutmüthigen, aber leichtsinnigen jungen Menschen brachte er trefflich eines deutickt
455 3092 1746 3139 kommt nicht wieder. — Ueber die großen Schwächen und Mängel, die
1747 3107 3249 3150 zum Ausdruck. Die Tafelszene des ersten Attes gestaltete er höchst welchen die
447 3115 1745 3183 unsympathischen Szenen, wie auch über die mancherlei Vorzüge des
1747 3134 3028 3190 humoristisch. Herr Janda war ein ausgezeichneter liebevoller, alter
3019 3139 3265 3202 Mexiko und
455 3183 3034 3219 Schauspieis wollen wir schweigend hinweggehen, ist doch schon einmal Vater und Frau Kronthal zeigte als Frau Strumpfwirker Binder ihr!
3011 3162 3329 3236 sind. Heuf Oito
454 3211 1496 3265 an dieser Stelle ausführlich darüber gesprochen worden.
1735 3211 3362 3274 schauspielerisches Talent. Auch Herr Nasch führte seine kleine Rolle musikalische Ausbil
537 3260 3330 3298 Was uns bei dieser Aufführung hauptsächlich interessirte, war die gut durch. Herrn Rotter gebührt als Regisseur wiederum alles Lob.s er 4 Jahre als
456 3274 3345 3365 Auffassung und Darstellung der Christine durch Frau Sorma. Siel Leider war das Haus nicht sehr gefüllt. Das Publikum kargte nicht pofition Hofrath
585 3365 1278 3577 erdul
1256 3420 1553 3562 Ce
