3436 4256
467 133 637 217 Lieb
788 153 863 216 1.
269 130 1435 248 5. Lasbele. box 10/4
1898 1375 2023 1457 S
1548 1378 1692 1455 —1.
3052 1391 3227 1462 n
479 1414 3381 1508 er bint ihr, wie der Frauemriter seiner Herin, und wagt vorhars „Kiter, Tod und Teusel das Weit der Tansch, eisen Aie und gab den
477 1479 3387 1555 es kaum, an Erhörung zu denken, der Gedanke das geliebte der Mann der Tod) und wenn Friedrich sagt: „Ich stehe ergreifend wieder; im zweit
480 1539 3385 1611 Wesen sein Eigen zu nennen, scheint ihm eine Entweihung.. . ganz zu Ihren Diensten“, so ist es von dem „Herrn“ Tod] Unmittelbarkeit unter der
1671 1586 3387 1665 noch sehr höflich, ihn nicht gleich beim Worte zu nehmen und die, wenn wir den Autor r
470 1584 1671 1653 aber wie sich die Ritter für die Strenge ihrer hohen Geliebten
1676 1634 3374 1688 ihm noch Zeit zum Abschiednehmen zu lassen. Der Sang und doch eine Atmosphäre
474 1638 1678 1695 durch die „niedere Minne“ durch Abenteuer bei hübschen
1662 1673 3385 1734 verstummt, die Lichter verlöschen, die Gesellschaft ruft ihr um sich her verbreitet; dies
469 1681 1677 1749 Bauernmädchen, schadlos hielten, so drängt die erwachende
482 1710 2486 1774 Sinnlichkeit des Jünglings ihn in höchst zweifelhafte Ge=Ade, es wird dunkel, der Vorhang fällt.
2805 1723 3346 1788 Krapil voll zur Geltung.
1764 1758 2842 1830 Das zweite Bild enthält den Abschied Friedrichs von
2825 1778 3395 1847 wirkersfrau Binder war bei
479 1766 1683 1839 sellschaft von Kellnerinen und Ladenmädchen, und er weiß in
473 1817 1670 1900 seinen vielen Gedanken über diesen Gegenstand beide Gefühle
1673 1809 2838 1888 Christine, wobei wir auch den Vater des armen Dings
2922 1821 3398 1879 Die Rolle des Herrn
1650 1867 2840 1943 kennen lernen. Der alte Weiring (Herr Pstros) hat Un¬
2836 1872 3392 1946 wie eine Predigt nach der
482 1871 918 1951 wohl zu vereinigen.
602 1911 2848 1979 Das ist aber Friedrichs Fall gar nicht, seine Liebe zu glück; seine Schwester hat er streng behütet und ihr Leben
2989 1913 3372 1982 Den einen Theil Ni
2976 1957 3384 2023 Den andern Theil v
1673 1958 2834 2027 ist freudlos dahingegangen, da macht er's wie der dumme
471 1960 1672 2032 der Dämonin können wir aus nicht anders denn als ein
1668 2013 2851 2076 Hans im Märchen, er läßt seine Tochter blindlings ge¬
474 2018 1686 2087 bloß sinnliches Verhältniß vorstellen, so körperlich, so alltäg¬
2925 1989 3391 2093 Herr Vojan hat den
1664 2061 2840 2128 währen und macht sie wieder unglücklich. Und im dritten
2828 2046 3362 2126 zu dienen, recht natürlich
472 2049 1673 2122 lich, daß es der Dichter gar nicht der Mühe werth gehalten
1672 2095 2837 2189 Bild hören wir nur, wie Christine die Botschaft von dem
489 2104 1679 2173 hat, uns näher damit bekannt zu machen — und gegen ein
2835 2099 3369 2172 und auch das Publikum ha
1664 2149 2148 2228 Tode Friedrichs erhält.
490 2152 1687 2235 solches Verhältniß soll ein nicht minder sinnliches das Gegen¬
2818 2145 3378 2223 sich mäuschenstille und lause
482 2197 855 2272 gewicht bilden?
1772 2206 3377 2264 Es sind hübsch gearbeitete Genrebilder, der erste Akt muß an der Akustik liegen;
600 2254 3376 2308 Der geneigte Leser wird ungeduldig, wir wollen keine würde uns mit seinem Bohémeleben reizend erscheinen, wenn kleine Bühne, auf der ni
481 2299 3379 2368 phychologischen Betrachtungen; was liegt an der Richtigkeit dergleichen Scenen jetzt nicht fast unvermeidlich und be= wird, auf der nicht die Ge
1661 2336 3179 2399 ängstigend ähnlich wären. Und der Schluß ist effektvoll, Geltung kommt!
478 2341 1675 2400 der moralischen Voraussetzungen des Stückes, wir wollen
1660 2399 2846 2460 allzu effektvoll, er verschmäht keinen optischen oder akustischen
474 2379 1674 2441 etwas vom Drama hören; wie hat es der Dichter verstan¬
2928 2397 3368 2465 Herr Sedläkek hat
1673 2437 2841 2499 Effekt. Der zweite Akt wäre der bedeutendste, wenn sich der
480 2444 1674 2508 den, aus diesen Elementen eine Handlung zu gestalten, das
2823 2432 3393 2501 Rollen her so an das V#
483 2491 1294 2567 Interesse zu wecken, zu steigern, wie —
1662 2490 2838 2550 Autor von den Reminiscenzen an Faust hätte frei machen
2823 2491 3386 2556 Versprechungen gar nicht me
608 2523 1679 2596 Ich bitte, geehrter Leser, mir das Zutrauen zu schenken,
1662 2532 3374 2601 können, wenn die Scene etwas anderes wäre, als eine Um= seinem Range sollte doch st
480 2566 1677 2655 daß ich von allen diesen schönen Dingen ohnehin gesprochen
1671 2568 2151 2662 schreibung der Worte:
2811 2573 3388 2645 ein vielversprechendes Talen
488 2629 1678 2706 hätte, wenn es da etwas zu sagen gäbe. Die „Liebelei“
2828 2637 3390 2702 der ersten Scene, das Ge
1808 2613 2493 2701 „Ich fühl', o Mädchen, deinen Geist
489 2658 1686 2755 hat überhaupt keine Handlung, sie besteht aus drei Genre¬
1796 2681 2665 2744 Der Füll' und Ordnung um mich säuseln ...“
2813 2683 3394 2748 sagen will, so ist das do
482 2714 1689 2793 bildern. Im ersten wird gegessen, getrunken, musicirt, getanzt,
1766 2711 3374 2780 Die Inscenesetzung war sorgfältig, die Rollenfestigkeit Verdienst um die Belebung
480 2777 3400 2835 wie in Kvapil's „Bludièka“, in „Halbe's Jugend“ und so ließ noch manches zu wünschen übrig, namentlich ein etwas werden, mit der Trauerkle#
478 2810 3395 2890 und so viel andern modernen Stücken, da klingelt es und rascheres Tempo. In scauspielerischer Hinsicht gehörte der ganz anderen Menschen an
488 2878 3394 2925 es kommt ein Gespenst; ein wahrhaftiges Gespenst, zwar ohne Abend dem Fräulein Vels. Das war eine ganz prächtige war. Herr Pstroß trug die
486 2917 3388 2969 den elektrischen Lichtschimmer, an den wir gewöhnt sind, aber Darstellung dieser Modistin, die es nicht so ernst nimmt, die des biederen Weiring mit G
482 2969 3391 3033 nicht minder unheimlich; hat es Fleisch und Blut? Vielleicht. von diesem Leben nur ein wenig „Hetz“ fordert; dem ganzen wenig glücklich. Den nan
556 3019 3382 3071 Hat es Sprache? Nicht sehr viel. — Hat es einen Humor dieser Gestalt, welche die heiteren Seenen des Stückes Bittner mit einer wahrhaf
483 3044 3389 3130 Namen? Nein, und das ist eben das Symbolische, das Ge= trägt und über alle seine Längen hinwegtäuscht, verhalf sie Worte, mehr hervorgekeucht
492 3109 3365 3181 spenstische. Das ganze Wiener Adreßbuch stand dem Autor zu seinem vollen Rechte. Das richtige Wiener Mädel von mühsam verhaltene Wuth
499 3156 3376 3225 zur Verfügung und er hat keinen Namen für diesen Spuk einer eigenen Rass’, ohne Grundsätze, und dabei innerlich geraubt, das Glück, den h
487 3204 3015 3277 gefunden; es ist nämlich der Tod selber (ganz wie in Rud. eigentlich unverdorben ... Frau Kvapil war vortrefflich im Namen.
