3436 4224
321 145 726 224 Liebelei
874 148 1297 244 box 13/1
1816 1016 2055 1138 6#7
1678 1218 1923 1325 8
1043 1234 1698 1339 Se
950 1360 1073 1455 #
1792 1455 1847 1593 „
938 1652 1937 1774 PET
1323 1827 1580 1910 „Liebelei.“
1262 1891 1645 1980 Primus=Palast.
892 1955 2042 2020 Ein Film nach Schnitzlers Schauspiel. Davon blieb aber nur
841 2010 2058 2074 das Gerüst, während Wert und Wesen, des Spiels natürlich im
840 2038 2071 2121 Dialogisch=Psychologischen liegen. Die aus dieser hegenden Hülle
855 2093 2056 2162 herausgeschälte Handlung wirkt blaß ## vorgestrig, und allzu
870 2140 2058 2207 uninteressant. Ein junger Mann und einesleichtsinnige verheiratete
842 2189 2063 2241 Frau: Liebelei. Er möchte von ihr los, ein junges, zartes Ding
841 2223 2062 2296 kreuzt seinen Weg, er liebt die Kleine, und sie liebt ihn. Aber die
847 2267 2069 2341 ändere hält ihn fest. Ihr Mann kommt spät, merkwürdig spät hinter
850 2321 2058 2385 diese Liebelei. Duell — der Junge fällt, und die Kleine vergiftet
841 2364 2055 2439 sich, während ihr Vater, ein dürftiger Cellist, ahnungslos ihr das
848 2406 1372 2465 Sterbelied spielt. Ende
876 2440 2055 2522 (J. und L. Fleck führen die Regie. Eine saubere, gepflegte, die
841 2488 2051 2566 Händlung geschickt steigernde Regie. Das düstere Ende allerdings
839 2531 2058 2607 wirkt in einem Spielfilm dieser Art absolut nicht überzeugend. Die
845 2581 2055 2656 vielbefeindete happy end-Theorie hat nur allzu oft ihr Gutes. Hier
847 2632 1327 2692 hätte sie's auf jeden Fall.
877 2663 2060 2744 Evelyn Holt, die die kleine Christine spielt, hat auch diesmal
841 2727 2055 2785 ein paar gute, ganz gelöste Momente. Aber ihr Spiel als Ganzes
904 2769 2059 2829 noch zu ungleich und von matten Stellen stark durchsetzt. Be¬
934 2813 2055 2859 iches gibt Louis Lerch als der junge Fritz Lobheimer.
937 2861 2052 2916 pathisch sind auch der Freund (Henry Stuart) und der Vater
945 2901 2058 2959 Fürth). Während Robert Scholz in seiner allzu
944 2948 2060 3005 inziellen Schauspielerei einfach unerträglich wirkt. Eine wirklich
952 2980 2046 3046 agende Leistung aber sieht man hier nur von Vivian Gibson.
962 3034 2058 3093 jene leichtsinnige Doris Velten und beweist in ihrem kultiviert¬
939 3077 2051 3122 nSpiel aufs neue — nein, in dieser Stärke zum erstenmal —
896 3113 1886 3183 raußerordentliches und einzigartiges filmisches Talent.
885 3158 2048 3242 Es gab sehr viel Beifall. Und auch an Tränen der Rührung fehlte
841 3203 1101 3290 es nicht...
1821 3221 2004 3300 Hi. W.
1218 3284 1660 3375 „Nacht der Liebe.
1907 3330 2150 3421 4*
1351 3350 1527 3420 Kenitel
