3532 4352
1002 227 1442 314 box 12/6
461 231 845 307 Liebelei
922 239 1003 295 6
295 236 907 344 5.
492 564 1636 678 sschnitt auslessigche Teitung. Barise
624 660 1116 754 12. APhil 1313
492 722 616 778 m:
678 768 1555 907 Cheater und Mulik.
762 877 1423 958 Theater am Nollendorfplatz.
522 918 1507 1037 Zugunsten des Roten Kreuzes: Schnitzlers „Liebelei.“
527 965 1681 1077 Man hatte zunächst die Freude, agnes Sorma wieder als
496 1004 1711 1126 Christine zu sehen, mit der sie uns vor siebzehn Jahren, als das
504 1046 1716 1158 Stück wie eine holde Ueberruschung auftauchte, in sanftes Entzück“
503 1104 1716 1209 verietzt hat. Sie sprach damals nicht Wienerisch, spricht auch hockte
513 1133 1713 1255 nicht Wienerisch, aber die Figur hat das Melodiose behalten, den
511 1169 1725 1294 Zauber der so musikalischen wie melancholischen Stadt. Wir
514 1212 1728 1323 wollen zwischen damals und heute nicht vergleichen, manches an der
505 1238 1722 1346 berühmten Leistung scheint heute mehr wiederholende Erinnerung
506 1286 1730 1400 als Hervorbringung im Moment, aber es gibt eben Leistungen, die
523 1324 1728 1436 sakrosankt sind, und die eine dankbare Anhänglichkeit von der Ver¬
527 1365 1733 1484 jährung ausnimmt. Unterscheide wer will, ich sah genug von der
520 1411 1741 1528 früheren Sorma, um ihr auch heute nicht widerstehen zu können.
568 1460 1733 1565 Ihre Umgebung war zum Teil merkwürdig durch ihren Ur¬
519 1501 1756 1605 sprung; der Vater und die Freundin stammten aus der Opexette,
531 1533 1743 1637 die sich in diesem vielgeprüften Hause erfolgreich niedergelassen
530 1575 1747 1681 hat. Herr Pallenberg ist als Komiker eingeschrieben, aber man
532 1612 1749 1732 weiß, daß er mehr ist; der Beweis liegt in der Melancholie, die
531 1650 1752 1754 aus seinem Wesen wie aus jeder edlen Komik hervorschimmert.
547 1691 1749 1799 Die Rolle des alten Musikus drängt auf Einfachheit, Pallenberg hat
547 1730 1758 1843 sie noch einfacher gemacht als alle seine Vorgänger. Außerordent¬
539 1776 1766 1865 lich sein geriet die selbstverständliche animalische Zugehörigkeit zu
545 1807 1764 1920 seinem einzigen Sprößling, die stumme Art, der weinenden Tochtor
555 1848 1762 1954 den Arm zu küssen, sich mit kindlicher Unbehilflichkeit an ihr fest¬
559 1888 1773 2008 zusaugen, wenn die Worte versagen. Der Vater war die stille
561 1945 1768 2035 und die Mizzi der Massary die laute Freude des Abends. Eine
560 1964 1773 2077 leckere Grazie, eine graziösere Keckyeit wird sich nicht finden lassen,
563 2013 1769 2104 und man wird es dem Stern der Operette besonders anrechnen
572 2053 1770 2145 Rüssen, daß er nicht für sich selbst zu strahlen suchte, daß er die
569 2085 1780 2192 Gesamtheit einer von vornherein zu düsteren und schleppenden
567 2147 1289 2231 Aufführung erleichterte und erheiterte.
615 2160 1786 2275 Eine gelegentliche Wohltätigkeitsvorstellung darf auf zu lann
572 2221 1788 2299 Vorbereitung keinen Anspeuch machen, aber warum verlegte man
578 2259 1788 2352 das Stück in so ungeheure Räume, daß die Menschlein kaum zu¬
576 2289 1798 2415 sammenzukommen schienen, und in so pedantisch symmetrische Ein¬
589 2329 1792 2439 richtungen? Links das Klavier, rechts das Sofa — in der Mitte
585 2371 1797 2473 Zwischenräume. Es war nicht die Schuld der Herren Stieler
580 2413 1795 2513 und Pfann, daß sie von den kleinen Mädchen nicht nur durch
597 2449 1796 2554 soziale Abstände getrennt schienen. Der melancholische Fritz erhielt
589 2489 1794 2592 eine sehr feine Form, der gutmütige Theodor eine ungewöhnlich an¬
600 2518 1815 2630 sprechende Jovialität, aber es fehlte die Einheit und Innigkeit,
599 2555 1803 2660 wahrscheinlich weil die Vorstellung nicht von dem verbindenden
606 2612 1809 2710 Ton junger Genußfreude ausging. Die zu früh und zu deutlich
603 2643 1804 2741 bezeichnete Tragik wurde auch von Herrn Franz Blei, den
603 2676 1823 2776 es zuweilen dilettiert, noch besonders betont. Der beleidigte Gatte
610 2716 1816 2840 hielt sich bei dem Liebhaber seiner Frau, den er totschießen will,
1710 669 2899 784 zu lange auf, er darf sich natürlich nicht setzen, aber Herr Blei
1705 718 2899 837 ließ sich Zeit, um den Gegner zuerst mit Blicken zu erstechen und
1711 752 2914 875 mit hohlen Augen ein dämonisches Spiel zu treiben. Manchen mag
1717 793 2927 900 es bei dieser Gründlichkeit gegruselt haben, aber Sekunden sind
1715 881 2283 954 auf der Bühne kostbar. A. E.
2023 1176 3004 1295 usschnitt lausmner Allgemeine- Zeitun.
2544 1248 2748 1333 Berlin
2219 1294 2441 1373 12 K
2027 1330 2162 1383 m:
2437 1309 2734 1411 A
2091 1392 2696 1482 „Liebelei“ im Theater
2429 1436 2980 1525 am Nollendorsplatz.
2173 1501 2909 1593 Vorstellung für das Rote Kreuz.
2147 1568 2978 1645 Gestern abend ist der „Extrazug nach Nizza“
2096 1631 2994 1700 ausgeschaltet und aufs Nebengleis geführt
2104 1691 3015 1756 worden. Das geschah, um die Bühne für
2102 1731 2992 1823 Schnitzlers junggebliebenes Schauspiel „Liebelei“
2101 1764 3003 1865 frer zu machen, das zugunsten des „Deutschen
2115 1811 3006 1912 Frauenvereins vom Roten Kreuz“ in einer nicht
2111 1874 2979 1949 eben alltäglichen Besetzung aufgeführt wurde.
2156 1927 3003 1996 Ein auf Festtagsstimmung disponiertes Publi¬
2109 1964 3004 2030 kum füllte das Theater bis auf den letzten Platz.
2119 2004 3005 2079 Galt es doch, Agnes Sorma wieder zu be¬
2102 2041 3041 2112 grüßen, die wir in Berlin seit Jahren nicht mehr¬
2122 2084 3003 2149 auf der Bühne gesehen. Sie spielte die Heldin,
2113 2124 3021 2194 das süße Wiener Mädel, die Christine, eine Rolle,
2118 2160 3001 2226 in der sie bereits vor nun beinahe zwei Jahr¬
2113 2207 2962 2265 zehnten ergriffen — damaks bei der ersten Ber
2107 2249 3009 2299 liner Auffuhrung des Schauspiels. Frau Sorma
2102 2279 2912 2349 hat sich ihren zarten, rührenden, innigen Ton
2107 2331 2668 2394 wahrt und sie gab das sentime
2103 2363 2958 2427 mädel mit der gedämpften Leidenscha
2639 2395 3007 2449 Betonts vielleicht
2189 2410 2615 2467 echt wie ehemals.
2124 2420 2188 2462 so
2114 2438 2997 2497 die Tragik der Gestalt gleich von Anbeginn gar
2114 2473 3005 2549 zu heftig, so daß sie sich um die Steigerungen
2111 2516 3015 2573 brachte; und das um so eher, als sie, in dem
2121 2550 3020 2616 Bestreben, diskret zu gestalten, sich jeder kräftigen
2113 2602 2428 2663 Akzente enthielt.
2188 2613 3010 2689 Von der höheren dramatischen Schauspiel¬
2121 2673 3011 2726 kunst waren außer der Sorma nun noch zwei
2122 2713 2718 2778 Darsteller vertreten: Kurt
2117 2740 3017 2815 Rola Valetti. Stieler, der seinen armen
2155 2787 3016 2852 Fritz reichlich wehleidig sprach und mit einem
2181 2829 3004 2888 den Schleier von Melancholie umhüllte, so daß
2198 2866 3026 2922 Frische der Jugend, die nun doch einmal da
2192 2903 2877 2967 nirgende durchblitzte. Frau Valett
2135 2922 3024 3010 spießige Nachbarin mit dem schiessitzenden Stroh¬
2132 2991 3041 3049 deckel, ergötzlich in ihrer naiven Geschwätzigkeit
2124 3026 2778 3090 und echt in jedem Spiel der Mine.
2188 3039 3028 3122 Die anderen aber die in dem Drama mit¬
2122 3093 3034 3173 taten und der Vorstellung das vikante Gepräge
2133 3141 3029 3204 gaben, das waren die Kollegen von der leicht¬
2145 3173 3018 3240 geschürzten Muse, die Helden der Operette, die
2150 3209 3036 3281 Fritzi Massarn, Carl Pfann, Maz
2152 3257 3018 3313 Pallenberg. Am einfachsten bei dieser
2146 3287 3030 3357 schauspielerischen Umwandlung hatte es noch
2237 3334 3019 3400 Massary, die ihre lebenslustige Modistin
2144 3382 3036 3430 Mizi Schlager auf ben gewohnten munteren
2144 3410 3030 3467 Soubrettenton einstellen konnte und mit ihrer
2140 3450 3032 3511 unbekümmerten, draufgängerischen Grazis einen
2138 3486 3012 3533 molligen Erfolg einheimste. Herr Pfann gab
2148 3520 3029 3593 den lebenslustigen Freund; er zog sich ganz acht¬
2148 3553 3029 3625 bar aus der Affäre, wenn er auch in dem Be¬
2142 3596 3040 3671 streben nach Natürlichkeit die Deutlichkeit dran¬
2150 3632 3036 3704 gab. Am stärksten hatte Max Pallenberg als
2151 3676 3034 3740 Vater Weiring gegen die Erinnerung an sein
2153 3708 3040 3780 groteskes Operettenspiel zu kämpfen. Aber die
2145 3747 3039 3820 Lachlust, die sich bei seinem Erscheinen Afänglich
2157 3791 3038 3853 regte, wich bald ernster Aufmerksamkolt, die sein
2145 3829 3037 3891 innerliches, eindrucksvolles Spiel „hollauf ver¬
2154 3866 3038 3937 diente. Er bewies, daß sein Kunsk viel weitere
2149 3907 3044 3992 Grenzen verträgt, als gemeinhin zu erwarten
2848 3944 3014 4008 J. Kn.
2146 3962 2270 4035 war.
