3436 4320
391 218 806 291 Liebelei
245 210 1388 325 5.— box 10/4
1252 669 1441 774 222
835 833 1968 936 Max Karfunkel's Nachrichten-Bureau, Argus“
917 922 1909 1004 Berlin J., Poststrasse 29. Telephon V. 1227.
1682 985 1872 1066 Paris.
940 991 1207 1062 London.
1291 987 1597 1065 New-York.
864 1061 1976 1119 (Liest alle Zeitungen der Welt und liefert aus denselben
1045 1102 1759 1155 Ausschnitte über jeden Gegenstand.)
895 1249 1670 1353 Ztg. für Hinterpommer
1299 1390 1544 1485 Stolp
1175 1520 1454 1609 7.5.96
1889 1662 2918 1755 unglückliches Vaters nicht wieder zurücklehrt. Was
1893 1726 2909 1790 wi uns wohl diese Fabel lehren oder veranschau¬
1248 1731 1826 1829 Stolp, den 7. März 1896.
1909 1776 2907 1833 lichen? Nichts, sie ist nur um ihrer selbst willen
899 1807 1873 1886 * Theaten (Liebelzi, von Athur Schnitzler.)
1895 1820 2903 1879 da, mithin zeigt sie blos ein Stückchen romantisch
846 1883 1867 1936 Die junge Witiey Schulg zu welcher Schnitzter ge¬
1895 1866 2904 1919 angehauchten Lebens ohne jede Idealität. Die
853 1914 1871 1965 hört, behauptet, die #thealen Bahnen des früheren
1895 1921 2908 1990 Sprache des Stückes ist ja edel, die Etapfindung
856 1957 1864 2038 Schauspiels im Gsgensatze „zür modernen Realistik
1881 1982 2909 2042 echt und warm, aber es fehlt der Pulsschlag höhe¬
853 2017 1866 2071 eingeschlagen zu bben. Insosern sie von grellen
1873 2022 2901 2081 rer Weltanschauung, die Handlung bleibt auf der
854 2063 1864 2123 Realitätseffekten äbsieht swollen wir ihr dies gern
1880 2071 2898 2116 Erde kleben. Zur äußeren Ausstattung ist zu be¬
842 2114 1862 2162 zugestehen, doch fst hiermit allein doch noch lange
1885 2108 2899 2177 merken, das die eigentliche Handlung sich hinter den
850 2166 1858 2225 nicht der Zweck „idealen“ Strebens auf der Bühne
1889 2143 2912 2225 Coulissen abspielt und auf der Bühne durch minu¬
853 2219 1867 2274 erreicht. Dieses richtet sich vielmehr darauf, durch
1876 2214 2900 2266 tiöse Detailmalerei ersetzt ist, welche die allerdings
849 2255 1869 2326 Verkörperung einer erhabenen „Idee“ den Zuschauer
1884 2250 2909 2319 fesselnden Gespräche beleben soll. Von den Schau¬
846 2300 1867 2352 in seinen Anschauungen zu veredeln. Und da müs¬
1877 2303 2905 2382 spielern führte Herr Walther seine Rolle des al¬
839 2357 1855 2427 sen wir schon fragen, was ist denn in der „Liebelei“
1882 2355 2917 2417 ten, zärtlichen und so ins Unglück geratenen Mu¬
853 2402 1855 2472 eigentlich die Idee, mit welcher der Verfasser auf
1889 2412 2954 2488 sikanten Weiring am besten durch. Dessen Tochter.
846 2453 1863 2517 sein Publikum einwirken will? Etwa der Gegen¬
1879 2468 2895 2522 wurde von Frl. Blanche recht natürlich gespielt,
2908 2474 2999 2541 8
848 2504 1855 2560 satz der echten, tiefen Liebe zur oberflächlichen Spie¬
1877 2504 2891 2575 nur im letzten Akt hätte die seelische Aufregung die¬
852 2552 1865 2617 lerei? Sollte dies der Fall sein, so ist dem Ver¬
1882 2552 2894 2615 ses Mädchens sich noch mehr in den Mienen, nicht
852 2596 1864 2675 fasser die Lösung der Aufgabe ziemlich vorbeige¬
1883 2604 2893 2665 blos in den Augen, ausprägen können. Frl. Bauer
857 2641 1851 2709 glückt. Diese aufopfernde Liebe der jungfräulichen
1888 2650 2896 2719 gab die leichtsinnige, mit einem Körnchen Gutmü¬
846 2702 1854 2754 Heldin des Stückes, welche aber nicht einmal unan¬
1887 2700 2892 2758 tigkeit durchsetzte Modistin Mizi ohne Fehl, wobei
910 2747 1868 2795 taftet bleibt, kann unmöglich versittlichend und
1880 2750 2899 2821 sie den Wiener Dialekt wie Herr Sandory, The¬
886 2787 1854 2850 eredelnd auf den Zuschauer wirken, höchstens Be¬
1886 2802 2911 2863 odor, gleich der Muttersprache handhabte. Herr
853 2843 1864 2892 dauern über das arme Geschöpf in ihm hervorru¬
1877 2848 2891 2905 Lang war sehr gut als Fritz Lobheimer, der durch
853 2890 1863 2956 fen. Man vergleich= den Inhalt: Zwei flotte
1874 2891 2887 2948 sein unbesonnenes, unmora#'sches Leben die Kata¬
844 2947 1855 3008 Kavaliere empfangen in der Junggesellenwohnung
1880 2941 2901 2996 strophe heraufbeschwör und das Fehlsame seines
846 2987 1853 3042 des einen den Besuch zweier Mädchen, einer feschen,
1875 2989 2897 3048 Handelns zu spät reuevoll erkennt. Herr Ludwig
851 3039 1848 3098 leichtfertigen Konfektioneuse und eines unschuldigen,
1879 3043 2899 3102 spielte die kurze Episode des namenlosen, fremden
848 3095 1855 3150 jungen Dinges, der Tochter eines alten Musikan¬
1875 3088 2889 3150 Herrn, des betrogenen und Rechenschaft fordernden
853 3136 1862 3199 ten. In die fröhliche Gesellschaft fährt einer Boube
1881 3134 2894 3206 Gatten vorzüglich. Frl. Umainski, Katharine
842 3193 1853 3249 gleich ein fremder Herr, um Rechenschaft von dem
1877 3184 2890 3233 Binder, hat sich noch immer nicht den Fehler un¬
844 3225 1851 3298 Inhaber der Wohnung für den Verrat zu üben,
1881 3237 2897 3291 deutlichen Sprechens abgewöhnt. Das Haus war leer.
850 3281 1858 3323 den letzterer durch geheime Anknüpfung eines ver¬
1930 3280 2886 3351 Am Dienstag wird zum Benefiz für Frl.
845 3336 1851 3393 botenen Verhältnisses mit der Gattin des ersteren
1860 3322 2898 3416 Blanche Marlitts „Goldelse“ gegeben werden.
844 3372 1854 3428 begangen hat. Die fatale Aussprache endet mit
847 3419 1871 3479 einer Forderung, welche den Tod des Frevlers
840 3475 1871 3524 im Duell am ander Tage zur Folge hat. Als
847 3525 1863 3591 seine Geliebte, das oben erwähnte bisher unbeschol¬
845 3567 1866 3633 tene Mädchen, welches aber auch schnell noch diese
842 3623 1863 3683 Eigenschaft verlieren uß, nach 3 Tagen den Zu¬
851 3661 1860 3731 sammenhang erfährt, stürzt sie zum Grabe des Er¬
849 3715 1886 3799 schossenen, von welchem sie nach den Worten ihrer¬
