<?xml version="1.0" encoding="UTF-8" standalone="yes"?>
<PcGts xmlns="http://schema.primaresearch.org/PAGE/gts/pagecontent/2013-07-15" xmlns:xsi="http://www.w3.org/2001/XMLSchema-instance" xsi:schemaLocation="http://schema.primaresearch.org/PAGE/gts/pagecontent/2013-07-15 http://schema.primaresearch.org/PAGE/gts/pagecontent/2013-07-15/pagecontent.xsd">
    <Metadata>
        <Creator>prov=University of Rostock/Institute of Mathematics/CITlab/Gundram Leifert/gundram.leifert@uni-rostock.de:name=ONB_Newseye_GT_M1+(htr_id=10810)::::v=2.4.2
prov=University of Rostock/Institute of Mathematics/CITlab/Tobias Gruening/tobias.gruening@uni-rostock.de:name=de.uros.citlab.module.baseline2polygon.B2PSeamMultiOriented:v=2.4.2
prov=University of Rostock/Institute of Mathematics/CITlab/Tobias Gruening/tobias.gruening@uni-rostock.de:name=/mnt/transkribus/LA/DEA/URO/LA_news_onb_att.pb:de.uros.citlab.segmentation.CITlab_LA_ML:v=2.4.2
Transkribus</Creator>
        <Created>2019-10-07T11:51:06.660+02:00</Created>
        <LastChange>2019-10-09T02:17:34.842+02:00</LastChange>
        <TranskribusMetadata docId="223992" pageId="9507018" pageNr="329" tsid="16619086" status="IN_PROGRESS" userId="40391" imgUrl="https://files.transkribus.eu/Get?id=KHZFMDBMYIZDKKJEDZAJGRKS&amp;fileType=view" xmlUrl="https://files.transkribus.eu/Get?id=KUKNPCCJHDAIODMQKUMDJLEI" imageId="6196802"/>
    </Metadata>
    <Page imageFilename="223992_0329.jpeg" imageWidth="3484" imageHeight="4224">
        <ReadingOrder>
            <OrderedGroup id="ro_1711445778881" caption="Regions reading order">
                <RegionRefIndexed index="0" regionRef="r1"/>
            </OrderedGroup>
        </ReadingOrder>
        <TextRegion orientation="0.0" id="r1" custom="readingOrder {index:0;}">
            <Coords points="360,195 360,3143 2997,3143 2997,195"/>
            <TextLine id="r1l1" custom="readingOrder {index:0;}">
                <Coords points="820,227 844,229 847,226 855,230 862,227 876,228 881,164 861,162 854,168 852,165 842,173 825,171"/>
                <Baseline points="835,215 863,217"/>
                <TextEquiv>
                    <Unicode>2</Unicode>
                </TextEquiv>
            </TextLine>
            <TextLine id="r1l2" custom="readingOrder {index:1;}">
                <Coords points="610,231 707,231 727,223 733,228 754,228 754,182 736,182 719,173 704,185 677,164 651,167 633,182 625,176 610,176"/>
                <Baseline points="624,219 652,220 681,221 709,220 738,219"/>
                <TextEquiv>
                    <Unicode>ebe</Unicode>
                </TextEquiv>
            </TextLine>
            <TextLine id="r1l3" custom="readingOrder {index:2;}">
                <Coords points="1029,225 1096,228 1114,245 1190,231 1211,246 1252,225 1322,246 1387,231 1419,246 1483,220 1484,135 1366,158 1325,137 1243,134 1193,172 1096,152 1055,178 1029,172"/>
                <Baseline points="1043,222 1068,220 1093,219 1118,218 1143,218 1168,218 1193,218 1218,219 1243,220 1268,220 1293,221 1318,221 1343,222 1368,221 1393,221 1418,220 1443,218 1469,216"/>
                <TextEquiv>
                    <Unicode>box 10/4</Unicode>
                </TextEquiv>
            </TextLine>
            <TextLine id="r1l4" custom="readingOrder {index:3;}">
                <Coords points="345,261 474,248 647,272 835,251 1031,272 1032,196 973,204 938,180 841,213 803,189 747,215 633,216 587,168 346,164"/>
                <Baseline points="360,217 392,224 425,228 458,233 491,236 524,239 557,241 590,243 623,244 656,245 689,245 721,245 754,245 787,244 820,243 853,242 886,240 919,239 952,238 985,236 1018,235"/>
                <TextEquiv>
                    <Unicode>5. Liczeler</Unicode>
                </TextEquiv>
            </TextLine>
            <TextLine id="r1l5" custom="readingOrder {index:4;}">
                <Coords points="794,1539 1867,1563 1867,1502 1809,1487 794,1507"/>
                <Baseline points="809,1538 861,1538 913,1538 965,1538 1017,1538 1069,1538 1121,1538 1173,1539 1225,1539 1277,1540 1330,1541 1382,1541 1434,1542 1486,1542 1538,1542 1590,1543 1642,1543 1694,1543 1746,1543 1798,1543 1851,1542"/>
                <TextEquiv>
                    <Unicode>ogenannten décadence in Kunst und Leben: es stirbt eben</Unicode>
                </TextEquiv>
            </TextLine>
            <TextLine id="r1l6" custom="readingOrder {index:5;}">
                <Coords points="885,1585 1444,1612 1926,1574 1926,1548 1850,1538 885,1541"/>
                <Baseline points="898,1581 948,1579 999,1578 1050,1577 1100,1577 1151,1577 1202,1578 1252,1579 1303,1580 1354,1582 1405,1583 1455,1584 1506,1586 1557,1587 1607,1588 1658,1588 1709,1588 1759,1587 1810,1587 1861,1585 1912,1582"/>
                <TextEquiv>
                    <Unicode>schaft, ohne daß sich schon während des Todesprozesses es</Unicode>
                </TextEquiv>
            </TextLine>
            <TextLine id="r1l7" custom="readingOrder {index:6;}">
                <Coords points="875,1617 1127,1631 1186,1620 1201,1635 1330,1618 1330,1592 1245,1582 875,1582"/>
                <Baseline points="890,1615 915,1615 940,1614 965,1614 990,1613 1015,1613 1040,1613 1065,1613 1090,1614 1115,1614 1140,1614 1165,1615 1190,1615 1215,1616 1240,1616 1265,1617 1290,1617 1315,1618"/>
                <TextEquiv>
                    <Unicode>des neuen Lebens zeigen.</Unicode>
                </TextEquiv>
            </TextLine>
            <TextLine id="r1l8" custom="readingOrder {index:7;}">
                <Coords points="1840,1645 1854,1644 1885,1624 1894,1626 1902,1620 1920,1619 1917,1583 1888,1586 1879,1578 1873,1584 1853,1588 1850,1592 1836,1593"/>
                <Baseline points="1852,1620 1878,1616 1904,1616"/>
                <TextEquiv>
                    <Unicode>E</Unicode>
                </TextEquiv>
            </TextLine>
            <TextLine id="r1l9" custom="readingOrder {index:8;}">
                <Coords points="910,1663 1845,1675 1846,1631 911,1616"/>
                <Baseline points="926,1649 971,1650 1016,1651 1061,1651 1107,1652 1152,1653 1197,1654 1243,1655 1288,1656 1333,1657 1379,1658 1424,1659 1469,1659 1514,1661 1560,1661 1605,1662 1650,1663 1696,1664 1741,1664 1786,1665 1832,1665"/>
                <TextEquiv>
                    <Unicode>rs Dichtung hat nur einen Fehler: der erste Akt mit</Unicode>
                </TextEquiv>
            </TextLine>
            <TextLine id="r1l10" custom="readingOrder {index:9;}">
                <Coords points="1840,1673 1857,1670 1863,1673 1883,1667 1893,1675 1901,1668 1916,1666 1910,1625 1881,1626 1865,1637 1852,1630 1835,1635"/>
                <Baseline points="1854,1668 1900,1662"/>
                <TextEquiv>
                    <Unicode>„2</Unicode>
                </TextEquiv>
            </TextLine>
            <TextLine id="r1l11" custom="readingOrder {index:10;}">
                <Coords points="869,1714 1761,1713 1834,1708 1835,1670 870,1658"/>
                <Baseline points="885,1694 931,1693 978,1692 1025,1691 1071,1691 1118,1692 1165,1692 1211,1693 1258,1695 1305,1696 1352,1698 1398,1699 1445,1700 1492,1702 1538,1703 1585,1704 1632,1704 1678,1705 1725,1705 1772,1704 1819,1703"/>
                <TextEquiv>
                    <Unicode>henden Lebenslust ertötet fast die tragische Handlung, die</Unicode>
                </TextEquiv>
            </TextLine>
            <TextLine id="r1l12" custom="readingOrder {index:11;}">
                <Coords points="1840,1706 1866,1705 1878,1710 1887,1719 1890,1716 1896,1718 1908,1706 1922,1706 1921,1662 1903,1662 1892,1672 1883,1666 1874,1672 1865,1673 1856,1667 1839,1668"/>
                <Baseline points="1854,1702 1881,1702 1908,1700"/>
                <TextEquiv>
                    <Unicode>w</Unicode>
                </TextEquiv>
            </TextLine>
            <TextLine id="r1l13" custom="readingOrder {index:12;}">
                <Coords points="852,1737 1841,1748 1841,1709 1771,1705 853,1707"/>
                <Baseline points="866,1733 914,1732 962,1732 1010,1732 1058,1733 1106,1733 1154,1734 1202,1735 1250,1736 1298,1738 1346,1739 1394,1740 1442,1741 1490,1742 1538,1743 1586,1743 1634,1744 1682,1743 1730,1742 1778,1741 1826,1739"/>
                <TextEquiv>
                    <Unicode>"Diese Studentenbude mit der Abendmahlzeit zu Vieren</Unicode>
                </TextEquiv>
            </TextLine>
            <TextLine id="r1l14" custom="readingOrder {index:13;}">
                <Coords points="1842,1745 1875,1747 1880,1750 1893,1739 1898,1745 1913,1746 1915,1711 1897,1710 1892,1704 1889,1707 1845,1704"/>
                <Baseline points="1858,1737 1900,1739"/>
                <TextEquiv>
                    <Unicode>in</Unicode>
                </TextEquiv>
            </TextLine>
            <TextLine id="r1l15" custom="readingOrder {index:14;}">
                <Coords points="1107,1773 1755,1793 1846,1780 1847,1744 1108,1744"/>
                <Baseline points="1122,1769 1157,1771 1193,1773 1228,1774 1264,1776 1299,1777 1335,1778 1370,1779 1406,1780 1441,1781 1477,1781 1512,1782 1548,1782 1583,1782 1619,1782 1654,1781 1690,1781 1725,1780 1761,1780 1796,1779 1832,1778"/>
                <TextEquiv>
                    <Unicode>ebelei, mit der leichtsinnigen Militär¬</Unicode>
                </TextEquiv>
            </TextLine>
            <TextLine id="r1l16" custom="readingOrder {index:15;}">
                <Coords points="1119,1816 1324,1833 1354,1810 1439,1837 1535,1814 1764,1819 1872,1846 1873,1785 1841,1767 1653,1795 1119,1778"/>
                <Baseline points="1133,1815 1169,1815 1205,1815 1241,1816 1277,1816 1314,1817 1350,1817 1386,1818 1422,1818 1458,1819 1495,1819 1531,1819 1567,1820 1603,1820 1639,1820 1676,1820 1712,1821 1748,1821 1784,1820 1820,1820 1857,1820"/>
                <TextEquiv>
                    <Unicode>sentimentalen Christine — wie wahr und</Unicode>
                </TextEquiv>
            </TextLine>
            <TextLine id="r1l17" custom="readingOrder {index:16;}">
                <Coords points="868,1853 1841,1877 1868,1813 868,1815"/>
                <Baseline points="882,1847 930,1848 979,1849 1027,1850 1076,1850 1125,1851 1173,1852 1222,1853 1270,1854 1319,1855 1368,1855 1416,1856 1465,1857 1513,1858 1562,1858 1611,1859 1659,1860 1708,1861 1756,1861 1805,1862 1854,1863"/>
                <TextEquiv>
                    <Unicode>das alles abkonterfeit! Nach dem warmen Leben,</Unicode>
                </TextEquiv>
            </TextLine>
            <TextLine id="r1l18" custom="readingOrder {index:17;}">
                <Coords points="939,1894 1857,1908 1857,1876 1807,1858 939,1853"/>
                <Baseline points="953,1890 997,1890 1041,1889 1086,1889 1130,1890 1175,1890 1219,1891 1263,1891 1308,1892 1352,1893 1397,1893 1441,1894 1485,1895 1530,1895 1574,1896 1619,1897 1663,1897 1707,1898 1752,1898 1796,1898 1841,1898"/>
                <TextEquiv>
                    <Unicode>ntgegenlacht, wirkt die thränenreiche Sentimentalität</Unicode>
                </TextEquiv>
            </TextLine>
            <TextLine id="r1l19" custom="readingOrder {index:18;}">
                <Coords points="900,1929 1850,1952 1851,1908 988,1904 901,1876"/>
                <Baseline points="914,1926 960,1927 1006,1927 1052,1927 1098,1928 1144,1928 1190,1929 1237,1930 1283,1931 1329,1931 1375,1932 1421,1933 1467,1934 1513,1934 1560,1935 1606,1935 1652,1936 1698,1936 1744,1936 1790,1935 1837,1935"/>
                <TextEquiv>
                    <Unicode>Aktes etwas einschläfernd, bis wir durch die wuchtigen</Unicode>
                </TextEquiv>
            </TextLine>
            <TextLine id="r1l20" custom="readingOrder {index:19;}">
                <Coords points="1002,1976 1052,1985 1102,1962 1114,1974 1152,1980 1178,1969 1205,1981 1219,1972 1255,1978 1255,1940 1202,1940 1173,1930 1144,1939 1106,1930 1003,1935"/>
                <Baseline points="1017,1970 1045,1969 1073,1969 1101,1969 1129,1970 1157,1970 1185,1970 1213,1971 1241,1972"/>
                <TextEquiv>
                    <Unicode>rophe aus dem</Unicode>
                </TextEquiv>
            </TextLine>
            <TextLine id="r1l21" custom="readingOrder {index:20;}">
                <Coords points="1279,1976 1297,1977 1309,1981 1321,1973 1341,1975 1344,1934 1330,1933 1327,1929 1315,1937 1312,1934 1303,1934 1297,1939 1282,1938"/>
                <Baseline points="1294,1970 1326,1972"/>
                <TextEquiv>
                    <Unicode>ein</Unicode>
                </TextEquiv>
            </TextLine>
            <TextLine id="r1l22" custom="readingOrder {index:21;}">
                <Coords points="1326,1974 1819,1983 1839,1977 1840,1939 1327,1933"/>
                <Baseline points="1341,1970 1366,1970 1391,1970 1417,1970 1442,1971 1468,1971 1493,1972 1519,1972 1544,1972 1570,1973 1595,1974 1621,1974 1646,1975 1672,1975 1697,1975 1723,1975 1748,1975 1774,1975 1799,1975 1825,1974"/>
                <TextEquiv>
                    <Unicode>ierlichen Wiener Dusel wieder</Unicode>
                </TextEquiv>
            </TextLine>
            <TextLine id="r1l23" custom="readingOrder {index:22;}">
                <Coords points="993,2009 1040,2007 1052,2016 1063,2007 1104,2017 1154,2005 1195,2021 1213,2009 1280,2019 1281,1975 1252,1969 1205,1983 1184,1971 1111,1970 1102,1961 1043,1986 993,1974"/>
                <Baseline points="1009,2008 1034,2006 1060,2006 1085,2006 1111,2006 1137,2006 1162,2007 1188,2007 1213,2008 1239,2009 1265,2010"/>
                <TextEquiv>
                    <Unicode>n. Aber es lohr</Unicode>
                </TextEquiv>
            </TextLine>
            <TextLine id="r1l24" custom="readingOrder {index:23;}">
                <Coords points="1378,2018 1466,2022 1481,2007 1525,2022 1557,2011 1572,2026 1648,2012 1847,2028 1848,1978 1554,1987 1378,1974"/>
                <Baseline points="1393,2011 1418,2011 1444,2011 1470,2012 1496,2012 1522,2013 1547,2013 1573,2014 1599,2014 1625,2015 1651,2015 1677,2015 1702,2015 1728,2015 1754,2015 1780,2014 1806,2014 1832,2013"/>
                <TextEquiv>
                    <Unicode>doch, bis zum Ende aus¬</Unicode>
                </TextEquiv>
            </TextLine>
            <TextLine id="r1l25" custom="readingOrder {index:24;}">
                <Coords points="950,2053 1842,2062 1822,2018 951,2009"/>
                <Baseline points="965,2046 1008,2046 1051,2046 1094,2047 1137,2047 1180,2047 1223,2047 1267,2048 1310,2048 1353,2048 1396,2049 1439,2049 1482,2050 1525,2050 1569,2051 1612,2051 1655,2052 1698,2052 1741,2053 1784,2054 1828,2055"/>
                <TextEquiv>
                    <Unicode>n die tragische Steigerung dieses Schlußaktes vor</Unicode>
                </TextEquiv>
            </TextLine>
            <TextLine id="r1l26" custom="readingOrder {index:25;}">
                <Coords points="954,2091 1836,2094 1836,2065 1757,2049 954,2053"/>
                <Baseline points="968,2083 1010,2084 1053,2085 1095,2086 1138,2086 1181,2087 1223,2087 1266,2088 1309,2089 1351,2089 1394,2089 1437,2090 1479,2090 1522,2090 1565,2091 1607,2091 1650,2091 1693,2091 1735,2091 1778,2092 1821,2092"/>
                <TextEquiv>
                    <Unicode>an, da der greise Violinspieler zitternd sein Kin</Unicode>
                </TextEquiv>
            </TextLine>
            <TextLine id="r1l27" custom="readingOrder {index:26;}">
                <Coords points="913,2126 1840,2131 1840,2096 1732,2086 914,2087"/>
                <Baseline points="929,2124 973,2124 1018,2125 1063,2125 1108,2125 1152,2126 1197,2127 1242,2127 1287,2128 1331,2128 1376,2129 1421,2129 1466,2130 1510,2130 1555,2130 1600,2131 1645,2131 1689,2131 1734,2131 1779,2131 1824,2130"/>
                <TextEquiv>
                    <Unicode>bare Trauerbotschaft vorbereitet, bis zum letzten Weh</Unicode>
                </TextEquiv>
            </TextLine>
            <TextLine id="r1l28" custom="readingOrder {index:27;}">
                <Coords points="941,2163 1841,2162 1815,2132 941,2131"/>
                <Baseline points="955,2162 998,2163 1042,2163 1085,2164 1129,2164 1173,2165 1216,2165 1260,2166 1303,2166 1347,2166 1391,2167 1434,2167 1478,2167 1521,2167 1565,2168 1609,2168 1652,2168 1696,2169 1739,2169 1783,2170 1827,2170"/>
                <TextEquiv>
                    <Unicode>dem die einzige Tochter in den Tod eilt ist meister</Unicode>
                </TextEquiv>
            </TextLine>
            <TextLine id="r1l29" custom="readingOrder {index:28;}">
                <Coords points="883,2213 1765,2218 1836,2203 1836,2162 883,2166"/>
                <Baseline points="897,2200 943,2201 989,2201 1035,2202 1081,2203 1127,2203 1173,2204 1220,2205 1266,2206 1312,2206 1358,2207 1404,2207 1450,2207 1496,2207 1543,2207 1589,2207 1635,2207 1681,2206 1727,2205 1773,2204 1820,2203"/>
                <TextEquiv>
                    <Unicode>führt. Dem Geliebten ist ein Unglück widerfahren —</Unicode>
                </TextEquiv>
            </TextLine>
            <TextLine id="r1l30" custom="readingOrder {index:29;}">
                <Coords points="871,2240 1857,2243 1828,2195 872,2207"/>
                <Baseline points="885,2240 932,2240 980,2241 1028,2241 1076,2242 1124,2242 1172,2243 1220,2244 1268,2244 1316,2245 1364,2246 1411,2246 1459,2247 1507,2247 1555,2247 1603,2248 1651,2248 1699,2248 1747,2247 1795,2247 1843,2246"/>
                <TextEquiv>
                    <Unicode> er ist im Duell gefallen — im Duell um eines anderen</Unicode>
                </TextEquiv>
            </TextLine>
            <TextLine id="r1l31" custom="readingOrder {index:30;}">
                <Coords points="668,2284 1530,2303 1815,2294 1836,2259 669,2246"/>
                <Baseline points="684,2277 740,2277 797,2278 854,2278 911,2278 968,2279 1024,2279 1081,2280 1138,2281 1195,2281 1252,2282 1308,2283 1365,2283 1422,2284 1479,2285 1536,2286 1592,2287 1649,2287 1706,2288 1763,2289 1820,2290"/>
                <TextEquiv>
                    <Unicode>Weibes willen — er ist bereits begraben — und das alles, ohn¬</Unicode>
                </TextEquiv>
            </TextLine>
            <TextLine id="r1l32" custom="readingOrder {index:31;}">
                <Coords points="698,2327 848,2322 877,2337 918,2319 1038,2320 1088,2335 1182,2315 1182,2292 1100,2277 1024,2294 939,2273 698,2289"/>
                <Baseline points="714,2317 739,2319 764,2320 789,2321 814,2321 840,2321 865,2321 890,2321 915,2320 941,2320 966,2320 991,2319 1016,2319 1041,2320 1067,2320 1092,2321 1117,2322 1142,2324 1168,2326"/>
                <TextEquiv>
                    <Unicode>aß man ihr etwas sagte —</Unicode>
                </TextEquiv>
            </TextLine>
            <TextLine id="r1l33" custom="readingOrder {index:32;}">
                <Coords points="1169,2317 1474,2342 1609,2323 1832,2335 1832,2294 1735,2285 1169,2291"/>
                <Baseline points="1184,2321 1215,2322 1247,2323 1279,2323 1310,2324 1342,2324 1374,2324 1405,2324 1437,2324 1469,2324 1501,2324 1532,2324 1564,2324 1596,2324 1627,2324 1659,2325 1691,2325 1722,2325 1754,2326 1786,2326 1818,2327"/>
                <TextEquiv>
                    <Unicode>diese Enthüllungen, die sich Schlag</Unicode>
                </TextEquiv>
            </TextLine>
            <TextLine id="r1l34" custom="readingOrder {index:33;}">
                <Coords points="762,2371 1818,2367 1791,2328 762,2322"/>
                <Baseline points="778,2357 829,2358 880,2359 931,2359 982,2360 1034,2360 1085,2361 1136,2361 1187,2361 1238,2362 1290,2362 1341,2362 1392,2363 1443,2363 1494,2363 1546,2363 1597,2364 1648,2364 1699,2364 1750,2364 1802,2364"/>
                <TextEquiv>
                    <Unicode>Schlag folgen, brechen stückweist das Herz des liebenden Mäd¬</Unicode>
                </TextEquiv>
            </TextLine>
            <TextLine id="r1l35" custom="readingOrder {index:34;}">
                <Coords points="1825,2391 1849,2388 1858,2394 1890,2396 1910,2390 1922,2396 1931,2387 1943,2396 1981,2395 1980,2346 1963,2343 1928,2355 1916,2346 1910,2352 1881,2347 1825,2350"/>
                <Baseline points="1839,2393 1864,2390 1890,2390 1915,2391 1941,2391 1967,2389"/>
                <TextEquiv>
                    <Unicode>haupts</Unicode>
                </TextEquiv>
            </TextLine>
            <TextLine id="r1l36" custom="readingOrder {index:35;}">
                <Coords points="703,2403 1460,2396 1797,2435 1821,2367 703,2365"/>
                <Baseline points="718,2396 772,2397 826,2398 881,2399 935,2399 990,2400 1044,2401 1098,2402 1153,2402 1207,2403 1262,2404 1316,2404 1370,2404 1425,2405 1479,2405 1534,2406 1588,2406 1642,2406 1697,2407 1751,2407 1806,2407"/>
                <TextEquiv>
                    <Unicode>ens, das ihrem Fritz alles zu sein wähnte und nun schaudernd</Unicode>
                </TextEquiv>
            </TextLine>
            <TextLine id="r1l37" custom="readingOrder {index:36;}">
                <Coords points="1807,2441 1851,2438 1857,2432 1875,2438 1892,2432 1907,2440 1924,2428 1939,2428 1948,2437 1957,2428 1980,2434 1980,2390 1953,2396 1933,2387 1924,2396 1901,2390 1892,2399 1851,2388 1842,2394 1830,2385 1821,2394 1807,2394"/>
                <Baseline points="1822,2425 1850,2425 1879,2425 1908,2425 1937,2425 1966,2423"/>
                <TextEquiv>
                    <Unicode>in folg</Unicode>
                </TextEquiv>
            </TextLine>
            <TextLine id="r1l38" custom="readingOrder {index:37;}">
                <Coords points="650,2443 1659,2443 1533,2401 650,2408"/>
                <Baseline points="665,2436 716,2436 768,2436 819,2436 871,2437 922,2437 974,2437 1025,2438 1077,2438 1128,2439 1180,2440 1231,2440 1283,2441 1334,2441 1386,2442 1437,2442 1489,2442 1540,2443 1592,2443 1644,2443"/>
                <TextEquiv>
                    <Unicode>einsieht, daß sie ihm nichts war als eine — Liebelei.</Unicode>
                </TextEquiv>
            </TextLine>
            <TextLine id="r1l39" custom="readingOrder {index:38;}">
                <Coords points="728,2475 1827,2493 1828,2428 728,2443"/>
                <Baseline points="743,2477 796,2476 849,2476 903,2477 956,2477 1010,2478 1063,2478 1117,2479 1170,2480 1224,2481 1277,2482 1330,2483 1384,2483 1437,2484 1491,2484 1544,2484 1598,2484 1651,2484 1705,2483 1758,2482 1812,2480"/>
                <TextEquiv>
                    <Unicode>Die Aufführung selbst, die nächst dem Dichter Herrn Hänseler</Unicode>
                </TextEquiv>
            </TextLine>
            <TextLine id="r1l40" custom="readingOrder {index:39;}">
                <Coords points="1823,2508 1849,2505 1861,2514 1879,2508 1908,2509 1914,2503 1934,2506 1935,2465 1914,2462 1900,2470 1888,2459 1873,2464 1864,2455 1838,2464 1823,2464"/>
                <Baseline points="1837,2502 1865,2500 1893,2499 1921,2504"/>
                <TextEquiv>
                    <Unicode>der</Unicode>
                </TextEquiv>
            </TextLine>
            <TextLine id="r1l41" custom="readingOrder {index:40;}">
                <Coords points="657,2519 1821,2528 1821,2493 1672,2482 657,2463"/>
                <Baseline points="671,2513 727,2513 784,2514 841,2514 897,2515 954,2515 1011,2516 1067,2517 1124,2518 1181,2519 1238,2519 1294,2520 1351,2521 1408,2522 1464,2522 1521,2523 1578,2524 1634,2525 1691,2525 1748,2526 1805,2527"/>
                <TextEquiv>
                    <Unicode>und Herrn Körner ihren#  Erfolg verdankt, werde ich morgen</Unicode>
                </TextEquiv>
            </TextLine>
            <TextLine id="r1l42" custom="readingOrder {index:41;}">
                <Coords points="1827,2545 1857,2543 1900,2551 1962,2547 1963,2509 1940,2508 1934,2502 1902,2512 1872,2512 1858,2505 1828,2504"/>
                <Baseline points="1842,2541 1868,2542 1895,2543 1921,2543 1948,2545"/>
                <TextEquiv>
                    <Unicode>darauf</Unicode>
                </TextEquiv>
            </TextLine>
            <TextLine id="r1l43" custom="readingOrder {index:42;}">
                <Coords points="654,2582 769,2580 795,2562 810,2577 869,2563 968,2575 1006,2567 1007,2526 971,2534 945,2517 778,2527 655,2518"/>
                <Baseline points="670,2555 696,2556 723,2556 750,2556 777,2557 803,2557 830,2557 857,2557 884,2557 910,2557 937,2557 964,2558 991,2558"/>
                <TextEquiv>
                    <Unicode>näher besprechen.</Unicode>
                </TextEquiv>
            </TextLine>
            <TextLine id="r1l44" custom="readingOrder {index:43;}">
                <Coords points="1685,2558 1761,2565 1779,2585 1809,2585 1819,2598 1842,2582 1917,2596 1961,2591 1966,2547 1883,2551 1842,2544 1832,2531 1816,2544 1803,2528 1775,2537 1753,2526 1743,2534 1688,2529"/>
                <Baseline points="1700,2561 1727,2563 1755,2566 1782,2570 1810,2574 1837,2579 1865,2582 1892,2584 1920,2582 1948,2577"/>
                <TextEquiv>
                    <Unicode>###, bewuß</Unicode>
                </TextEquiv>
            </TextLine>
            <TextLine id="r1l45" custom="readingOrder {index:44;}">
                <Coords points="1825,2621 1840,2619 1856,2630 1861,2626 1902,2626 1916,2616 1929,2626 1961,2621 1957,2580 1940,2581 1920,2595 1905,2587 1822,2583"/>
                <Baseline points="1840,2620 1866,2618 1893,2618 1919,2616 1946,2608"/>
                <TextEquiv>
                    <Unicode>hier w</Unicode>
                </TextEquiv>
            </TextLine>
            <TextLine id="r1l46" custom="readingOrder {index:45;}">
                <Coords points="735,2614 1641,2640 1820,2627 1821,2586 736,2579"/>
                <Baseline points="749,2613 801,2614 854,2614 907,2615 960,2616 1013,2616 1065,2617 1118,2618 1171,2618 1224,2619 1277,2620 1329,2620 1382,2621 1435,2621 1488,2622 1541,2622 1593,2622 1646,2622 1699,2622 1752,2622 1805,2621"/>
                <TextEquiv>
                    <Unicode>= Die Bühnensestspiele in Beirenth. Die diesjährigen Fest¬</Unicode>
                </TextEquiv>
            </TextLine>
            <TextLine id="r1l47" custom="readingOrder {index:46;}">
                <Coords points="692,2660 1806,2673 1827,2629 692,2616"/>
                <Baseline points="706,2652 761,2653 816,2654 871,2654 927,2655 982,2656 1037,2658 1093,2659 1148,2660 1203,2661 1259,2662 1314,2663 1369,2663 1424,2664 1480,2664 1535,2664 1590,2663 1646,2662 1701,2661 1756,2660 1812,2657"/>
                <TextEquiv>
                    <Unicode>piele haben mit dem Ring des Nibelungen am Sonntag</Unicode>
                </TextEquiv>
            </TextLine>
            <TextLine id="r1l48" custom="readingOrder {index:47;}">
                <Coords points="1821,2704 1853,2704 1868,2710 1877,2704 1900,2704 1909,2710 1921,2701 1938,2701 1944,2707 1970,2704 1970,2663 1944,2660 1915,2669 1909,2663 1882,2663 1821,2672"/>
                <Baseline points="1835,2699 1865,2698 1896,2697 1926,2698 1957,2699"/>
                <TextEquiv>
                    <Unicode>unerträ</Unicode>
                </TextEquiv>
            </TextLine>
            <TextLine id="r1l49" custom="readingOrder {index:48;}">
                <Coords points="666,2693 1828,2707 1828,2651 667,2652"/>
                <Baseline points="681,2694 737,2695 794,2695 850,2695 907,2696 963,2697 1020,2698 1076,2699 1133,2699 1189,2700 1246,2701 1303,2701 1359,2702 1416,2702 1472,2702 1529,2702 1585,2702 1642,2701 1698,2701 1755,2699 1812,2698"/>
                <TextEquiv>
                    <Unicode>ihren Anfang genommen. Schon Tage am vorher waren sämtliche hier</Unicode>
                </TextEquiv>
            </TextLine>
            <TextLine id="r1l50" custom="readingOrder {index:49;}">
                <Coords points="778,2747 1834,2759 1834,2700 779,2697"/>
                <Baseline points="793,2733 844,2733 895,2734 947,2735 998,2736 1049,2737 1101,2737 1152,2738 1203,2739 1255,2739 1306,2740 1357,2740 1409,2740 1460,2741 1511,2741 1563,2740 1614,2740 1665,2740 1717,2739 1768,2738 1820,2737"/>
                <TextEquiv>
                    <Unicode>fende Züge mit Fremden überfüllt. Das Theater ist voll¬</Unicode>
                </TextEquiv>
            </TextLine>
            <TextLine id="r1l51" custom="readingOrder {index:50;}">
                <Coords points="1826,2781 1856,2777 1874,2785 1900,2782 1923,2787 1941,2775 1950,2783 1967,2783 1966,2742 1919,2746 1875,2718 1866,2718 1857,2727 1825,2728"/>
                <Baseline points="1842,2776 1869,2775 1897,2776 1925,2775 1953,2771"/>
                <TextEquiv>
                    <Unicode>besitzer</Unicode>
                </TextEquiv>
            </TextLine>
            <TextLine id="r1l52" custom="readingOrder {index:51;}">
                <Coords points="789,2777 1818,2788 1818,2741 1730,2734 789,2736"/>
                <Baseline points="804,2773 854,2774 904,2774 954,2774 1004,2775 1054,2775 1104,2776 1154,2777 1204,2777 1254,2778 1304,2778 1354,2778 1404,2779 1454,2779 1504,2779 1554,2779 1604,2778 1654,2778 1704,2777 1754,2776 1804,2775"/>
                <TextEquiv>
                    <Unicode>ausverkauft, viele Gäste, die ohne Billet gekommen waren,</Unicode>
                </TextEquiv>
            </TextLine>
            <TextLine id="r1l53" custom="readingOrder {index:52;}">
                <Coords points="1824,2821 1859,2823 1871,2817 1912,2825 1927,2812 1939,2821 1953,2820 1952,2779 1937,2780 1932,2786 1914,2783 1908,2787 1902,2781 1876,2787 1864,2779 1823,2780"/>
                <Baseline points="1838,2816 1863,2815 1888,2814 1913,2813 1938,2814"/>
                <TextEquiv>
                    <Unicode>Nach</Unicode>
                </TextEquiv>
            </TextLine>
            <TextLine id="r1l54" custom="readingOrder {index:53;}">
                <Coords points="796,2814 1822,2826 1822,2764 1494,2795 796,2785"/>
                <Baseline points="810,2813 859,2813 909,2813 959,2813 1009,2814 1059,2814 1109,2815 1159,2815 1209,2816 1259,2816 1309,2816 1358,2817 1408,2817 1458,2817 1508,2818 1558,2818 1608,2818 1658,2818 1708,2818 1758,2817 1808,2817"/>
                <TextEquiv>
                    <Unicode>unverrichteter Dinge wieder abreisen. Das Wetter war</Unicode>
                </TextEquiv>
            </TextLine>
            <TextLine id="r1l55" custom="readingOrder {index:54;}">
                <Coords points="802,2853 1975,2858 1975,2817 1928,2808 802,2812"/>
                <Baseline points="817,2850 874,2850 931,2851 988,2851 1045,2852 1102,2853 1159,2853 1217,2854 1274,2854 1331,2855 1388,2855 1445,2856 1502,2856 1559,2856 1617,2856 1674,2856 1731,2855 1788,2855 1845,2854 1902,2853 1960,2852"/>
                <TextEquiv>
                    <Unicode>s trübe, klärte sich dann aber wieder auf; kurz vor Beginn leidendi</Unicode>
                </TextEquiv>
            </TextLine>
            <TextLine id="r1l56" custom="readingOrder {index:55;}">
                <Coords points="807,2898 1821,2902 1821,2858 1748,2846 807,2848"/>
                <Baseline points="820,2893 869,2892 918,2891 967,2890 1017,2890 1066,2890 1115,2890 1165,2890 1214,2891 1263,2891 1313,2892 1362,2892 1411,2893 1460,2893 1510,2893 1559,2894 1608,2894 1658,2894 1707,2894 1756,2893 1806,2893"/>
                <TextEquiv>
                    <Unicode>führung ging ein Gewitter nieder. Die Aufführung des</Unicode>
                </TextEquiv>
            </TextLine>
            <TextLine id="r1l57" custom="readingOrder {index:56;}">
                <Coords points="1811,2910 1896,2909 1928,2894 1987,2912 2049,2897 2230,2902 2230,2849 2192,2858 2148,2838 2101,2861 2072,2847 2025,2865 1969,2850 1811,2868"/>
                <Baseline points="1825,2896 1851,2896 1877,2896 1903,2896 1929,2896 1955,2896 1981,2896 2007,2896 2033,2896 2059,2896 2085,2896 2111,2896 2137,2895 2163,2895 2189,2894 2215,2893"/>
                <TextEquiv>
                    <Unicode>zu soldenr</Unicode>
                </TextEquiv>
            </TextLine>
            <TextLine id="r1l58" custom="readingOrder {index:57;}">
                <Coords points="798,2940 1831,2943 1831,2905 1605,2886 799,2899"/>
                <Baseline points="812,2928 862,2929 912,2929 962,2930 1012,2931 1062,2931 1112,2932 1163,2932 1213,2933 1263,2933 1313,2933 1363,2934 1413,2934 1463,2934 1514,2934 1564,2934 1614,2934 1664,2934 1714,2934 1764,2934 1815,2934"/>
                <TextEquiv>
                    <Unicode>gold war wunderbar, stilgerecht und stimmungsvoll insce¬</Unicode>
                </TextEquiv>
            </TextLine>
            <TextLine id="r1l59" custom="readingOrder {index:58;}">
                <Coords points="1875,2933 2975,2946 2975,2897 2920,2881 1876,2898"/>
                <Baseline points="1889,2933 1942,2932 1996,2932 2049,2932 2103,2932 2156,2932 2210,2933 2263,2934 2317,2934 2370,2935 2424,2936 2478,2937 2531,2938 2585,2938 2638,2939 2692,2939 2745,2940 2799,2940 2852,2940 2906,2939 2960,2939"/>
                <TextEquiv>
                    <Unicode>Wurde da einem Bauern ein Kalb mit zwei Köpfen geboren.</Unicode>
                </TextEquiv>
            </TextLine>
            <TextLine id="r1l60" custom="readingOrder {index:59;}">
                <Coords points="786,2974 1818,2976 1818,2935 1716,2929 786,2930"/>
                <Baseline points="800,2966 850,2967 900,2968 950,2968 1000,2969 1050,2970 1100,2971 1150,2971 1200,2972 1250,2973 1301,2973 1351,2974 1401,2974 1451,2975 1501,2975 1551,2975 1601,2975 1651,2974 1701,2974 1751,2973 1802,2972"/>
                <TextEquiv>
                    <Unicode>und machte einen mächtigen Eindruck. Unter den Einzel¬</Unicode>
                </TextEquiv>
            </TextLine>
            <TextLine id="r1l61" custom="readingOrder {index:60;}">
                <Coords points="1824,2974 2997,2994 2998,2936 1825,2933"/>
                <Baseline points="1839,2973 1896,2972 1953,2972 2010,2971 2067,2971 2125,2971 2182,2972 2239,2972 2296,2973 2353,2974 2411,2975 2468,2976 2525,2977 2582,2977 2639,2978 2697,2979 2754,2980 2811,2980 2868,2980 2925,2980 2983,2980"/>
                <TextEquiv>
                    <Unicode>Hörte das der Besitzer einer Schaubude in der Hasenhaide und</Unicode>
                </TextEquiv>
            </TextLine>
            <TextLine id="r1l62" custom="readingOrder {index:61;}">
                <Coords points="769,3017 1819,3017 1819,2978 1722,2972 769,2970"/>
                <Baseline points="784,3006 837,3007 891,3007 944,3008 998,3008 1052,3008 1105,3008 1159,3008 1213,3008 1266,3008 1320,3008 1373,3009 1427,3009 1481,3009 1534,3009 1588,3009 1642,3009 1695,3009 1749,3010 1803,3010"/>
                <TextEquiv>
                    <Unicode>igen ragte besonderskder Alberich des wiederhergestellten Herrn</Unicode>
                </TextEquiv>
            </TextLine>
            <TextLine id="r1l63" custom="readingOrder {index:62;}">
                <Coords points="1827,3019 2941,3020 2941,2979 1827,2972"/>
                <Baseline points="1840,3007 1894,3008 1948,3009 2002,3010 2057,3011 2111,3011 2165,3012 2220,3013 2274,3013 2328,3014 2383,3014 2437,3014 2491,3015 2545,3015 2600,3015 2654,3015 2708,3015 2763,3015 2817,3015 2871,3015 2926,3015"/>
                <TextEquiv>
                    <Unicode>kaufte das Tier und verdiente damit ungeheure Summen.</Unicode>
                </TextEquiv>
            </TextLine>
            <TextLine id="r1l64" custom="readingOrder {index:63;}">
                <Coords points="747,3046 1823,3055 1823,3017 1727,3007 747,3008"/>
                <Baseline points="760,3043 812,3043 864,3044 917,3044 969,3045 1022,3046 1074,3046 1127,3047 1179,3048 1232,3048 1284,3049 1336,3050 1389,3051 1441,3051 1494,3052 1546,3052 1599,3052 1651,3053 1704,3053 1756,3053 1809,3052"/>
                <TextEquiv>
                    <Unicode>edrichs hervor. Zwei Drittel des Publikums bestand aus</Unicode>
                </TextEquiv>
            </TextLine>
            <TextLine id="r1l65" custom="readingOrder {index:64;}">
                <Coords points="1818,3055 2993,3068 2994,3006 1818,3011"/>
                <Baseline points="1832,3045 1889,3045 1946,3046 2004,3047 2061,3048 2119,3049 2176,3050 2233,3051 2291,3052 2348,3053 2406,3054 2463,3054 2520,3055 2578,3055 2635,3055 2693,3055 2750,3055 2807,3054 2865,3053 2922,3052 2980,3050"/>
                <TextEquiv>
                    <Unicode>wird der Landmann um sein Geld gebracht. Herr v. Hammerstein¬</Unicode>
                </TextEquiv>
            </TextLine>
            <TextLine id="r1l66" custom="readingOrder {index:65;}">
                <Coords points="639,3093 3011,3100 639,3032"/>
                <Baseline points="652,3079 769,3083 886,3085 1003,3087 1121,3089 1238,3090 1355,3091 1472,3092 1590,3092 1707,3092 1824,3092 1941,3092 2059,3092 2176,3092 2293,3092 2410,3092 2528,3092 2645,3092 2762,3093 2879,3094 2997,3096"/>
                <TextEquiv>
                    <Unicode>Ausländern, darunter Engländer, namentlich viel Franzosen, sowie Loxten reist natürlich irgend wo anders umyer und spöttelt über</Unicode>
                </TextEquiv>
            </TextLine>
            <TextLine id="r1l67" custom="readingOrder {index:66;}">
                <Coords points="644,3147 988,3132 1155,3153 1249,3130 1328,3154 1401,3131 1378,3096 1293,3090 645,3089"/>
                <Baseline points="658,3122 694,3123 730,3123 767,3124 803,3124 840,3124 876,3124 913,3125 949,3125 986,3125 1022,3125 1058,3125 1095,3125 1131,3125 1168,3126 1204,3126 1241,3126 1277,3126 1314,3127 1350,3127 1387,3128"/>
                <TextEquiv>
                    <Unicode>Gästen aus Arnerika, Japan und China.</Unicode>
                </TextEquiv>
            </TextLine>
            <TextLine id="r1l68" custom="readingOrder {index:67;}">
                <Coords points="1831,3139 2479,3149 2479,3099 2415,3091 1831,3095"/>
                <Baseline points="1846,3128 1877,3130 1908,3131 1939,3132 1970,3133 2001,3133 2032,3133 2063,3133 2094,3133 2125,3132 2156,3131 2187,3131 2218,3130 2249,3130 2280,3129 2311,3129 2342,3128 2373,3128 2404,3129 2435,3129 2466,3130"/>
                <TextEquiv>
                    <Unicode>die Not der wirtschaftlich Schwachen.</Unicode>
                </TextEquiv>
            </TextLine>
            <TextEquiv>
                <Unicode>2
ebe
box 10/4
5. Liczeler
ogenannten décadence in Kunst und Leben: es stirbt eben
schaft, ohne daß sich schon während des Todesprozesses es
des neuen Lebens zeigen.
E
rs Dichtung hat nur einen Fehler: der erste Akt mit
„2
henden Lebenslust ertötet fast die tragische Handlung, die
w
"Diese Studentenbude mit der Abendmahlzeit zu Vieren
in
ebelei, mit der leichtsinnigen Militär¬
sentimentalen Christine — wie wahr und
das alles abkonterfeit! Nach dem warmen Leben,
ntgegenlacht, wirkt die thränenreiche Sentimentalität
Aktes etwas einschläfernd, bis wir durch die wuchtigen
rophe aus dem
ein
ierlichen Wiener Dusel wieder
n. Aber es lohr
doch, bis zum Ende aus¬
n die tragische Steigerung dieses Schlußaktes vor
an, da der greise Violinspieler zitternd sein Kin
bare Trauerbotschaft vorbereitet, bis zum letzten Weh
dem die einzige Tochter in den Tod eilt ist meister
führt. Dem Geliebten ist ein Unglück widerfahren —
 er ist im Duell gefallen — im Duell um eines anderen
Weibes willen — er ist bereits begraben — und das alles, ohn¬
aß man ihr etwas sagte —
diese Enthüllungen, die sich Schlag
Schlag folgen, brechen stückweist das Herz des liebenden Mäd¬
haupts
ens, das ihrem Fritz alles zu sein wähnte und nun schaudernd
in folg
einsieht, daß sie ihm nichts war als eine — Liebelei.
Die Aufführung selbst, die nächst dem Dichter Herrn Hänseler
der
und Herrn Körner ihren#  Erfolg verdankt, werde ich morgen
darauf
näher besprechen.
###, bewuß
hier w
= Die Bühnensestspiele in Beirenth. Die diesjährigen Fest¬
piele haben mit dem Ring des Nibelungen am Sonntag
unerträ
ihren Anfang genommen. Schon Tage am vorher waren sämtliche hier
fende Züge mit Fremden überfüllt. Das Theater ist voll¬
besitzer
ausverkauft, viele Gäste, die ohne Billet gekommen waren,
Nach
unverrichteter Dinge wieder abreisen. Das Wetter war
s trübe, klärte sich dann aber wieder auf; kurz vor Beginn leidendi
führung ging ein Gewitter nieder. Die Aufführung des
zu soldenr
gold war wunderbar, stilgerecht und stimmungsvoll insce¬
Wurde da einem Bauern ein Kalb mit zwei Köpfen geboren.
und machte einen mächtigen Eindruck. Unter den Einzel¬
Hörte das der Besitzer einer Schaubude in der Hasenhaide und
igen ragte besonderskder Alberich des wiederhergestellten Herrn
kaufte das Tier und verdiente damit ungeheure Summen.
edrichs hervor. Zwei Drittel des Publikums bestand aus
wird der Landmann um sein Geld gebracht. Herr v. Hammerstein¬
Ausländern, darunter Engländer, namentlich viel Franzosen, sowie Loxten reist natürlich irgend wo anders umyer und spöttelt über
Gästen aus Arnerika, Japan und China.
die Not der wirtschaftlich Schwachen.</Unicode>
            </TextEquiv>
        </TextRegion>
    </Page>
</PcGts>
