3484 3936
1440 -56 1496 33 81
1164 11 1651 124 ES3S
1015 102 1142 173 314 0
670 139 2126 276 Autori si actori vienezi
1027 264 1744 429 la Londra
670 425 2126 534 Cei se va reprezenta In staginnea de toamnä
1084 502 1749 608 a teatrelor londoneze
855 497 1035 627 C
655 598 1409 680 Actualmente sunt deschise la
1434 596 2175 683 La sfärsitul lunei Septembrie
610 654 1391 723 Londra numai 25 de teatre, dar
1400 654 2170 724 va avea loc premiera nouei sale
613 704 1391 772 in Septembrie, cänd in celelalte
1410 710 1884 777 piese „Capul in lat“.
609 761 1387 824 capitale europene va incepe noua
1447 727 2185 837 Titlul englezesc va fi „The
620 812 1385 876 stagiune, vor fi la Londra 50 de
1408 814 1851 878 Unguarded Hour.
618 860 1223 933 teatre in olinä activitate.
1443 830 2185 920 Godfrey Tearle si Rachel
1402 909 2175 984 Berndt, o tänärä parisianà, vor
661 900 1376 990 Programml pentru viitoarea
1404 961 1956 1030 luca rolurile principale.
613 968 1344 1038 stagiune e, stabilit de pe acum.
1430 1013 2163 1071 Hans Jaray va fi si el repre¬
660 1019 1385 1080 Autorii si actorii vienczi ocupä
1402 1051 2165 1131 zentat prin douä piese, dintre
619 1068 1395 1145 un loc important in rrepertoriul
1403 1106 2165 1188 care una va fi „Christina intre
613 1120 1116 1203 stagiuni de toamnä.
1420 1158 1672 1238 cer si iad“.
682 1183 1324 1285 „LIEBELEI“ DE OSKAR
933 1265 981 1300 TI
1637 1243 1929 1330 OPERETA
864 1260 1140 1354 STRAUSS
1441 1352 2168 1431 André Charlot pregäteste ac¬
643 1355 1397 1442 Una din cele mai interesante
1405 1413 2163 1468 tualmente o ravistä si apoi va in
614 1405 1393 1475 premiere va fi versiunea muzi¬
1403 1460 2005 1542 scena o operetä vienezä.
616 1466 1391 1558 calà a dramei lui Arthur Schnitz¬
1437 1496 2170 1576 Sir Oswald Stoll va prezenta
619 1512 968 1593 ler „Liebelei“.
1403 1560 2164 1637 in August la Alhambra opereta
659 1552 1388 1639 Cochran va inscena aceastä
1401 1604 2174 1666 „Tulip Time“ cu actorul ungur
620 1621 1389 1706 operetä de Oskar Strauss in
1395 1655 2162 1731 Steve Geray in rolul principal.
610 1665 921 1742 Septembrie.
1398 1706 2168 1781 Geray si sotia sa Magda Kun
657 1697 1390 1812 Titlul englezesc va fi „Dallian¬
1401 1765 2164 1843 vor apare si in cäteva filme en¬
615 1758 1393 1852 ce. Cochran intentioneazä sä
1409 1809 1620 1880 glezesti.
605 1812 1389 1898 angajeze pentru rolurile princi¬
1434 1846 2220 1934 Magda Kun va fi vedeta primu
613 1876 1257 1945 pale cätiva artisti vienezi.
1404 1912 2041 1984 lui film englezesc in culori.
651 1925 1396 1982 In acest scop isi va petrece va
1444 1966 2169 2022 Cu deosebit interes se asteap¬
615 1973 1266 2052 canta la Viena si Salzburg.
663 1997 2170 2092 In Noembrie va reapare pestä reaparitia lui Richard Tauber
1403 2061 1708 2127 in Giuditta
613 2060 1382 2147 scena londonezä celebra actritä
1434 2099 2165 2191 Si Serge Abramovic va debu¬
614 2131 1077 2194 Elisabeth Bergner.
654 2175 2039 2240 Ea va interpreta noua piesä alta la Londra intr'o operetä.
1422 2200 2165 2281 Lea Leidl, Irene Palasty. Hella
605 2224 1124 2297 lui Sir James Barrie.
654 2243 2156 2343 Cunoscutul actor Oskar Ha-Kurty si Tilly Losch, care se a¬
604 2316 2158 2381 motka, care a jucat in numeroa-flä de mai mult timp in Anglia,
615 2372 2159 2454 se filme, va debuta in teatrul en-vor apare in diverse productii
618 2398 1522 2511 glez in drama lui Beverley Ni-Tnoui.
1445 2446 2160 2531 Grete Mosheim, Lucie Manu¬
608 2474 1029 2557 chols „Mesmer .—
1395 2500 2166 2591 heim si Liane Haid, care joacä
1392 2567 2161 2628 actualmente intr'un film engle¬
615 2549 1388 2656 BERNARD SHAW. FODOR SI
1392 2610 2169 2703 zesc, isi vor incepe deasemeni la
900 2627 1094 2700 IARAV
1403 2668 2159 2747 toamnä activitatea in teatrul lon¬
1400 2712 1569 2775 donez.
650 2703 1389 2793 Noua dramä a lui Shaw „The
1427 2743 2173 2843 Profesorul Leopold Jessner
613 2779 1392 2862 Simpleton of the Unexpected lo¬
1391 2810 2118 2885 pregäteste cäteva productii
616 2828 1391 2897 les va fi reprezentatä la Lon¬
1399 2849 2179 2938 Eugen Robert, care a inregistrat
617 2882 1383 2953 dra imediat dupä premiera din
1387 2911 2162 2990 Iun mare succes cu piesa lui Fo¬
608 2926 884 3002 Malvern.
1392 2961 2154 3028 dor „Roulette, va inscenà o co¬
656 2971 1377 3043 In acelas timp va fi prezenta¬
1386 2996 2158 3082 medie cu muzicà de Mischa Spo¬
601 3034 1381 3098 tä si o nouä comedie a lui Shaw,
1392 3057 1593 3123 liansky.
604 3082 1379 3149 scrisä in cursul recenti sale cä¬
1435 3093 2178 3183 Robert Klein va inscena cäte¬
601 3131 1011 3198 lätorii in Africa.
1401 3159 2167 3249 va piese de Shaw cu un ansam¬
658 3182 1377 3256 Cu prilejul serbärilor care vor
1397 3200 1800 3283 blu international.
603 3238 1382 3296 avea in cursul anului 1936 cu o¬
1427 3266 2173 3349 In repertoriul yitoarei stagiuni
607 3284 1372 3355 cazia celei de a optzecca aniver¬
1392 3322 2166 3395 vor figura si piese de Bruno
606 3338 1375 3401 säri a nasterii lui Shaw, vor fi
1398 3377 2165 3446 Franck si Ferdinand Bruckner.
611 3387 1376 3467 reprezentate si alte piese ale ma¬
1386 3420 2166 3488 Bruckner lucreazä actualmente
599 3437 1025 3504 relui dramaturg.
650 3471 2157 3537 Ladislaus Fodor va impärti culla scenariul filmului „Jeanne
607 3537 2156 3600 Shaw onoarca de a fi jucat in a-Id’Arc’ pentru Elisabeth Berg¬
1354 3572 2158 3658 ner. Filmul lui Bruno Franck „My
599 3600 1324 3656 celas timp pe mai multe scene.
657 3639 2149 3714 Se plänueste o reluare a come-Hearts Delight cu, Richard Tau¬
606 3691 2148 3777 diilor „Soarecele de bisericä' si ber si Diana Napier va fi prezen¬
614 3736 875 3817 „Ho-ruck
1362 3734 1725 3822 Itat in curänd.
622 3799 744 3840 —
