3484 4352
178 155 286 256 B.
310 157 677 238 Liebele
830 157 1327 267 box 13/8
294 183 754 289 LEDC IEI
2794 798 3390 888 ere., Hasamnenschlafse der
679 851 3370 912 ###nnshnegegen, gesondertes ungarisches Heer stützt auf das Material des Ausgleichsgesetzes, in über. Die Aussichten hiezu sind
412 868 2219 992 im Jahre 1848 erst dann tatsächlich zu stande gekommen zeugender Weise nachgewiesen.
2759 906 3383 980 versprechend. Wie die Dinge
523 948 904 1022 *) Konyi, IV, 452.
1698 960 2061 1036 *) Konyi, V., 453.
2878 959 3228 1043 *) Konyi, VI., 64.
672 1016 800 1078 S
422 1075 1602 1139 einlädt. Es zeigt sich, daß die Dame zu meiner Linken
1601 1081 2770 1139 Sicherheit, mit der die beiden Damen auftraten, aus der
2770 1082 3367 1146 Ihr hattet gewähnt, der Tag
426 1099 1605 1181 sehr gegen derartige Zusammenkünfte junger Männer mit
2784 1119 3384 1197 der Tag der „Prinzessin von
1597 1120 2783 1182 lehrhaft unbedenklichen Art, in der sie einigen Schau¬
415 1158 1598 1231 jungen Mädchen eingenommen ist, wie sie in dem gegen¬
1602 1173 2772 1238 spielern freundlichen Beifall zunickten, anderen ihre Ent¬
2779 1170 3385 1244 schiedene Tage?] O ihr Sc
426 1212 1595 1281 wärtigen Stück geschildert werden. Sie läßt delikat durch¬
2773 1223 3353 1286 Sonntag so viel wie der a
1602 1220 2781 1275 täuschung zu erkennen gaben, endlich aus dem vertraut¬
421 1261 1597 1327 blicken, daß sie aus Erfahrung wisse, zu welch un¬
1606 1269 2764 1334 devoten Kompliment des „Bringers süßer Freuden“
2830 1264 3376 1339 t, ist er auch schon vergesse
411 1296 1594 1368 ungenehmen Erlebnissen solche Abende manchmal führen.
1591 1301 2781 1385 entnehme ich, daß ich es mit weiblichen Habitues der
2776 1321 3376 1399 sagen hattet, Lustiges und
423 1351 1589 1417 Errötend wende ich mich nach der anderen Seite. Ein
1595 1360 2774 1416 Nachmittagsvorstellungen zu tun habe. O, ich entsinne
2859 1370 3375 1469 Seltsam, wie weltschme
423 1397 1598 1466 paar kräftige Fußstöße meines rechten Nachbars werfen
1603 1414 2779 1465 mich noch ganz deutlich dieses Stammpublikums — aus
2775 1424 3365 1500 geworden ist, die doch im
415 1439 1597 1515 mich indes rasch in meine frühere Position zurück. Die
1582 1453 2775 1518 den Jahren her, da ich selbst dazu gezählt werden
2778 1478 3364 1539 wartung und Genügsamkeit
420 1493 1613 1575 Konversation der beiden Pomadedamen wird bewegter.
1595 1495 2768 1553 durste. Es sind Leute, die fürs Theater sterben, aber nur
2777 1527 3374 1607 diese Komödianten ihre Sache
432 1548 1605 1614 Sie ventilieren jetzt leidenschaftlich die Möglichkeiten, wie
1592 1551 2774 1601 bei bis zur Hälfte herabgesetzten Preisen. auch gibt
2787 1582 3377 1637 zwei Eisenbahnstunden von
425 1593 1604 1642 dieses Stück wohl „ausgehen“ werde. Heftig wogen die
1588 1582 2781 1647 es solche darunter, die eine Emotion vor dem Schlaf nicht
2780 1626 3377 1691 das „Wienerische“ mit kram
421 1639 1604 1704 Meinungen. Aber wie dem auch sein mag, am Ende
1598 1640 2781 1712 vertragen oder die grimmige Feinde des nächtlichen
2777 1666 3370 1729 hätten sie eine ganz verscholl
418 1670 1607 1754 vereinigt man sich in dem tröstlichen Gebanken, daß die
1601 1683 2774 1758 Sperrsechserls sind. Es fehlt ihnen nicht an Gründen, das
2775 1714 3371 1792 zu bewältigen, und anstatt
417 1732 1606 1800 ganze moderne Dichtung ein unglaublicher Stumpfsinn
1598 1730 2781 1793 Theater zu lieben, nicht an Gründen, einen Theaterabend
2778 1751 3344 1829 Dichters unbekümmert, in
427 1778 1589 1837 sei. Auch naht jetzt wohltätiger Friede in Gestalt des
1595 1778 2784 1853 zu hassen: sie ziehen ihre Konsequenz daraus, und diese
2784 1804 3378 1878 stellen, treten sie augenzwil
413 1832 1595 1884 rufenden Bonbonverkäufers. Wer könnte hier widerstehen?
1610 1817 2783 1900 heißt Nachmittagsvorstellung. Die ersten Tage der Woche,
2788 1854 3368 1926 kündigen uns verstohlen lä
1596 1876 2778 1934 solange das Stadtblättchen das Programm für den
417 1878 1596 1941 Und der Haß gegen das moderne Schrifttum erstirbt in
2782 1901 3369 1971 Mühe geben werden, einfach
1595 1929 2777 1987 nächsten Sonntag noch nicht veröffentlicht hat, verleben sie
414 1914 1542 1980 den Süßigkeiten eines vortrefflichen Himbeerkrapferls.
2782 1956 3358 2018 Akte glücklich überstanden si
1606 1961 2774 2026 in einer prickelnden, bei Enthusiasten sogar fieberhaften
519 1948 1609 2037 Ich habe die Beobachtung gemacht, daß der Konditor
2785 2004 3379 2068 anhören? Bin ich durch ein
1594 2016 2791 2084 Unruhe. Wie hoffnungsfreudige Rentner zur Zeit
418 2025 1604 2084 bei Nachmittagsvorstellungen einen wahrhaft reißenden
2780 2048 3370 2114 habe, gezwungen, mir die
1596 2050 2782 2126 der Ziehung die Serien ihrer Lose, so prüfen, durcheilen,
423 2054 1606 2122 Absatz für seine Waren findet. Das liegt nicht etwa nur
2788 2088 3374 2159 Thespiskärrner verderben zun
1606 2109 2778 2167 durchwühlen sie, je näher der Sonntag rückt, mit
425 2111 1601 2176 an dem Umstand, daß so viel Kinder im Hause sind und
2770 2132 3380 2211 der dargestellten Personen wer
1597 2159 2776 2228 gierigen Augen das Repertoire des Theaters. Daß sie
433 2155 1595 2224 so viel alte Leute, die am Ende ja nichts anderes sind als
2781 2181 3364 2252 scheint als die Frage, ob il
1596 2198 2789 2263 hineingehen werden, ist keine Frage; aufregend aber ist
425 2208 1590 2265 Kinder. Der Grund ist vielmehr: all' diese Theater¬
2795 2228 3378 2304 schon kalt geworden ist ?.#
1611 2245 2787 2314 die Frage, wozu sie hineingehen werden. Ihr Herz schlägt
427 2259 1606 2318 besucher sind unerschütterlich entschlossen, sämtliche Freuden
2779 2276 3362 2349 des verzweifelnden Blickes
1607 2304 2786 2362 zum Beispiel für die Prinzessin von Trapezunt“;
420 2287 1606 2362 dieser Stätte bis auf den letzten Rest auszukosten. Es ist
2780 2322 3363 2397 achtend, stehle ich mich davc
1602 2331 2791 2407 welch brutaler, höhnischer Schicksalsschlag, wenn ihnen der
422 2347 1615 2414 ihnen nicht so sehr darum zu tun, ein Schauspiel zu ge¬
2786 2372 3366 2441 hang zum drittenmal in die
1604 2389 2787 2440 Theaterdirektor statt dessen die „Kronprätendenten“
422 2388 1602 2456 nießen, als vielmehr, sich einen schönen, vergnügten Nach¬
2783 2417 3370 2489 gerettet! Ich bin ordentlich
1598 2432 2791 2503 zumutet. Es ist, wie ich schon gesagt habe: alle Fieber¬
425 2452 1597 2512 mittag zu machen, worauf man sich schon lange im Geiste
2779 2472 3366 2537 Abgang. Und indes ich auf
1605 2489 2787 2547 schauer des großen Lotto machen sie durch, und der
421 2491 1597 2549 gefreut hat, worann man nun noch lange mit Wehmut
2790 2512 3349 2588 trete, erstaunt in die noch
1606 2535 2782 2601 Haupttresser in diesem Glücksspiel heißt, ach, „Die Prin¬
436 2539 1605 2604 wird zurückdenken können. Da muß denn der Becher des
2789 2558 3358 2632 strophiere ich im Stillen d
1609 2579 2089 2663 zessin von Trapezunt“.
424 2592 1610 2651 Genusses, der in diesem Hause kredenzt wird, tief bis
2787 2604 3366 2669 dianten: „Glaubt ihr mein
418 2630 1625 2716 zur Neige geleert werden. Und das kleine Papiersäckchen,
1699 2631 2785 2706 O ihr Dichter, die ihr in einsamen Nächten flehend
2793 2655 3365 2733 bin, auf euren Leim zu ##
425 2687 1618 2760 worin sie sich zwei übriggebliebene „Zuckerl“ mit nach
1610 2674 2796 2754 zu den Sternen aufschaut; ihr Träumer, die ihr bebend
2787 2698 3373 2767 hüten, mir eure traurigen
436 2731 1605 2781 Hause nehmen, wird ihnen morgen eine stärkere Er¬
1611 2742 2784 2806 danach aus seid, die tiefste Tiefe der menschlichen Seele
2790 2754 3363 2818 Schämt ihr euch überhaupt
430 2776 1616 2845 innerung sein als das wehmütig=tragische Schicksal des
1617 2789 2783 2856 zu enthüllen; ihr Ehrgeizigen, deren verwegener Wunsch
2791 2795 3360 2864 schanzet, da doch die S
435 2819 1182 2888 armen, verlassenen Vorsta mädels.
1621 2835 2793 2890 ein neues Problem, eine unerhörte Wendung, ein über¬
2791 2841 3374 2909 unseren Köpfen steht?. Seht
1613 2879 2782 2939 raschendes Schicksal ist: was seid ihr doch für töricht eitle,
518 2889 1611 2950 „Wer weiß, was wir nächsten Sonntag haben,“ sagt
2783 2878 3366 2959 im Tageslicht blinken. urd
1616 2928 2792 3003 unverbesserliche Narren! Glaubt ihr noch immer, daß
418 2932 1607 2980 meine Nachbarin, indem sie die letzten Spuren der
2784 2937 3408 3002 eben noch zu rühren hatt
1615 2975 2791 3035 es uns um eure Entdeckungen zu tun ist, um den Ab¬
431 2973 1621 3039 Himbeermarmelade seufzend verschwinden macht. Es ist
2787 2984 3363 3042 wolltet, daß er im zweiten
427 3028 1624 3093 fraglich, was mit diesen geheimnisvollen Worten ge¬
1619 3025 2784 3087 glanz dessen, was in eurer Seele, bisher noch unerschaut,
2783 3028 3365 3102 Gegners gefallen sei, der 1#
428 3061 1614 3140 meint sei: Theaterstück oder Konfitüre. Ich neige zu der
1608 3077 2797 3135 einsam schlummerte?) Macht es euch doch leichter! Uns
2788 3073 3361 3149 Bühnenausgang, steckt sich
428 3102 1624 3174 Ansicht, daß sie sich auf das Repertoire der künf¬
1610 3118 2796 3183 kommt es ja gar nicht darauf an, was ihr uns vor¬
2794 3112 3366 3207 an und pfeift andächtigen
425 3163 3202 3249 tigen Nachmittagsvorstellungen beziehen. Denn aus der spielet, wenn wir nur überhaupt unser Theater haben. schönen Nechledil.“
