3436 4192
294 158 648 232 Liebele
276 204 795 273 „
845 148 1268 243 box 13/1
2259 592 2862 678 Mialst=Keitik.
2424 681 2681 765 Liebelei.
2363 751 2736 823 (Primus=Palast.)
2161 808 2997 878 Die Anschauung vieler Regisseure, man
2100 859 3004 910 solle die Menschen mit ihren kleinen Leiden
2105 914 3001 955 und Freuden so filmen, als drehe man eine
2111 948 2941 993 Wochenschau, in der die Ereignisse d
2110 996 2940 1045 Herzens genau so von der Kamera se
2111 1031 3005 1090 gehalten werden wie Straßenbahn¬
2104 1077 2998 1133 zusammenstöße oder Naturkatastrophen,
2111 1118 3000 1162 feiert in diesem Film durch die Regie von
2109 1161 2822 1210 J. und L. Fleck einen Triumph.
2895 1166 3005 1219 hne
2097 1209 3000 1257 Krampf, ohne Stilisierung, ohne effekt¬
2101 1253 3007 1306 haschende Stimmungsmalerei wird hier der
2108 1294 2897 1349 Geschichte einer Liebelei nachgegangen.
2174 1322 3011 1387 Ein Student aus gutem Hause flirtet
2102 1376 3008 1438 leidenschaftlich mit einer verheirateten Frau
2107 1440 3008 1473 und hat nebenbei mit einem kreuzbraven
2108 1462 3004 1510 Mädchen Bekanntschaft gemacht; für ihn be¬
2101 1514 3007 1563 deutete diese Liebelei nur eine Zerstreuung,
2114 1537 3004 1596 eine Ablenkung, für das kleine Mädel aber
2106 1594 3004 1659 das große Erlebnis, an dem sie scheitern
2114 1638 3002 1697 muß, als ihr Geliebter an seiner großen
2108 1678 3004 1750 Passion zugrunde geht, das heißt im Duell
2116 1728 2451 1788 erschossen wird.
2172 1750 3007 1822 Das ist eine einfache Begebenheit — aber
2109 1812 3010 1865 das Schauspiel Schnitzlers ist eben auch nur
2107 1851 3005 1901 so eine alltägliche Geschichte, aber sie besitzt
2105 1903 3001 1950 eben ihre ewige Gültigkeit, weil sie wahr
2239 1942 3008 1989 im Film nicht weniger als im Schau¬
2116 1977 3008 2043 spiel, obwohl beide Formen selbstverständ¬
2116 2034 2998 2084 lich mit völlig konträren Mitteln arbeiten.
2907 2068 3001 2122 die
2109 2069 2883 2132 Aber die Wirkung bei Schnitzler ist
2935 2107 2991 2138 4
2115 2107 2987 2167 gleiche wie bei der verfilmten „Liebelei
2116 2150 2994 2198 tiefster Anteil an der bitteren Melodie, die
2107 2199 3002 2247 einem liebesenttäuschten Herzen entströmt.
2120 2239 3000 2290 Das alte Herzeleid — von dem die frühesten
2114 2287 3001 2344 Nachtigallen aller Dichtung sangen — aus
2105 2326 2718 2386 diesem Film klingt es wieder.
2171 2356 3009 2426 Man muß es den Autoren Juttke und
2118 2425 3006 2464 Klaren — die bisher wohl noch in keinem
2116 2457 3008 2501 Manuskript enttäuscht haben und auf der
2113 2495 3006 2560 Gewinnseite der Saison zu verzeichnen sind
2171 2540 3001 2592 und den Regisseuren J. und L. Fleck zu
2111 2582 3006 2637 hohem Lobe anrechnen, daß sie jede Ab¬
2116 2628 3008 2694 schweifung vom Sinn ihres Films, von
2108 2687 3008 2730 seiner klaren Linie, von seinen klaren
2113 2719 2735 2778 Charakteren vermieden haben.
2182 2754 3016 2817 Nur ganz wenige Szenen riechen nach
2120 2801 3018 2874 Atelierluft, machen Schauspielerei bemerk¬
2107 2841 3006 2909 bar. Aber diese wenigen Uebertreibungen
2122 2889 3009 2966 werden wettgemacht durch den Ernst, die
2146 3060 2970 3178 TrR-Niogodte
2118 3218 3012 3273 Hingebung, die Liebe, mit der dieser Film
2118 3264 3015 3329 geschaffen wurde. Seltene Tugenden in
2119 3306 2424 3373 dieser Saison.
2188 3345 2908 3399 Was wäre die Hingebung ohne
2126 3392 3018 3450 Können. Man täte diesen volkstümlichen
2115 3451 3017 3498 Filmschöpfern unrecht, wenn man ihren
2119 3481 3006 3552 guten Willen höher einschätzen wollte als die
2116 3527 2460 3588 vollbrachte Tat.
2188 3569 3017 3627 Die Flecks können nämlich wirklich etwas!
2186 3608 3014 3671 Sie haben eine so abgerundete Leistung
2121 3662 3015 3714 zusammen mit Eduard Hösch (Kamera)
2122 3686 3055 3761 und Jack Notmil (Bauten) — komponiert,
2125 3751 3016 3800 daß man wirklich darüber vergißt, ob der
2122 3784 3018 3840 Film ein Mittelfilm oder ein Superfilm ist.
2116 3827 3017 3883 Er ist ein guter Film. Und damit gut!
2130 3871 3021 3926 Die Flecks haben vor allem Zartsinn genug,
2119 3927 3010 3972 die Fäden der Geschehnisse locker zu spinnen
2113 3974 3019 4017 und dort nur straffer zu ziehen, wo sich das
2114 4013 3009 4062 Schicksal ihrer Helden vollzieht. Man wird
2123 4046 3019 4115 fortgesetzt durch ungewöhnlich treffsichere
3049 3515 3126 3590 3
3045 3685 3101 3784 *
