3436 4256
1067 111 2335 195 bislang ein sträfliches Verhältuiß mit der Frau eines An
899 151 1056 213 Director
1072 163 2350 231 nun im Verkehr mit Christine Weiring Beruhigung. Während aber
876 204 1063 249 age“ von
1072 199 2358 270 für deren Freundin Mizi Schlager die Liebelei die beste Unterhaltung
876 236 1062 300 git seinen
1081 240 2349 306 ist, ist es bei Christine wahre und echte Liebe, was sie für den leicht¬
899 268 1059 331 erfreuen.
1075 277 2343 349 sinnigen Fritz Lobheimer empfindet. Zwar fließt in ihren Adern auch
1079 313 2356 381 das leichte Wiener Blut, aber sie denkt doch dabei, während die fesche
885 316 1057 382 und wer
1080 351 2353 421 Mizi lustig in den Tag hineinlebt, ohne Moral und ohne Qual
874 368 1068 412 Das Gros
869 406 1061 454 iben muß,
1080 412 2353 459 Wäbrend einer lustigen Kneiperei in der Wohnung Lobheimer's, an der
881 442 1051 485 drama
1082 432 2353 497 die beiden Mädchen theilnehmen, ertönt plötzlich die Flurglocke. Der
875 469 1067 515 des Wohl¬
1068 461 2359 554 lustige Theodor Kaiser eilt mit den beiden Mädchen in ein Nebenzimmer
885 503 1069 564 Tietsch
1077 507 2358 569 während der Gemahl der Dame, zu der Fritz Lobheimer in einem sträf¬
878 565 2375 602 Tontaglichen Verhältniß steht, das Zimmer betritt und dem Studenten die an
1081 570 2357 652 seine Frau gerichteten Liebesbriefe vor die Füße wirft. Das übliche
875 603 1085 648 #ilien¬
880 633 1070 680 2 Theilen,
1088 641 2359 685 Duell soll den Schlußeffect in diesem Liebesskandal bildin. Den dunklen
900 669 1066 714 Vereins¬
1088 658 2365 733 Schatten des Toves, der nun auf einmal in diese Stimmung voll Lust
890 701 1071 760 ci haben
1074 701 2359 759 und Freude hineinfällt, hat der Dichter vortrefflich zu benutzen verstanden.
1073 738 2361 814 Der zweite Act zeigt uns Fritz Lobheimer in der Mansarden=Wohnung
1086 783 2365 838 Christinens. Arm in Arm steht er mit ihr am Feuster und läßt seine
1068 814 2358 887 Blicke uber das Häusermeer Wiens bis zum Kahlenberge schwlifen,
891 876 2361 926 ant „Zum desten Gipsel im Glanze der Abendsonne erglüht. Hier kommt ihn das
882 878 2368 945 80 Textil= Bewußtsein, was ihm Christine ist, daß er an ihrer Seite das Glück
1095 931 2373 1012 gefunden haben würde, mit dem er so oft gespielt. Er verabschiedet
894 952 1069 1002 „Ursachen
1096 978 2362 1035 sich von Christine auf einen oder zwei Tage. Letztere aber ahn die
894 988 1078 1027 n für den
1087 1002 2367 1065 Gefahr, die dem Geliebten droht und will ihn nicht von sich lassen.
887 1016 1075 1069 tsch. Die
894 1051 1071 1095 von einen
1085 1043 2370 1104 Endlich gelingt es ihm, das liebende Mädchen zu beruhigen und er folgt
916 1087 1078 1130 bei dem
1096 1078 2370 1148 seinem Freunde, dem lebenslustigen Theodor Kaiser, um sich nach dem
886 1121 1085 1180 imten das
1091 1120 2369 1182 Schauplatze des Duells zu begeben, den er nicht lebend wieder verlassen
1091 1160 2364 1225 soll. Im dritten Act erhält Christine die Kunde von dem Tode ihres Fritz,
901 1166 1076 1232 tagte am
1099 1216 2372 1262 daß er im Duell gefallen ist, um einer Anderen willen. Das durch diese
896 1216 1085 1267 nach Ent¬
1090 1238 2373 1300 Nachricht selber zu Tode getroffene Mädchen reißt sich aus den Armen ihres
895 1257 1070 1304 te der Ar¬
894 1289 1078 1332 en. Eine
1096 1277 2367 1342 verzweifelten Vaters, der sie zu trösten versucht und stürzt fort — in den
889 1323 1081 1364 t und eine
1099 1330 2372 1383 Tod. Die Handlung ist voll Lebenswahrheit, dabei einfach und natürlich,
904 1357 1079 1402 feststellen,
1105 1355 2409 1420 ohne jede Künstelei. Der Dichter schiebt die moralisirende Logik gänzlich
885 1387 1078 1442 ultat einer
1095 1388 2375 1461 bei Seite und fordert nur Mitleid für das in den Tod gegangene Mädchen.
1089 1424 2368 1494 Die gestrige Aufführung des literarisch sehr werthvollen Stünes war
882 1430 1082 1503 ) Personen
895 1481 2374 1526 enz einen eine ganz vorzügliche. Sämmtliche Darsteller gaben ihr Bestes. Die
915 1520 2372 1571 “ gehalten Hauptrolle, die der Cbristine, lag in den Händen der Fr. Franck und
1077 1544 2374 1610 ####urde von derselben vortrefflich wiedergegeben. Ausgezeichnet verstand
1024 1585 2376 1661 ses die Dame, die Gemüthlichkeit der echten Wienerin, die kleinbürgerliche
1091 1618 2374 1685 Verlegenheit und die heißeste Zärtlichkeit für den Geliebten zur Darstellung
1061 1657 1099 1704 —
875 1670 2374 1720 III. zu bringen. Die Schlußscene des letzten Actes, in der Christine den Tod
1103 1699 2380 1772 des Geliebten erfährt; war eine erschütternde Darstellung des feelischen
881 1709 1092 1778 Acten von
1111 1736 2386 1804 Schmerzes. Frl. Dalldorf wußte die immer lebenslustige Wienerin,
891 1769 1089 1824 ubeletztem
1114 1794 2377 1845 die nichts tragisch ninmt, bestens zur Geltung zu bringen. Ihre Mizi
904 1808 1088 1859 Meisters,
1100 1809 2388 1876 Schlager war ein echtes Wiener Kind voll Gutmüthigkeit und Naietät. Mit
888 1844 1100 1896 jalig hier
885 1851 2382 1925 recht leb= dem Wiener Dialekt fand sich die Dame ausgezeichnet ab. Heir Hänseler
1099 1909 2390 1952 war völlig in seinem Elemente. Er wußte den seichten, alles ernste
889 1920 1104 1976 ßlungenen
900 1935 2372 2011 ten sich inEmpfinden meidenden Studenten Theodor Kaiser ausgezeichnet en
898 1981 2377 2043 Handlungcharakterisiren. Ebenso wußte der Künstler die Unbehaglichkeit, welche
887 2016 2387 2079 er von den ihn beim Ueberbringen der Todesnachricht in der Wohnung Christine's
2037 2049 2384 2100 Der alte Vater
1112 2063 2013 2115 erfaßt, vorzüglich zum Ausdruck zu bringen.
885 2075 1095 2127 instudirten,
1110 2086 2387 2145 Christine's wurde von Herrn Körner sehr gut gespielt, desgleichen die
889 2118 1101 2165 der an den
1117 2128 2384 2188 Strumpfwirkersfrau Katharina Binder von Frl. Lauterbach. —
1006 2156 1110 2201 acter,
1118 2157 2397 2229 Dem Drama voran ging, gleichfalls als Novität. Pailleron's einactiges
1115 2207 2392 2268 Lustspiel „Gewitterschauer“ in der deutschen Beardeitung von
1020 2233 1118 2279 nder
1116 2250 2394 2307 Dora Duncker. Im Vordergrunde der Handlung steht die Entführung
1010 2270 1099 2319 iffen,
1110 2281 2396 2350 der von ihrem Gatten vernachlässigten Frau v. Thiais durch Herrn
989 2312 1101 2363 vendet.
1121 2324 2396 2394 v. Nohant. In einer Gewitternacht langt das Paar in einem einsam
958 2347 1113 2400 ie auf
1113 2357 2399 2425 gelegenen Wirthshause unweit der Grenze an und sucht dort Unterkunft
992 2385 1109 2436 zier¬
1128 2396 2401 2462 vor den Unbilden des Wetters. Der Wagen, in welchem das Paar seine
994 2424 1107 2476 aber
1110 2448 2394 2510 Flucht unternommen, hat Schaden gelitten und muß reparirt werden.
957 2469 2398 2553 Zurigen Der Wirth übernimmt die Ausführung dieser Reparatur, will sich aber die
1117 2512 2390 2577 Gelegenheit, solch vornehme Gäste gehörig zu rupfen. nicht entgehen
954 2542 1119 2599 iy annt.
1126 2570 2399 2619 lassen und verschiebt die Reparatur auf den folgenden Tag, statt sie gleich
942 2580 1102 2633 in Geist
1119 2592 2396 2661 vorzunehmen. Inzwischen ist die Flucht des Paares von der Freundin
955 2620 1108 2674 ##niges
1123 2631 2398 2706 Jeanne's v. Thiais, der Frau v. Castelli, bemerkt worden. Sie setzt den
968 2656 1109 2713 reitzviel
1124 2669 2397 2742 Flüchtigen nach und überrascht sie in dem einsamen Alpen=Wirthshause.
1015 2696 1109 2742 Jund
1119 2703 2405 2775 Sie sucht Jeanne v. Thiais zur Rückkehr zu bewegen. Doch fallen alle
996 2725 1113 2779 Aus¬
1127 2747 2406 2819 ihre Worte auf unfruchtbaren Boden. Nun schließt sie die Flüchtlinge ein
948 2741 1118 2818 Miuline
919 2786 2393 2848 laun, fast und beobachtet dieselben. Der Gewitterregen wird immer stärker, ebenso
1129 2825 2406 2886 die Erregung des Herrn v. Unsant und der Frau v. Thiais. Sie wollen
919 2847 1113 2899 ich Sachsen
1122 2866 2396 2924 fliehen und sehen vom Fenster aus, daß ihr Wagen verschwunden ist,
919 2886 1125 2945 Voschein,
1133 2906 2402 2966 ebenso finden sie das Zimmer verschlossen. Mehrere auf das
911 2926 1125 2976 um lachen.
911 2960 2401 2997 issen hll, ist Haus zukommende Gendarmen, die Schmugglern auf der Spur sind,
938 2976 2404 3047 8 Stickes, erhöhen die Aufregung des Paares. Louis v. Nohant entpuppt sich als
1131 3025 2400 3080 ein großer Hasenfuß, der seine Dame im Augenblicke der Gefahr im
909 3039 1115 3094 igerin und
1132 3051 2403 3117 Stiche läßt. In diesem Augenblicke tritt Frau Castelli wieder ein und
918 3080 1121 3131 Gemallin
1132 3096 2390 3162 findet nun Jeanne v. Thiais geneigt, ihr zu folgen. Der „Ehrenmann“
914 3112 1124 3167 eine ganze
1136 3136 2394 3196 Louis v. Nohant bleibt zurück und wird zum Gespätt der Wirthsleute.
912 3151 1124 3209 tblütheuthee
1135 3174 2410 3234 Die Rollen derselben befanden sich bei Herrn Krauf (Gastwirth
901 3196 1121 3245 durch die
1138 3213 2406 3273 Cabasse) und Frl. Dalldorf (dessen Frau) in den besten Händen.
904 3232 1144 3282 usik aus¬
1133 3269 2410 3312 Letztere wußte die muntere Wirthin vorzüglich zu charakterisiren. Ebenso
911 3267 1138 3326 Allerdings
1145 3294 2403 3351 war der unbeholfene und steife, aber doch stets nach Gelderwerb lüsterne
910 3310 1129 3358 en, wie in
1138 3337 2400 3392 Wirth des Herrn Krause trefflich gezeichnet. Frl. Rudolfi wußte
903 3344 1124 3400 zelingt ihm
1140 3369 2406 3432 die empfindsame und unverstandene Frau v. Thiais sehr gut wiederzugeben.
898 3388 1124 3438 ortreißender
1138 3408 2415 3468 Von ihrem Partner, Herrn Stephani (Louis v. Nohant), läßt sich
902 3426 1132 3476 Walzertacte
908 3447 2401 3514 Süßlichkeit nicht dasselbe sagen. Seine Bewegungen und Gesten sind noch genau
949 3486 2407 3546 komischenlso steif und eckig, wie vor den Ferien. Die Rolle der Frau v. Castelli
2103 3552 2421 3628 Sane un
2791 1748 2885 1815 K
