3392 4320
272 236 826 317 5. Liebelei
879 255 1413 346 box 11/4
435 301 827 341 —
1188 1217 1543 1300 Telephon 128.
424 1377 1574 1482 s E Benenn
419 1434 516 1491 *
423 1479 1570 1554 □ l. österr. behördl. konz. Unternehmen für Zeitungs-Ausschnitte
590 1531 1471 1615 Wien, I., Concordiaplatz 4.
421 1595 533 1644 —
826 1603 1262 1673 Vertretungen
427 1642 1582 1720 0 in Berlin, Budapest, Chicago, Christiania, Genf, Kopen¬
410 1706 1573 1764 # hagen, London, Madrid, Mailand, Minneapolis, New-Vork,
524 1747 1541 1814 Paris, Rom, San Frapcisco, Stockholm, St. Petersburg.
1089 1787 1236 1829 Gewahr.)
834 1786 1533 1916 Pseael Coutter, Batin
420 1820 906 1894 4 Ausschnitt aus:
417 1940 875 2031 # von:
846 2069 1159 2125 „Liebelei“.
441 2117 1618 2176 His Majesty's Theatre. Schnitzlers Liebelei“ wurde
397 2149 1611 2225 hier in einer auten, natürlich wirkenden Uebersetzung von Mr.
409 2208 1615 2253 Frederick Whelens Nachmittagstheater vor vollem und erfreu¬
400 2254 1614 2309 licherweise sehr beifallsfreudigem Hause zur Aufführung ge¬
401 2288 1623 2335 bracht. Schnitzler war, von ein paar seiner Einakter abgesehen.
409 2335 1615 2378 hier noch ganz unbekannt, und nur der Kenntnis und Vorliebe
402 2375 1610 2416 Wehlens für die moderne deutsche Dramenliteratur ist diese Vor¬
397 2408 1605 2459 stellung zu danken, wie ihm auch die Vermittlung von Werken
394 2447 1606 2508 Hauptmanns. Wedekinds u. a. hoch angerechnet werden muß.
391 2497 1617 2537 Um den Ton der so echt wienerischen „Liebelei“ zu treffen,
393 2537 1619 2580 hatte man sich Herrn Direktor Behrens, Mainz, zum Reaisseur
391 2575 1617 2616 bestellt, und man muß sagen, daß das spezifisch wienerische Milien
382 2616 1604 2663 des Stückes erstaunlich lebensschtzur Erscheinung gelangte. In
393 2657 1596 2710 den Hauptrollen waren Miß Halstane (Christinel und Mr.
393 2702 1613 2766 Ainlen (Fritzl tätig: beide trafen den rechten Ton und spielten
384 2736 1217 2794 mit innerer Teilnahme, ja Hingabe. —
1216 2739 1618 2799 Eine einzige Aus¬
397 2774 1610 2828 stellung wäre zu machen: Im ersten Akt trinken die zwei
393 2817 1614 2885 Freund= und Freundinnen bekanntlich „Brüderschaft“; das ist
385 2857 1616 2915 im enalischen unmöglich adäquat wiederzugeben, weil ehen ein
385 2904 1617 2959 Duzen in der enalischen Sprache nicht nachznahmen aeht. Statt
383 2953 1609 3007 also dem Milien des Werkes zu helfen, bringt die bloße, ihres
384 2985 1612 3034 Sinnes beraubte Zeremonie etwas Unverständliches hinein und
379 3034 1608 3066 muß daber das Publikum zerstreuen und ablenken, da die Ge¬
390 3067 1605 3110 danken zuKandern und zu fragen beginnen. Treue dem Ori¬
387 3106 1643 3183 ainal agaknüber ist sehr aut, aber auch hier ailt der Satz vom
386 3150 1519 3194 Geistcher lebendia macht, und vom Buchstaben, der tötet.
1924 473 3060 603 PALI MALI GAZETTE.
1849 660 3128 746 *LIGHT O° LOVE,' AT HIS MAJESTVS.
2110 803 2887 879 4 STRIKING AUSTRIAN PLAAY.
1844 919 3215 990 Tfit had produced no other play in thie past, and werc never to produce
1800 959 3202 1040 another in the future, the Afternoon Theatre would have justilied its exist¬
1796 1009 3210 1070 #ence br#the presentation of“ Light o’ Love,“ Mr. G. Valentine Williams's
1800 1053 3213 1120 English version of Hlerr Arthur Schnitzlei's“ Liebelei,'’ given for the first
1810 1099 3212 1166 time yesterday afternoon at His Majesty’s Theatre, and to be repeated next
1800 1154 3209 1216 Tuesday and Thursday afternoons. The play deals with a subject which
1807 1177 3216 1256 is supposed, more than any other, to monepolise all dramatists—Love,
1806 1244 3213 1301 Unfortunately, however, our British dramatists scarcely ever deal with it
1808 1271 3216 1350 sincerely. Mr. Barrie generally toys daintily with it; Mr. Shaw tackles it
1812 1349 3216 1403 scientitically and coolly as a sort of intellectual phenomenon; most of our
1811 1370 3226 1449 plapwrights treat it as no more than something rather pretty and decorative
1817 1410 3222 1485 in a sentimental war. We have to go back two years for an English play
1815 1471 3219 1524 in which the passion of a man and a woman was represented in anything
1814 1506 3219 1563 like its natural power. That pla was“ John Glayde’s Honour,!’ and even
1813 1549 3220 1597 in that the lovers seeined suddenly to cool and become ashamed in the last
1816 1584 3223 1638 few minutes of the last act.“ Light o' Love,'' on the other hand, deuls
1811 1614 3224 1677 witn the subject with a stark sincerity. We can easily creditethe stery
1809 1651 3216 1727 of the success it has had in Austria; and we wish we could believe that a
1816 1699 3214 1771 play so poignant and so sincere war zure of a similar success here. Imtis
1809 1738 3225 1796 buntry the majoritv of playgoers are still content wih a superficial
1819 1769 3221 1835 Handling of human nature. There is, however a rapidlv-growing body ol
1813 1802 3233 1875 London theatre-goers who are asking for Reality, and these should crowd
1815 1842 3229 1918 His Majestv’s Theati“ to the doors for the two remaining performances of
1810 1902 2329 1960 this perfectly simple play.
1883 1919 3188 2001 The storv of“ Light o' Love“ can be told in a sentence or two.
1817 1967 3221 2040 voung girl. Christine Weiring, the daughterof e lddier in a Viennese theatre
1821 2008 3219 2067 orchestra, falls in love with Fritz Lobheimer, a voung officer of agreeable
2296 2030 3230 2103 Unknown to her he has been carrying on a
1813 2069 2290 2120 presence and manners.
1822 2080 3238 2149 tiatson with the wife ofa man of his own class, and the husband has dis¬
1827 2117 3234 2189 covered it, has challenged mimto a duel, and he is killed. Christine hears
1809 2170 3230 2229 sofhis death and of the circumstances which have led up to it; gran #lly
1817 2188 3223 2270 realises the little part which, after all, she has played in his life; and itches.
1820 2227 3236 2301 forth, torn with grief and shame, to destroy herself on his grave. That is
1929 2266 3237 2331 Anrbody could have invented such a story, and no craftsmanship“
1831 2299 1936 2348 all.
1832 2318 3233 2384 was required i putting it together. But for all that“ Light o’Love! is
1821 2365 3230 2417 adramatie masterpiece, for ihere is not a scene, and scarcely à line in it
1828 2384 3237 2455 thät does not illuminate human character, and that has not the ring#of
1819 2451 1972 2512 truth.
2204 2460 2835 2546 A PART FOR A GREar ACTRESS
1866 2536 3250 2601 The part of Christine is one that the greatest of actresses might be proud
1829 2568 3242 2645 to plav. Her tenderness, her implicitv, her beaute, which is the admira#
1831 2617 3251 2675 t#m e# arery olle cacept herselt, her absorption in tne love that has come
1821 2642 3244 2711 to her, her rendiness to give all, her gratitude for a snnie or a soft tone,
1834 2674 3249 2756 her love of her lather, from whom for the üirst time in her life she finds
1833 2730 3258 2797 herself keeping a secret, her belief in her lover, her gentle resentment atf
1830 2785 3244 2835 being outside so many of his interests and so much of his life—these andar
1830 2834 3241 2876 score of other characteristics help to compose one of those intensely real“
1831 2837 3245 2911 üigures we ouly meet with nov. and then in the Theatre. As impersonated
1836 2879 3249 2959 gesterdag be Miss Margaret Haistan, it was simplv exquisite—a little more
1831 2919 3239 2995 appealing perhaps in the less exacting scenes than in the denouement, wiien
1826 2967 3247 3026 theactress's tragic powers were puttothe severest test, and now and thenan
1834 3006 3248 3072 in flection of the voice secinedto fall a little short of the note that was wanted##
1832 3048 3252 3115 but alwars beautiful, wistful, and inevitably stricken by Fate. Such love¬,
1833 3096 3244 3146 stories as that of Christine and her Fritz are nearly always trägic. Perhaps.
1831 3108 3267 3185 that is why most of our dramatists—who feel that thev have to consider the #
1821 3168 3255 3232 box-oflice and pe blic taste—only trifle with them when thcy touch theme
1836 3219 1989 3266 at all.
1882 3234 3242 3300 Cultured, handsome, self-indulgent, the figurerof Fritz is less sym¬
1833 3275 3247 3348 pathetie but not less astype: commoner in the German and Austrian!
1841 3320 3245 3384 armies than in ours¬a soldier with the temperament of an artist. In the
1837 3357 3255 3427 first act we lind him beginning to weary a little of the fears of his fashion¬
1834 3399 3249 3452 able mistress (she sure they are being watched), He also is becoming
1836 3440 3247 3501 nervous; beginning to desire a love that would be “a caressing restful¬
1844 3498 3246 3537 ness,and not a continual fear and anziety. Andithen, when it is too late,
1839 3520 3248 3570 and the duel is arränged, hercalises that perhapssuch a love is readv for
1848 3528 3264 3609 him in the heart of Christutg, And get she, too, had worried him a litile,
1850 3596 3263 3655 wüh her continual questionings, partjcularh about his “péople,“ his friends,h
1845 3635 3250 3686 and ho and wherc he spent bi##venings. There wasa social, gulf between
1847 3671 3249 3735 them. He was an oflicer in the Kaiser’s dragoons, shé.wassthe daughter.
1843 3710 3247 3764 ofa theatre violinist: After all, she could never be more than & Pärt of Hig
1850 3735 3245 3804 lise, an ineident in it. Werfecl-that—feél it even in the moment of the.
1851 3790 3237 3841 impassioned parting from Inn“ before beigbes t0 flaht the ducl. As played
1849 3831 3247 3889 by Mr. Henry Ainley, this character, so wenk,yet'so lovable, and that could
1850 3865 3088 3941 be gentle and yet so cruel, also lived before yesterday’s audience.
2320 3922 2760 3997 A DARING CREATION.
1890 3991 3253 4050 Christine's old father is more strictly speaking. a creation—he is
1812 4036 3251 4088 Letenadaring creation. We are almost afraid to describe him,
1852 4076 3259 4129 leeling that our sentences will do injustice to the delicäcy withe whichtheiis
1843 4103 3241 4176 set forth bethe author. He would sec his daughter-happyfland, knowing
1848 4152 3239 4200 ol her passion for the young öflicer, heiis not afraidsofföraghastsatsthe.
2192 4183 3245 4248 Mppiness That scenls in store for her, even at the risk
