3484 4256
469 135 891 222 Liebelei
1008 143 1474 256 box 12/7
319 139 900 270 5. MesckeT
981 949 1230 1064 AC 976
620 1004 1379 1169 lägern. Zeitung.
1690 1136 3425 1242 [neri gab den alten Geiger Weiring (Girardis letzte Rolle einen breiten Spielraun
867 1143 1372 1252 Stadttheater.
1715 1214 3427 1303 am Burgtheater vor seinem Sterben) recht konventionell, so daß sich das Publik#
600 1236 1738 1327 „Liebelei“, Drama von Arthur Schnitler.—
1716 1265 3410 1341 ohne tiefere Charakteristik. Dieser sehr verwendbare Darsteller Spielplan geradezu se
579 1303 3428 1392 Den meisten Stücken Schnitzlers kann nachgerühntsist leider dermalen ein Mann „für alles“. Herr Warbek Mittwoch in Scharen
491 1335 3420 1454 werden, daß sie mit festem Fuß im wirklichen Leben stehen; (Theodor) und Frl. Bauer (Frau Binder) ergänzten das „Liebelei“, weil es
1715 1422 3431 1499 Zusammenspiel befriedigend, — Dem Dialog wünschte man Schaubühne geworden,
484 1405 1734 1482 #ur selten unternimmt er einen Ausflug in das Land der
1718 1458 3416 1545 mehr Prägnanz, Schliff und Ausdruck. Unsere modernen Bühnenleitung ein Fing
487 1448 1723 1532 Phantasterei. „Liebelei“ ist sein erstes Drama. Mit diesem
490 1514 1726 1579 #zielte er die tiefgehendste Wirkung wenn auch seine späteren
1723 1510 3424 1588 Schauspieler berufen sich bei einer solchen Forderung immer wenn sie die „halben
1721 1558 3397 1639 auf den sogenannten Konversationston, der ein lautes und in Rechnung zieht. D
499 1559 1738 1642 Arbeiten einen Fortschritt in der Charakterzeichnung erkennen
488 1612 3428 1677 lssen. Aber sie genügen dem feineren Geschmacke weniger, obsichisvolles Sprechen nicht vertrage. Als ob es auf der manche Sitzgattungen hi
1714 1656 3383 1731 Bühne ein Gespräch gäbe, das durch Verschlucken des auf sich genommen;
498 1665 1734 1751 weil sie oft mit allzu starken, gewaltsamen dramatischen
1721 1702 3422 1786 Schlusses der Reden unverständlich bleiben dürfte. Der seinem Verlangen nach
493 1709 1736 1771 Mitteln zu wirken versuchen. — „Liebelei“ ist das Trauer¬
489 1764 3414 1827 sviel des Mädchenherzens, das sich ganz gegeben und dafür Konversationston braucht eine leichtere Führung als die plane Rechnung getrage
486 1796 3422 1887 ein ganzes Männerherz gewonnen zu haben glaubt, jedochs getragene Rede, er ist leiser und mannigfaltiger zu akzen= Bühne darf nicht aus
489 1848 3029 1935 nach dem plötzlichen Tode des Geliebten erfährt, daß sieinieren, aber er muß doch deutlich an seine Adresse, die leich
3123 1869 3404 1936 ürzten Muse
1711 1909 3023 1982 Zuhörer, kommen, sonst ist er nichtig. Klarheit der Rede Gei
492 1919 1724 1984 für ihn nur eine Liebelei gewesen sei. Das Stück ruht auf
3208 1915 3424 1981 sondern
482 1955 3011 2025 allgemein menschlichem, darum ergreifenden Grunde, istsilt eine Elementarforderung an jeden Schauspieler, sagtelästh
3183 1947 3419 2035 Geschmacks
1711 1999 2946 2064 schon Heinrich Laube. — Das Publikum füllte alle Räume
485 1993 1732 2067 gut gebaut und straff ans Ende geführt. Es wird von
2926 2016 3009 2078 die
3196 2013 3414 2086 rin der heh
1715 2055 3017 2150 des Hauses und spendete nach den Aktschlüssen lebhaften Beifall. Dar
484 2056 1734 2137 ihm gerühmt, daß es bis heute Schnitzlers bedeutendster
3254 2072 3408 2132 t nur
490 2102 1730 2179 Beitrag zum lebendigen Drama der Gegenwart geblieben
3253 2115 3423 2179 nd Kres
2918 2118 3027 2184 alle
480 2152 1738 2229 in. — Wie bei den bisherigen wenigen Schauspieloufführungen
2925 2165 3019 2246 ein
3248 2166 3415 2238 Anrech
486 2209 1733 2287 machte sich auch diesmal der Personalmangel recht fühlbar,
3227 2216 3417 2281 nen an,
1789 2191 2946 2306 Schau= und Lustspiele können an unserer Bühne auch
490 2243 3132 2328 wenn auch Fleiß und guter Wille der meisten Darsteller in der diesjährigen Spielzeit (wie im Vorjahre) entweder Unsichtige
478 2301 3415 2414 auerkannt werden sollen. In das verwaiste Liebhaberfach gar nicht oder nur unzulänglich besetzt werden. Dieses nicht länger verschließen
480 2358 2948 2452 sprang wiederum Herr Prossar als Fritz Lobheimer ein. Genre der dramatischen Kunst, ist deshalb nahezu gänzlich
482 2408 2939 2492 Im Gebrauche seiner „Körperlichkeit“ ist er maßvoller ge=ausgeschaltet; die wenigen Vorstellungen dieser Art in den
486 2452 2935 2550 worden, sein Organ besitzt Wohllaut und den Rollentext verflossenen sieben Spielwochen bedeuteten in künstlerischer
478 2503 2946 2572 beherrscht er mit Sicherheit. Aber — alles in allem —Hinsicht eine Nieie und konnten nur sehr bescheidenen An¬
479 2546 2946 2653 doch erst ein angehender Liebhaber, dessen Versuchsfeld forderungen genügen. Eine rühmliche Ausnahme davon
538 2612 2940 2697 — leider — unsere Bühne ist. Die kleine nur aus wenigen machen nur die Aufführungen des „Weibsteufel“ und des
488 2644 2944 2735 Sätzen bestehende aber hochwichtige Rolle „Ein Herr“ Roseggerschauspiels „Am Tage des Gerichts“. Diese beiden
472 2702 2950 2769 spielte Herr Grünau aus Troppau mit dem vollen Ein= Stücke konnten in den Hauptrollen und mit Herrn Grünau
479 2753 2943 2822 satze feinziselierter Kunst. Frl. Marbach findet wenig als Gast gut besetzt werden. Sonst beherrschte die Operette
479 2794 2935 2848 Beschäftigung, weil wir kein Schau= und Lustspiel haben. [ausschließlich den Spielplan und das Publikum kommt gar
475 2840 2947 2941 Ihre Christine war wieder eine brave Leistung und erhobjnicht in die Lage, die Neuerscheinungen auf dem Gebiete
471 2902 2953 2970 sich im drinen Akte zu stattlicher Höhe. Für Ausbrüche des Schau= und Lustspiels kennen zu lernen. Wenn es der
469 2935 2937 3037 des Schmerzes findet Frl. Marbach immer echte Töne,] Direktion nicht gelingt, durch Heranziehungen von Gästen
464 2993 2947 3099 Leider war ihre Gewandung in diesem Akte unmöglich, (das Engagement eigener Kräfte dürfte im gegenwärtigen
467 3041 2943 3134 auch für die arme Musikerstochter, deren Schönheit und Stadium der Saison wohl nicht mehr möglich sein) eine
468 3074 2935 3167 Wuchs aber — wie Frau Binder rühmt — von besonderen Aenderung herbeizuführen, so erwartet uns noch durch volle
470 3142 2941 3219 Qualitäten sind. Frl. Telona (Mitzi) spielte das leichte Wie= sechs Monaie die ununterbrochene Pflege des ermüdenden
471 3190 2942 3286 ner Mädel, das keinen Sittenkodex anerkennt, vortrefflich. Sie Operettenkults. Das ist ein Zustand, von dem die Franzosen
468 3241 2935 3307 bringt auch für diese Rolle Verstand, Herz und Laune mit, Isagen: tous les genres sont bons hors le genre ennuyeux.
479 3291 2962 3393 ergiebige Hilfsquellen ihrer Darstellungskunst. Herr Röß= Und die ausschließliche Pflege der Operette, der wir ja gern
