3344 4256
429 182 844 257 Liebeler
277 183 844 286 5. 1
896 224 938 271 20
965 183 1406 271 box 11/2
1956 475 2757 571 NEWS OF THE THEATRES
1973 573 2749 636 KATHERINE GREF AND PHYLLIS
2091 642 2659 693 RANKIN SCORE IN “THE
2186 679 2515 743 RECKONING.
1981 767 2737 816 A Depressing but Powerful Play from the
2061 820 2748 871 German Which Is Uncommonig Well
2052 855 2759 920 Acted In Some of Its Roles—But lts
2050 910 2748 963 Final Act Has Such Great Emotional
2058 962 2753 1013 Posstbilitles That Only an Actress ofthe
2056 995 2754 1065 Higliest Rank Could Do It Full Justiee.
2017 1047 2748 1108 The charming work of the two principal
1981 1100 2754 1151 women—Miss Katherine Grev and Miss
1985 1132 2751 1187 Phyllis Rankin--is the principal attrac¬
1985 1176 2749 1230 tion in the production of Arthur Schnitzler’s
1992 1212 2747 1274 drama, The Reckoning,“ which is now
1992 1266 2757 1309 on view at the Berkeley Lyceum. In the
1984 1294 2763 1351 first two acts of this play Miss Grey does
1994 1339 2759 1375 the most sympathetic and heartfelt work
2416 1373 2758 1419 Her conception of
1992 1376 2406 1431 that she has ever done.
2227 1416 2403 1472 Weining
2417 1417 2502 1468 18
2535 1409 2762 1467 admirable
1987 1413 2210 1472 Christine
1980 1455 2238 1501 from first
2256 1455 2338 1503 to
2397 1455 2749 1506 last, hut the
1983 1493 2763 1545 last act of the play assumes such vast
1980 1536 2746 1580 emotional proportions that her voice and
1976 1570 2759 1617 physical strength and technique are not
1976 1610 2762 1662 equal to the strain. As a matter of fact,
1984 1648 2759 1704 there is only one actress on the English¬
1976 1689 2749 1747 speaking stage who could fully and fittingly
1990 1733 2764 1773 portray the anguish and heartbreak of this
1978 1764 2757 1829 final scene, and that woman is Mrs. Leslie
1991 1805 2136 1858 Carter.
2015 1827 2785 1894 But at the same time Miss Gray accom¬
1972 1884 2764 1936 plishes so much in the earlier scenes and
1980 1921 2761 1968 her assumption of the girlish side offthi
1980 1960 2752 2012 young woman’s character is so charming
1991 2009 2769 2045 that she has scored a distinct artistio
1982 2038 2758 2074 achievement. Miss Rankin, by her delicious
1994 2078 2761 2132 comedy work as the worldly-wise young
1986 2112 2753 2161 light o’ love who helps and counsels Chris¬
1982 2152 2767 2204 tine on her road to ruin demonstrates that
1990 2193 2759 2239 for years a remarkably clever comedienne
1996 2234 2661 2282 has been wasted in musical comedy.
2023 2269 2767 2323 As the outraged husband, Mr. Alfred
2003 2314 2757 2360 Bruning has one.wivid little scene wllich,
1993 2355 2629 2404 as he plays it, stands out as the mos
2716 2354 2764 2394 d
1987 2388 2675 2432 episode of the whole play, and Miss Sa
2720 2435 2752 2471 8
1980 2427 2662 2476 MeVicker’s sketch of an old busybod
1984 2471 2775 2515 remarkably good. Mr. Robert Connèrs’s
1994 2512 2753 2556 performance of the hero’s friend had many
1990 2546 2760 2593 good points, but as the hero Mr. John Dean's
1997 2592 2759 2636 work was decidedly uneven. In one point
1995 2624 2762 2673 he was successful, however. He made yon
1982 2656 2751 2712 realize that, in spite of all his previous
1977 2699 2769 2757 paffairs, his love for Christine is reallysthe
1988 2731 2441 2792 biggest thing in his life.
2012 2764 2763 2826 Here is the story in e nutshell: Frita
1985 2812 2761 2868 Sommer, a gay young citizen of Vienna,
1982 2861 2754 2906 has been carrying on a love affair with
1989 2894 2763 2948 another man’s wife. The husband has
1982 2936 2752 2985 discovered his love letters, and after a
1980 2962 2772 3028 stormyscene in the young man’s apartments
1987 3015 2757 3062 he challenges him tö a duel. After he has
1982 3047 2763 3105 gone Christine, his newest mistress, the
1993 3090 2755 3138 daughter of an orchestra player in one of
1995 3132 2757 3176 the theatres, comäs to his rooms with her
1987 3168 2757 3222 friend Mitzi and Frits’s friend Theodor.
1986 3207 2630 3261 who is to be his second in the duel.
2022 3250 2752 3300 The üirst act ends with a jolly little supper
1986 3295 2762 3337 party. The second act is laid in Christine’s
1989 3336 2754 3373 shabby little home, where Frits comes to
1988 3361 2766 3402 say goodby to her. The scene in this act
1997 3403 2769 3454 where the girl declares her great and abid¬
1995 3443 2763 3487 ing love for him is one of the most
1994 3484 2761 3519 beautifully written scenes to be found in a.
1997 3527 2763 3570 modern play. Two days later, after the
1980 3558 2771 3610 duel has been fought and Frie has met his
1981 3597 2763 3648 death, Theodor comes tothe girl’s apart¬
1978 3635 2542 3683 ment to break the news to her.
2018 3672 2763 3721 After her first burst of grief the girl de¬
1984 3711 2755 3762 clares her intention of going to see her
1984 3752 2759 3794 lover’s body. Theodor tells her that he is
1982 3795 2752 3844 already dead. Then she seizes her hat to
1986 3837 2756 3881 go to his grave; but again the young man
1985 3868 2752 3916 stops her with the- warning that she will
1984 3906 2752 3968 find another woman praying by his grave.
1978 3951 2749 3990 This scene, as we said before, calls for
1980 3985 2757 4025 tremendous acting. As it is played at the
1977 4023 2760 4077 Berkeley now with all the best intentions
1986 4066 2750 4119 in the world, it becames only harassing,
1974 4099 2389 4143 rather than harrowing.
