3436 4256
416 179 671 252 Liebe
237 153 1365 281 5.1 box 11/1
2227 112 2897 179 Zeitungsausschnitte und Verlag
2229 150 2898 206 der Wissenschaftlichen Revue.
2133 198 3010 283 BERLIN N., Augustetr. 87 part.
2296 269 2855 321 Telephon Amt III. No.-3051.
2418 360 2743 442 Ausschnitt
2061 389 2388 434 Telegramm Adresse:
2017 398 2391 473 GOLDSCHMIO T. Auguststr. 37.
2514 428 2625 482 aus
2058 572 2202 706 00
2368 695 2672 790 11. 1. 02
2058 854 3018 924 L. G. Staditheater. Agnes Sorma begann
1976 909 3013 965 gestern ihr auf vier Abende berechnetes hiesiges Gast¬
1983 955 3008 1000 spiel, und zwar in einer kleinen Rolle eines Einakters
1987 993 3010 1063 italienischen Ursprungs und als Christine in dem auch
1971 1038 2469 1095 hier schon bekannten
2858 1040 3027 1100 ice
2567 1038 2716 1109 H
1966 1049 3011 1137 „Liebelei“. In dem Einauer „## Tochter“
1976 1120 3015 1173 Tustspier vo-Capolotti, nach einer Uebersetzung frei
1974 1167 3006 1220 bearbeitet von Alfr. Halm) hatte Agnes Sorma eine
1982 1209 3020 1247 junge Frau (Beatrice) darzustellen, die von ihrer Um¬
1980 1251 3011 1301 gebung sowohl wie selbst von ihrem Gatten als die
1986 1287 2697 1345 Personifikation von Kindlichkeit
2701 1289 3011 1351 und Naivetät
2435 1327 3008 1379 aber schließlich durch ihre
1980 1329 2425 1391 angesehen wird, die
1984 1373 2439 1427 Klugheit und die
2444 1372 3007 1436 Feinheit ihrer ehelichen
1980 1420 3003 1475 Strategie, um ihren Gatten, der sie nur auf Geheiß
1988 1459 3011 1507 seines Onkels geheiratet hat, an sich zu ziehen und
1980 1504 2060 1557 zu
2062 1497 3005 1552 fesseln, sowie von einem früheren Verhältniß
1982 1537 3004 1599 dauernd zu befreien und zugleich an ihrer Rivalin
1990 1580 3010 1631 Rache zu nehmen, geradezu verblüfft. Der Einakter
1985 1626 3031 1689 ist nicht viel mehr als eine geistvolle und anmuthige
1981 1681 3020 1725 Causerie, die aber der Darstellung reichliche Gelegen¬
1980 1709 3004 1760 heit bietet zur Entfaltung dramatischer Kleinkunst.
1991 1754 3012 1793 So geistreich die Rolle der Beatrice vom Dichter
1983 1780 3012 1851 konzivirt ist, so anmuthsvoll wußte sie die Künstlerin
1984 1837 3009 1894 zu behandeln und durchzuführen. Ihre Beatrice
1973 1878 3012 1928 plaudert wie ein naives Kind, aber durch die Naivität
1978 1922 3005 1976 schimmert gerade genug Schelmerei durch, daß
1971 1958 3006 2017 man den Schalk erräth, der hier sein Spiel
1973 2002 3018 2063 treibt, und daß man sich schon im voraus über
1972 2048 3010 2092 den schließlichen Ausgang belustigt. Ebenso wirkungs¬
1984 2093 3000 2141 voll wie das naiveschalkhafte Geplauder war das
1977 2132 3009 2184 Gegenbild davon, das gemachte Pathos und die komische
1973 2177 3017 2228 Grandezza, mit der sich die Beatrice im weiteren Ver¬
1983 2214 3008 2274 laufe ihrer „Entwickelung“ auszustaffiren hat. Alles
1978 2257 3014 2317 in allem eine anmuthsvolle Gabe des geschätzten Gastes,
1983 2303 3017 2362 die sich um so eindrucksvoller gab, als ihr die Folie
1971 2344 3016 2393 zur Verfügung stand in der sehr ansprechenden Mit¬
1974 2391 3013 2443 wirkung der heimischen Künstler, der Herren Birkholz
1970 2426 3017 2475 und Bühler und des Fräulen Enrici. Im Charakter
1966 2468 3011 2523 von der Rolle der Beatrice grundverschieden ist die
1981 2502 3012 2565 der Christine, die Frau Sorma in der „Liebelei“
1970 2553 3011 2602 zu geben hatte. Man kann nicht gerade sagen,
1971 2602 3021 2651 daß das Schnitzlersche Schauspiel in seinem Gesammt¬
1968 2640 3010 2692 eindruck sonderlich angenehme Empfindungen auslöst;
1982 2680 3014 2738 man verläßt das Theater mit dem Gefühl seelischer
1972 2718 3013 2767 Depression, die auch durch die verstandesmäßige Fest¬
1970 2759 3007 2819 stellung, daß man es mit einem Stück von Lebens¬
1970 2807 3012 2856 realität zu thun hat, keine wirksame Korrektur erfährt.
1969 2845 3006 2893 Aber man kann nicht leugnen, daß das Stück gerade
1968 2893 3000 2946 darum, weil es grelle Schlaglichter auf gewisse soziale
1964 2936 3003 2976 Zustände wirft, bühnenwirksam ist. Man kann über
2277 2981 2871 3030 des Stückes denken, wie
1969 2971 2267 3026 die Tendenz
2882 2980 3005 3029 man
1976 3012 2382 3077 will, aber sicher
2892 3020 3002 3076 Ge¬
2493 3017 2875 3079 daß man den
1969 3060 3025 3118 stalten desselben mit Interesse folgen muß.
2003 3118 3024 3190 Im Mittelpunkte der Handlung steht Christine, das
2005 3168 3035 3223 Mädchen aus dem Volke, ein sogenanntes Rasseweib,
1999 3217 3029 3269 das mit allen Fasern ihres feurigen Herzens an dem
2003 3257 3018 3313 Glücke hängt, das ihr der Zufall in den Schoß ge¬
2006 3292 3036 3355 worfen und das der Zufall wieder zerbricht. Die
2010 3335 3019 3396 Rolle, die eine ganze Skala von Empfindungen der
2001 3377 3033 3440 widerstreitendsten Art auslöst, ist einer Künstlerin von
2009 3418 3032 3473 dem Range einer Sorma würdig, und es war ein
2004 3455 3028 3523 hoher künstlerischer Genuß, den uns die Künstlerin
2003 3500 3030 3569 hier bot, die in der Zeit, da wir sie nicht gesehen,
2007 3543 3034 3599 von dem reichen Schatz ihrer dramatischen Ausdrucks¬
2002 3584 3025 3644 mittel, von der Feinheit ihrer Charakterisirungskunst
2000 3623 3028 3677 und der Kraft ihrer tragischen Akzente nichts eingebüßt
1993 3664 3030 3727 hat. Auch hier fand die Künstlerin die trefflichste
1994 3705 3032 3760 Unterstützung seitens unserer heimischen Künstler, die
1992 3751 3033 3808 durchweg Ausgezeichnetes boten; das gilt von den
1988 3784 3025 3842 Herren Baumeister (Fritz), Bühler (Theodor), Rolan
2002 3831 3033 3897 (Weiring) und Zadeck, obgleich der letztere nur eine
1991 3877 3034 3929 ganz kurze Episode zu machen hatte, wie von Fräulein
1997 3916 3033 3983 Wüst (Mizi', die gestern ihren besonders guten Tag
1998 3979 3031 4025 hatte. Das vollbesetzte Haus spendete der braven
2006 3998 3055 4080 Künstlerschaar lebhaften Beifall, namentlich aber, wie
2005 4057 2728 4109 elbstverständlich, dem geschätzten Gast.
2512 4083 2735 4146 4##
