<?xml version="1.0" encoding="UTF-8" standalone="yes"?>
<PcGts xmlns="http://schema.primaresearch.org/PAGE/gts/pagecontent/2013-07-15" xmlns:xsi="http://www.w3.org/2001/XMLSchema-instance" xsi:schemaLocation="http://schema.primaresearch.org/PAGE/gts/pagecontent/2013-07-15 http://schema.primaresearch.org/PAGE/gts/pagecontent/2013-07-15/pagecontent.xsd">
    <Metadata>
        <Creator>prov=University of Rostock/Institute of Mathematics/CITlab/Gundram Leifert/gundram.leifert@uni-rostock.de:name=ONB_Newseye_GT_M1+(htr_id=10810)::::v=2.4.2
prov=University of Rostock/Institute of Mathematics/CITlab/Tobias Gruening/tobias.gruening@uni-rostock.de:name=de.uros.citlab.module.baseline2polygon.B2PSeamMultiOriented:v=2.4.2
prov=University of Rostock/Institute of Mathematics/CITlab/Tobias Gruening/tobias.gruening@uni-rostock.de:name=/mnt/transkribus/LA/DEA/URO/LA_news_onb_att.pb:de.uros.citlab.segmentation.CITlab_LA_ML:v=2.4.2
Transkribus</Creator>
        <Created>2019-10-07T11:54:16.378+02:00</Created>
        <LastChange>2019-10-09T06:14:06.492+02:00</LastChange>
        <TranskribusMetadata docId="223992" pageId="9508100" pageNr="678" tsid="16624276" status="IN_PROGRESS" userId="40391" imgUrl="https://files.transkribus.eu/Get?id=XQGKIRSUIYZTJRLQMCIDBRBZ&amp;fileType=view" xmlUrl="https://files.transkribus.eu/Get?id=LCZFQTYBKKBJPBFLVOMOOFKO" imageId="6197570"/>
    </Metadata>
    <Page imageFilename="223992_0678.jpeg" imageWidth="3436" imageHeight="4224">
        <ReadingOrder>
            <OrderedGroup id="ro_1711445945813" caption="Regions reading order">
                <RegionRefIndexed index="0" regionRef="r1"/>
                <RegionRefIndexed index="1" regionRef="r2"/>
                <RegionRefIndexed index="2" regionRef="r3"/>
            </OrderedGroup>
        </ReadingOrder>
        <TextRegion orientation="0.0" id="r1" custom="readingOrder {index:0;}">
            <Coords points="284,169 284,3655 1538,3655 1538,169"/>
            <TextLine id="r1l1" custom="readingOrder {index:0;}">
                <Coords points="457,209 771,213 790,210 790,165 740,171 705,149 675,169 657,156 621,162 591,149 518,169 486,147 456,151"/>
                <Baseline points="464,202 490,201 517,201 543,201 570,201 596,201 623,201 650,201 676,201 703,201 729,201 756,200 783,199"/>
                <TextEquiv>
                    <Unicode>Liebele</Unicode>
                </TextEquiv>
            </TextLine>
            <TextLine id="r1l2" custom="readingOrder {index:1;}">
                <Coords points="277,219 742,254 889,210 1412,222 1412,146 1344,129 1165,172 1026,142 883,202 797,169 700,210 426,197 277,143"/>
                <Baseline points="284,189 340,201 396,210 452,217 508,221 564,224 620,226 676,225 732,224 788,222 844,219 900,216 956,213 1012,211 1068,208 1124,206 1180,206 1236,206 1292,208 1348,211 1405,217"/>
                <TextEquiv>
                    <Unicode>5.1 box 11/2</Unicode>
                </TextEquiv>
            </TextLine>
            <TextLine id="r1l3" custom="readingOrder {index:2;}">
                <Coords points="522,859 599,862 640,836 698,847 740,834 791,854 823,828 852,846 886,846 887,779 838,772 811,796 778,767 733,799 679,805 614,784 572,811 523,802"/>
                <Baseline points="529,836 555,833 582,831 609,829 636,829 663,829 690,830 716,831 743,832 770,833 797,835 824,836 851,837 878,838"/>
                <TextEquiv>
                    <Unicode></Unicode>
                </TextEquiv>
            </TextLine>
            <TextLine id="r1l4" custom="readingOrder {index:3;}">
                <Coords points="347,931 398,945 631,941 674,953 726,945 728,901 653,866 598,880 562,870 440,878 398,861 374,878 348,875"/>
                <Baseline points="354,911 380,912 406,913 432,914 458,916 484,916 510,917 537,919 563,919 589,920 615,921 641,921 667,922 693,922 720,923"/>
                <TextEquiv>
                    <Unicode>Telephon 12801.</Unicode>
                </TextEquiv>
            </TextLine>
            <TextLine id="r1l5" custom="readingOrder {index:4;}">
                <Coords points="534,1071 1185,1076 1196,953 782,976 734,942 685,944 535,1016"/>
                <Baseline points="541,1063 573,1061 605,1059 638,1056 670,1055 702,1055 735,1054 767,1054 799,1055 832,1055 864,1056 896,1057 929,1058 961,1058 993,1060 1026,1060 1058,1061 1090,1061 1123,1061 1155,1061 1188,1060"/>
                <TextEquiv>
                    <Unicode>„OBSERVER</Unicode>
                </TextEquiv>
            </TextLine>
            <TextLine id="r1l6" custom="readingOrder {index:5;}">
                <Coords points="352,1132 1340,1159 1477,1123 1389,1077 1310,1103 1126,1067 353,1069"/>
                <Baseline points="359,1109 414,1111 470,1114 525,1115 581,1117 636,1118 692,1120 747,1121 803,1122 858,1122 914,1123 970,1124 1025,1124 1081,1125 1136,1125 1192,1126 1247,1126 1303,1127 1358,1127 1414,1127 1470,1128"/>
                <TextEquiv>
                    <Unicode>I österr. behördl. konz. Unternehmen für Zeitungs-Ausschnitte</Unicode>
                </TextEquiv>
            </TextLine>
            <TextLine id="r1l7" custom="readingOrder {index:6;}">
                <Coords points="550,1183 675,1222 822,1193 1041,1222 1282,1202 1282,1155 1229,1150 790,1141 711,1165 629,1130 550,1141"/>
                <Baseline points="557,1182 592,1183 628,1185 664,1186 700,1188 736,1189 772,1190 808,1192 844,1192 880,1193 916,1194 951,1195 987,1195 1023,1196 1059,1196 1095,1196 1131,1196 1167,1195 1203,1194 1239,1193 1275,1192"/>
                <TextEquiv>
                    <Unicode>Wien, I., Concordiaplatz 4.</Unicode>
                </TextEquiv>
            </TextLine>
            <TextLine id="r1l8" custom="readingOrder {index:7;}">
                <Coords points="750,1252 828,1269 918,1249 953,1259 967,1252 985,1264 1007,1251 1025,1264 1047,1253 1068,1262 1069,1214 888,1219 860,1207 833,1220 804,1207 750,1207"/>
                <Baseline points="757,1244 782,1243 807,1243 833,1243 858,1243 884,1244 909,1245 934,1246 960,1246 985,1246 1011,1246 1036,1246 1062,1245"/>
                <TextEquiv>
                    <Unicode>Vertretungen</Unicode>
                </TextEquiv>
            </TextLine>
            <TextLine id="r1l9" custom="readingOrder {index:8;}">
                <Coords points="342,1282 1467,1308 1468,1250 343,1243"/>
                <Baseline points="350,1280 405,1282 461,1284 516,1285 572,1287 627,1288 683,1289 738,1290 794,1291 849,1291 905,1292 960,1292 1016,1293 1071,1293 1127,1293 1182,1294 1238,1294 1293,1294 1349,1295 1404,1295 1460,1295"/>
                <TextEquiv>
                    <Unicode>in Berlin, Budapest, Chicago, Christiania, Genf, Kopenhagen,</Unicode>
                </TextEquiv>
            </TextLine>
            <TextLine id="r1l10" custom="readingOrder {index:9;}">
                <Coords points="351,1325 1311,1357 1450,1351 1479,1316 351,1284"/>
                <Baseline points="358,1317 413,1320 469,1323 525,1325 580,1327 636,1328 692,1329 747,1330 803,1330 859,1331 915,1331 970,1331 1026,1331 1082,1332 1137,1332 1193,1332 1249,1333 1304,1334 1360,1336 1416,1337 1472,1339"/>
                <TextEquiv>
                    <Unicode>London, Madrid, Mailand, Minneapolis, New-York, Paris, Rom,</Unicode>
                </TextEquiv>
            </TextLine>
            <TextLine id="r1l11" custom="readingOrder {index:10;}">
                <Coords points="527,1373 693,1393 1026,1375 1143,1399 1292,1391 1293,1352 527,1336"/>
                <Baseline points="534,1362 571,1363 609,1363 646,1364 684,1365 722,1365 759,1366 797,1366 834,1367 872,1367 910,1368 947,1368 985,1369 1022,1370 1060,1371 1098,1371 1135,1372 1173,1373 1210,1374 1248,1376 1286,1377"/>
                <TextEquiv>
                    <Unicode>San Francisco, Stockholm, St. Petersburg.</Unicode>
                </TextEquiv>
            </TextLine>
            <TextLine id="r1l12" custom="readingOrder {index:11;}">
                <Coords points="697,1408 940,1436 1065,1421 1120,1438 1121,1386 741,1374 697,1387"/>
                <Baseline points="704,1404 729,1405 755,1405 780,1406 806,1406 831,1406 857,1407 882,1407 908,1407 934,1408 959,1408 985,1408 1010,1409 1036,1409 1061,1410 1087,1410 1113,1410"/>
                <TextEquiv>
                    <Unicode>(Quellenangabe ohne Gewähr.)</Unicode>
                </TextEquiv>
            </TextLine>
            <TextLine id="r1l13" custom="readingOrder {index:12;}">
                <Coords points="324,1502 357,1493 463,1525 503,1501 554,1523 616,1498 658,1521 733,1505 732,1454 633,1471 564,1440 484,1436 437,1467 381,1449 326,1463"/>
                <Baseline points="332,1491 358,1493 384,1495 410,1496 437,1497 463,1498 489,1498 515,1499 542,1499 568,1500 594,1501 620,1502 647,1503 673,1505 699,1506 726,1508"/>
                <TextEquiv>
                    <Unicode>Ausschnitt aus:</Unicode>
                </TextEquiv>
            </TextLine>
            <TextLine id="r1l14" custom="readingOrder {index:13;}">
                <Coords points="741,1529 951,1561 1082,1532 1170,1541 1217,1575 1260,1549 1350,1569 1408,1553 1411,1497 1124,1469 1074,1487 984,1467 946,1487 880,1460 742,1500"/>
                <Baseline points="749,1520 781,1524 814,1527 846,1530 879,1533 912,1535 944,1536 977,1538 1010,1539 1042,1540 1075,1540 1108,1541 1140,1542 1173,1542 1206,1543 1238,1544 1271,1545 1304,1546 1336,1547 1369,1549 1402,1552"/>
                <TextEquiv>
                    <Unicode>Leipziger Tagblatt</Unicode>
                </TextEquiv>
            </TextLine>
            <TextLine id="r1l15" custom="readingOrder {index:14;}">
                <Coords points="341,1598 356,1593 363,1601 383,1605 447,1608 456,1603 499,1608 502,1583 463,1562 424,1571 375,1540 366,1548 347,1542"/>
                <Baseline points="349,1592 377,1593 406,1595 435,1598 464,1602 493,1606"/>
                <TextEquiv>
                    <Unicode>vom:</Unicode>
                </TextEquiv>
            </TextLine>
            <TextLine id="r1l16" custom="readingOrder {index:15;}">
                <Coords points="553,1587 615,1605 666,1597 692,1612 826,1613 857,1604 860,1561 822,1544 763,1561 718,1547 686,1555 652,1541 612,1549 590,1566 555,1558"/>
                <Baseline points="560,1588 586,1591 612,1594 639,1596 665,1599 691,1601 718,1602 744,1604 770,1605 797,1607 823,1609 850,1610"/>
                <TextEquiv>
                    <Unicode>-34 oc</Unicode>
                </TextEquiv>
            </TextLine>
            <TextLine id="r1l17" custom="readingOrder {index:16;}">
                <Coords points="490,1649 513,1650 518,1648 519,1650 546,1651 547,1600 531,1598 527,1594 518,1594 508,1596 504,1600 491,1601"/>
                <Baseline points="497,1620 540,1621"/>
                <TextEquiv>
                    <Unicode></Unicode>
                </TextEquiv>
            </TextLine>
            <TextLine id="r1l18" custom="readingOrder {index:17;}">
                <Coords points="916,1718 936,1722 957,1748 964,1748 970,1755 976,1752 985,1756 993,1715 978,1712 960,1688 954,1689 951,1684 937,1681 923,1681"/>
                <Baseline points="923,1716 953,1717 983,1728"/>
                <TextEquiv>
                    <Unicode></Unicode>
                </TextEquiv>
            </TextLine>
            <TextLine id="r1l19" custom="readingOrder {index:18;}">
                <Coords points="495,1828 589,1838 647,1809 673,1823 758,1805 786,1823 882,1830 878,1666 790,1709 699,1690 663,1718 590,1672 491,1680"/>
                <Baseline points="502,1817 528,1811 555,1806 581,1803 608,1801 634,1800 661,1799 688,1799 714,1800 741,1800 767,1801 794,1801 820,1801 847,1800 874,1798"/>
                <TextEquiv>
                    <Unicode>Theater&amp;</Unicode>
                </TextEquiv>
            </TextLine>
            <TextLine id="r1l20" custom="readingOrder {index:19;}">
                <Coords points="1143,1803 1165,1812 1173,1803 1258,1838 1297,1835 1322,1818 1447,1817 1438,1695 1376,1679 1326,1714 1294,1714 1246,1675 1202,1690 1135,1677"/>
                <Baseline points="1152,1823 1178,1819 1204,1815 1230,1812 1256,1809 1282,1807 1308,1805 1334,1805 1360,1804 1386,1803 1412,1803 1439,1803"/>
                <TextEquiv>
                    <Unicode>Musik</Unicode>
                </TextEquiv>
            </TextLine>
            <TextLine id="r1l21" custom="readingOrder {index:20;}">
                <Coords points="832,1927 842,1928 847,1924 861,1924 868,1928 882,1924 893,1928 909,1924 919,1926 919,1870 900,1870 891,1861 875,1870 871,1865 868,1868 853,1860 832,1865"/>
                <Baseline points="839,1898 875,1898 911,1898"/>
                <TextEquiv>
                    <Unicode>e</Unicode>
                </TextEquiv>
            </TextLine>
            <TextLine id="r1l22" custom="readingOrder {index:21;}">
                <Coords points="1217,1929 1259,1941 1281,1923 1321,1933 1352,1922 1369,1937 1404,1929 1434,1941 1481,1921 1521,1942 1523,1865 1502,1871 1465,1848 1438,1857 1422,1841 1382,1853 1370,1840 1310,1850 1297,1838 1220,1836"/>
                <Baseline points="1225,1900 1251,1905 1277,1908 1304,1911 1330,1912 1356,1913 1383,1913 1409,1913 1435,1912 1462,1912 1488,1911 1515,1911"/>
                <TextEquiv>
                    <Unicode>Z</Unicode>
                </TextEquiv>
            </TextLine>
            <TextLine id="r1l23" custom="readingOrder {index:22;}">
                <Coords points="1052,1938 1067,1942 1085,1929 1098,1936 1109,1926 1133,1938 1146,1925 1155,1931 1165,1928 1165,1886 1157,1886 1148,1894 1140,1890 1127,1897 1112,1897 1105,1890 1080,1898 1068,1890 1052,1896"/>
                <Baseline points="1058,1913 1083,1914 1108,1914 1133,1913 1158,1914"/>
                <TextEquiv>
                    <Unicode>1</Unicode>
                </TextEquiv>
            </TextLine>
            <TextLine id="r1l24" custom="readingOrder {index:23;}">
                <Coords points="643,1982 827,2014 881,1994 987,2009 1016,1994 1050,2014 1278,1986 1278,1966 1193,1933 1117,1956 1079,1935 938,1955 700,1940 643,1964"/>
                <Baseline points="650,1983 681,1985 712,1986 743,1987 774,1988 805,1989 836,1989 867,1990 898,1990 929,1989 960,1989 991,1989 1022,1989 1053,1988 1084,1988 1115,1987 1146,1987 1177,1987 1208,1987 1239,1987 1271,1988"/>
                <TextEquiv>
                    <Unicode>Battenberg=Theater.</Unicode>
                </TextEquiv>
            </TextLine>
            <TextLine id="r1l25" custom="readingOrder {index:24;}">
                <Coords points="460,2046 1524,2041 1524,1991 1438,2016 1395,1981 1233,2019 461,1993"/>
                <Baseline points="467,2042 519,2041 572,2041 624,2042 677,2042 729,2042 782,2042 834,2042 887,2043 939,2043 992,2043 1044,2043 1097,2044 1149,2044 1202,2044 1254,2044 1307,2044 1359,2044 1412,2044 1464,2044 1517,2044"/>
                <TextEquiv>
                    <Unicode>Ein Schnitzler im Battenberg=Theater! Man Ann es</Unicode>
                </TextEquiv>
            </TextLine>
            <TextLine id="r1l26" custom="readingOrder {index:25;}">
                <Coords points="425,2088 1543,2091 1470,2042 426,2039"/>
                <Baseline points="432,2082 487,2082 542,2082 597,2082 652,2082 708,2082 763,2082 818,2083 873,2083 928,2083 984,2084 1039,2084 1094,2084 1149,2085 1204,2085 1260,2085 1315,2084 1370,2084 1425,2083 1480,2082 1536,2081"/>
                <TextEquiv>
                    <Unicode>der neuen Direktion Garbrecht Da# wissen. Dihn ein</Unicode>
                </TextEquiv>
            </TextLine>
            <TextLine id="r1l27" custom="readingOrder {index:26;}">
                <Coords points="431,2117 1159,2132 1181,2081 430,2091"/>
                <Baseline points="437,2123 473,2122 510,2122 547,2122 584,2122 621,2122 658,2122 694,2122 731,2122 768,2122 805,2123 842,2123 879,2122 916,2122 952,2122 989,2122 1026,2121 1063,2120 1100,2119 1137,2118 1174,2116"/>
                <TextEquiv>
                    <Unicode>Stück wie das Schauspiel „Liebelei</Unicode>
                </TextEquiv>
            </TextLine>
            <TextLine id="r1l28" custom="readingOrder {index:27;}">
                <Coords points="1193,2111 1210,2106 1250,2128 1304,2111 1324,2131 1342,2123 1358,2135 1369,2124 1431,2121 1445,2131 1463,2118 1509,2128 1530,2117 1529,2083 1480,2094 1445,2083 1412,2109 1389,2090 1371,2095 1339,2080 1307,2097 1274,2084 1227,2097 1193,2086"/>
                <Baseline points="1201,2121 1227,2123 1254,2124 1281,2124 1308,2124 1335,2124 1362,2123 1388,2123 1415,2121 1442,2120 1469,2119 1496,2118 1523,2116"/>
                <TextEquiv>
                    <Unicode>ist schon dem</Unicode>
                </TextEquiv>
            </TextLine>
            <TextLine id="r1l29" custom="readingOrder {index:28;}">
                <Coords points="422,2152 1542,2169 1532,2116 422,2128"/>
                <Baseline points="429,2157 484,2158 539,2158 594,2158 650,2158 705,2159 760,2159 816,2158 871,2158 926,2158 982,2158 1037,2158 1092,2158 1147,2157 1203,2157 1258,2157 1313,2157 1369,2157 1424,2157 1479,2157 1535,2157"/>
                <TextEquiv>
                    <Unicode>Problem nach seines Erfolges im Battenberg=Theaker schere</Unicode>
                </TextEquiv>
            </TextLine>
            <TextLine id="r1l30" custom="readingOrder {index:29;}">
                <Coords points="428,2207 1539,2208 1539,2170 1489,2159 428,2164"/>
                <Baseline points="436,2195 490,2195 545,2196 600,2196 655,2196 710,2196 764,2196 819,2196 874,2196 929,2196 984,2196 1038,2196 1093,2196 1148,2195 1203,2195 1258,2195 1312,2195 1367,2195 1422,2195 1477,2195 1532,2195"/>
                <TextEquiv>
                    <Unicode>Freilich, Schnitzlers bestes Werk ist „Liebelei“ nicht. Dazu</Unicode>
                </TextEquiv>
            </TextLine>
            <TextLine id="r1l31" custom="readingOrder {index:30;}">
                <Coords points="421,2245 1531,2235 1508,2197 421,2198"/>
                <Baseline points="428,2229 482,2230 537,2231 592,2232 647,2233 702,2234 756,2234 811,2234 866,2235 921,2235 976,2235 1030,2235 1085,2234 1140,2234 1195,2234 1250,2234 1304,2233 1359,2233 1414,2233 1469,2233 1524,2232"/>
                <TextEquiv>
                    <Unicode>ist es zu episodenhaft. Und die Hauptfiguren sind zu matt</Unicode>
                </TextEquiv>
            </TextLine>
            <TextLine id="r1l32" custom="readingOrder {index:31;}">
                <Coords points="415,2279 1414,2292 1535,2242 415,2245"/>
                <Baseline points="423,2269 478,2269 533,2269 588,2269 644,2270 699,2270 754,2270 809,2270 865,2271 920,2271 975,2271 1030,2271 1086,2271 1141,2272 1196,2272 1251,2272 1307,2272 1362,2271 1417,2271 1472,2271 1528,2270"/>
                <TextEquiv>
                    <Unicode>gezeichnet. Gut gelang dem Autor der erste Akt mit seiner</Unicode>
                </TextEquiv>
            </TextLine>
            <TextLine id="r1l33" custom="readingOrder {index:32;}">
                <Coords points="420,2312 1539,2313 1496,2276 1242,2267 420,2279"/>
                <Baseline points="427,2306 482,2307 537,2308 592,2309 648,2309 703,2310 758,2310 813,2310 869,2311 924,2311 979,2311 1034,2311 1090,2311 1145,2311 1200,2310 1255,2310 1311,2310 1366,2309 1421,2309 1476,2308 1532,2307"/>
                <TextEquiv>
                    <Unicode>Milieuschilderung, seinem flotten Dialog. Nur die Szene</Unicode>
                </TextEquiv>
            </TextLine>
            <TextLine id="r1l34" custom="readingOrder {index:33;}">
                <Coords points="427,2355 1529,2344 1488,2309 1424,2336 427,2312"/>
                <Baseline points="433,2347 487,2347 541,2346 596,2346 650,2346 705,2346 759,2346 814,2346 868,2347 923,2347 977,2347 1031,2347 1086,2347 1140,2347 1195,2347 1249,2347 1304,2347 1358,2347 1413,2347 1467,2346 1522,2346"/>
                <TextEquiv>
                    <Unicode>zwischen Fritz und seinem Gegner erscheint gezwungen. So</Unicode>
                </TextEquiv>
            </TextLine>
            <TextLine id="r1l35" custom="readingOrder {index:34;}">
                <Coords points="422,2384 1535,2400 1535,2352 1436,2345 422,2362"/>
                <Baseline points="430,2384 484,2384 539,2384 594,2385 649,2385 704,2385 759,2385 814,2385 869,2385 924,2385 979,2385 1033,2385 1088,2385 1143,2385 1198,2385 1253,2385 1308,2385 1363,2384 1418,2384 1473,2383 1528,2382"/>
                <TextEquiv>
                    <Unicode>würde der spätere Schnitzler die Duellforderung, das Ende</Unicode>
                </TextEquiv>
            </TextLine>
            <TextLine id="r1l36" custom="readingOrder {index:35;}">
                <Coords points="424,2423 1539,2433 1539,2380 424,2385"/>
                <Baseline points="431,2421 486,2422 541,2422 596,2422 651,2423 706,2423 761,2423 816,2424 871,2424 926,2424 981,2424 1036,2424 1091,2424 1146,2424 1201,2423 1256,2423 1311,2422 1366,2421 1421,2420 1476,2419 1532,2417"/>
                <TextEquiv>
                    <Unicode>vom Liede, nicht eingeleitet haben. Stark fällt der sentimen¬</Unicode>
                </TextEquiv>
            </TextLine>
            <TextLine id="r1l37" custom="readingOrder {index:36;}">
                <Coords points="420,2464 1533,2461 1500,2423 420,2429"/>
                <Baseline points="428,2459 482,2459 537,2459 592,2460 647,2460 702,2461 757,2461 812,2462 867,2462 922,2463 977,2463 1031,2463 1086,2463 1141,2463 1196,2463 1251,2463 1306,2462 1361,2461 1416,2460 1471,2458 1526,2456"/>
                <TextEquiv>
                    <Unicode>tale zweite Akt ab, in dem nur die sympathische Gestalt des</Unicode>
                </TextEquiv>
            </TextLine>
            <TextLine id="r1l38" custom="readingOrder {index:37;}">
                <Coords points="416,2502 1454,2510 1525,2502 1526,2463 416,2477"/>
                <Baseline points="423,2499 477,2499 532,2499 587,2499 642,2499 696,2499 751,2500 806,2500 861,2501 915,2501 970,2502 1025,2502 1080,2502 1134,2502 1189,2502 1244,2502 1299,2501 1353,2500 1408,2499 1463,2498 1518,2496"/>
                <TextEquiv>
                    <Unicode>alten Weiring interessiert. Dagegen hebt sich der Schlußakt</Unicode>
                </TextEquiv>
            </TextLine>
            <TextLine id="r1l39" custom="readingOrder {index:38;}">
                <Coords points="422,2540 1499,2540 1499,2501 1259,2491 634,2521 422,2497"/>
                <Baseline points="429,2538 482,2537 535,2537 588,2537 641,2538 694,2538 747,2538 801,2538 854,2539 907,2539 960,2539 1013,2540 1066,2540 1119,2540 1173,2540 1226,2540 1279,2539 1332,2539 1385,2538 1438,2537 1492,2536"/>
                <TextEquiv>
                    <Unicode>wieder zu dramatischer Höhe im Verzweiflungsschrei de</Unicode>
                </TextEquiv>
            </TextLine>
            <TextLine id="r1l40" custom="readingOrder {index:39;}">
                <Coords points="427,2581 1502,2576 1502,2541 1443,2535 428,2538"/>
                <Baseline points="435,2574 488,2574 541,2574 594,2574 647,2574 700,2575 753,2575 806,2576 859,2576 912,2577 965,2577 1018,2577 1071,2578 1124,2578 1177,2578 1230,2577 1283,2577 1336,2576 1389,2575 1442,2574 1495,2572"/>
                <TextEquiv>
                    <Unicode>hinterlassenen Geliebten: „Und ich? Was war denn ich?</Unicode>
                </TextEquiv>
            </TextLine>
            <TextLine id="r1l41" custom="readingOrder {index:40;}">
                <Coords points="419,2613 1426,2626 1532,2615 1532,2575 419,2581"/>
                <Baseline points="427,2611 481,2611 536,2611 591,2612 646,2612 701,2612 756,2613 810,2613 865,2613 920,2614 975,2614 1030,2614 1085,2614 1140,2614 1194,2614 1249,2614 1304,2613 1359,2613 1414,2612 1469,2611 1524,2611"/>
                <TextEquiv>
                    <Unicode>Leider hat Schnitzler das andere Liebespaar, den Theodox</Unicode>
                </TextEquiv>
            </TextLine>
            <TextLine id="r1l42" custom="readingOrder {index:41;}">
                <Coords points="427,2654 1513,2658 1492,2615 427,2619"/>
                <Baseline points="435,2648 488,2649 542,2649 595,2649 649,2650 702,2650 756,2650 809,2650 863,2651 916,2651 970,2651 1024,2651 1077,2652 1131,2652 1184,2652 1238,2651 1291,2651 1345,2651 1398,2650 1452,2650 1506,2649"/>
                <TextEquiv>
                    <Unicode>und die Mizi, in der letzten Szene zu Statisten herabgedrückt,</Unicode>
                </TextEquiv>
            </TextLine>
            <TextLine id="r1l43" custom="readingOrder {index:42;}">
                <Coords points="427,2693 1531,2696 1493,2651 427,2655"/>
                <Baseline points="434,2688 488,2687 543,2686 597,2686 652,2686 706,2686 761,2686 815,2686 870,2687 924,2688 979,2688 1033,2689 1088,2690 1142,2690 1197,2690 1251,2690 1306,2690 1360,2689 1415,2688 1469,2687 1524,2685"/>
                <TextEquiv>
                    <Unicode>wo man doch gerade von ihnen das erlösende Wort einer leich¬</Unicode>
                </TextEquiv>
            </TextLine>
            <TextLine id="r1l44" custom="readingOrder {index:43;}">
                <Coords points="420,2733 1470,2740 1527,2698 420,2699"/>
                <Baseline points="427,2727 481,2726 536,2725 590,2725 645,2725 700,2725 754,2725 809,2726 864,2726 918,2727 973,2727 1028,2728 1082,2729 1137,2729 1192,2730 1246,2730 1301,2730 1356,2730 1410,2730 1465,2729 1520,2728"/>
                <TextEquiv>
                    <Unicode>teren Lebensauffassung erwartet. Aber trotz ihrem Schweigen</Unicode>
                </TextEquiv>
            </TextLine>
            <TextLine id="r1l45" custom="readingOrder {index:44;}">
                <Coords points="420,2772 1545,2784 1545,2718 420,2728"/>
                <Baseline points="427,2765 482,2764 538,2764 593,2763 649,2763 704,2763 760,2763 815,2764 871,2764 926,2765 982,2765 1038,2766 1093,2766 1149,2767 1204,2767 1260,2768 1315,2768 1371,2768 1426,2767 1482,2767 1538,2766"/>
                <TextEquiv>
                    <Unicode>hat uns Schnitzler Christinens Selbstmord nicht glaubhaft zu</Unicode>
                </TextEquiv>
            </TextLine>
            <TextLine id="r1l46" custom="readingOrder {index:45;}">
                <Coords points="428,2807 693,2802 748,2814 791,2803 791,2777 769,2769 428,2767"/>
                <Baseline points="435,2798 461,2799 488,2799 515,2799 542,2799 569,2799 596,2799 622,2799 649,2799 676,2799 703,2799 730,2800 757,2800 784,2801"/>
                <TextEquiv>
                    <Unicode>machen verstanden.</Unicode>
                </TextEquiv>
            </TextLine>
            <TextLine id="r1l47" custom="readingOrder {index:46;}">
                <Coords points="468,2848 1534,2859 1545,2786 468,2811"/>
                <Baseline points="475,2839 528,2839 581,2839 634,2840 687,2840 740,2841 793,2841 847,2841 900,2842 953,2842 1006,2843 1059,2843 1112,2843 1165,2844 1219,2844 1272,2844 1325,2844 1378,2843 1431,2843 1484,2843 1538,2842"/>
                <TextEquiv>
                    <Unicode>Die Direktion konnte zwei Kräfte auf die Bühne stellen,</Unicode>
                </TextEquiv>
            </TextLine>
            <TextLine id="r1l48" custom="readingOrder {index:47;}">
                <Coords points="427,2889 1505,2890 1531,2854 427,2844"/>
                <Baseline points="434,2875 488,2875 543,2875 597,2876 652,2877 706,2878 761,2879 815,2880 870,2881 924,2882 979,2883 1033,2884 1088,2885 1142,2885 1197,2886 1251,2886 1306,2885 1360,2884 1415,2883 1469,2881 1524,2879"/>
                <TextEquiv>
                    <Unicode>um die sie manches große Theater beneiden kann: Fräulein</Unicode>
                </TextEquiv>
            </TextLine>
            <TextLine id="r1l49" custom="readingOrder {index:48;}">
                <Coords points="433,2920 1535,2914 1535,2882 433,2880"/>
                <Baseline points="439,2912 493,2912 547,2912 602,2913 656,2914 711,2915 765,2917 820,2918 874,2920 929,2921 983,2923 1037,2924 1092,2925 1146,2926 1201,2926 1255,2925 1310,2924 1364,2922 1419,2920 1473,2917 1528,2913"/>
                <TextEquiv>
                    <Unicode>Scherder als Mizi, deren sprudelnder wienerischer Ueber¬</Unicode>
                </TextEquiv>
            </TextLine>
            <TextLine id="r1l50" custom="readingOrder {index:49;}">
                <Coords points="426,2951 1518,2964 1487,2918 426,2923"/>
                <Baseline points="433,2953 486,2953 540,2953 594,2953 648,2953 702,2954 756,2955 810,2955 864,2956 918,2957 972,2958 1025,2958 1079,2959 1133,2959 1187,2960 1241,2960 1295,2959 1349,2959 1403,2958 1457,2957 1511,2955"/>
                <TextEquiv>
                    <Unicode>mut fortriß, und Herrn Curs als Theodor, der mit sehr</Unicode>
                </TextEquiv>
            </TextLine>
            <TextLine id="r1l51" custom="readingOrder {index:50;}">
                <Coords points="422,2991 1520,3003 1533,2963 422,2959"/>
                <Baseline points="428,2990 482,2990 537,2990 592,2991 647,2991 702,2992 757,2993 811,2993 866,2994 921,2995 976,2996 1031,2996 1086,2997 1141,2997 1195,2997 1250,2997 1305,2997 1360,2996 1415,2996 1470,2994 1525,2993"/>
                <TextEquiv>
                    <Unicode>viel Routine einen prächtigen Bonvivant schuf. Sehr gut in</Unicode>
                </TextEquiv>
            </TextLine>
            <TextLine id="r1l52" custom="readingOrder {index:51;}">
                <Coords points="431,3029 1492,3043 1528,2999 431,2999"/>
                <Baseline points="438,3026 492,3026 546,3026 600,3027 654,3028 708,3028 762,3030 817,3031 871,3032 925,3034 979,3035 1033,3036 1087,3036 1141,3037 1196,3037 1250,3037 1304,3036 1358,3035 1412,3033 1466,3030 1521,3027"/>
                <TextEquiv>
                    <Unicode>Sprache und Spiel waren auch der Fritz des Herrn Direktors</Unicode>
                </TextEquiv>
            </TextLine>
            <TextLine id="r1l53" custom="readingOrder {index:52;}">
                <Coords points="432,3064 1529,3073 1460,3034 432,3029"/>
                <Baseline points="439,3062 493,3063 547,3064 601,3065 655,3066 709,3066 763,3067 818,3068 872,3069 926,3070 980,3070 1034,3071 1088,3071 1142,3071 1197,3071 1251,3071 1305,3071 1359,3070 1413,3069 1467,3068 1522,3067"/>
                <TextEquiv>
                    <Unicode>Garbrecht und der Weiring des Herrn Battige. Da¬</Unicode>
                </TextEquiv>
            </TextLine>
            <TextLine id="r1l54" custom="readingOrder {index:53;}">
                <Coords points="430,3112 1535,3114 1535,3079 1448,3066 430,3078"/>
                <Baseline points="437,3107 491,3106 546,3105 600,3105 655,3105 709,3105 764,3105 818,3105 873,3106 927,3106 982,3107 1037,3107 1091,3107 1146,3108 1200,3108 1255,3108 1309,3108 1364,3107 1418,3107 1473,3106 1528,3104"/>
                <TextEquiv>
                    <Unicode>gegen konnte Fräulein Bernhardt in den ersten beiden</Unicode>
                </TextEquiv>
            </TextLine>
            <TextLine id="r1l55" custom="readingOrder {index:54;}">
                <Coords points="426,3148 1539,3152 1509,3108 427,3111"/>
                <Baseline points="433,3143 487,3143 542,3142 597,3142 652,3142 707,3142 762,3142 817,3143 872,3144 927,3144 982,3145 1036,3145 1091,3146 1146,3146 1201,3147 1256,3147 1311,3147 1366,3147 1421,3146 1476,3145 1531,3144"/>
                <TextEquiv>
                    <Unicode>Akten wenig gefallen. Es ist anzunehmen, daß sie für Frl.</Unicode>
                </TextEquiv>
            </TextLine>
            <TextLine id="r1l56" custom="readingOrder {index:55;}">
                <Coords points="432,3181 1539,3203 1524,3146 432,3145"/>
                <Baseline points="439,3184 493,3183 548,3182 602,3181 657,3181 712,3181 766,3181 821,3181 876,3182 930,3183 985,3183 1040,3184 1094,3184 1149,3185 1204,3185 1258,3185 1313,3184 1368,3183 1422,3182 1477,3180 1532,3178"/>
                <TextEquiv>
                    <Unicode>Faßhauer eingesprungen ist. Sie sprach fortwährend mit</Unicode>
                </TextEquiv>
            </TextLine>
            <TextLine id="r1l57" custom="readingOrder {index:56;}">
                <Coords points="435,3220 1545,3237 1451,3181 436,3185"/>
                <Baseline points="442,3217 496,3217 551,3218 606,3218 661,3219 716,3219 770,3219 825,3220 880,3220 935,3220 990,3220 1044,3221 1099,3221 1154,3221 1209,3221 1264,3221 1318,3221 1373,3221 1428,3221 1483,3221 1538,3221"/>
                <TextEquiv>
                    <Unicode>weinerlicher Stimme, als wüßte sie schon von allem Anfang,</Unicode>
                </TextEquiv>
            </TextLine>
            <TextLine id="r1l58" custom="readingOrder {index:57;}">
                <Coords points="422,3264 1541,3289 1541,3228 1448,3222 422,3220"/>
                <Baseline points="429,3257 484,3257 539,3256 594,3256 650,3256 705,3256 760,3256 815,3256 871,3257 926,3257 981,3257 1036,3258 1092,3258 1147,3258 1202,3259 1257,3259 1313,3259 1368,3259 1423,3259 1478,3259 1534,3259"/>
                <TextEquiv>
                    <Unicode>daß sie sich am Schlusse selbst morden würde. Nur im dritten</Unicode>
                </TextEquiv>
            </TextLine>
            <TextLine id="r1l59" custom="readingOrder {index:58;}">
                <Coords points="426,3287 464,3313 520,3290 1102,3315 1183,3293 1183,3273 1110,3258 426,3261"/>
                <Baseline points="433,3293 470,3294 507,3294 544,3295 581,3295 618,3295 655,3295 693,3295 730,3295 767,3295 804,3295 841,3295 878,3294 915,3294 953,3294 990,3294 1027,3294 1064,3294 1101,3294 1138,3295 1176,3295"/>
                <TextEquiv>
                    <Unicode>Akte zeigte sie sich ihrer Rolle gewachsen.</Unicode>
                </TextEquiv>
            </TextLine>
            <TextLine id="r1l60" custom="readingOrder {index:59;}">
                <Coords points="477,3335 1406,3351 1533,3344 1543,3309 477,3300"/>
                <Baseline points="483,3331 535,3331 588,3331 640,3332 693,3332 746,3333 798,3333 851,3334 903,3334 956,3335 1009,3335 1061,3336 1114,3336 1166,3336 1219,3337 1272,3337 1324,3337 1377,3336 1429,3336 1482,3335 1535,3334"/>
                <TextEquiv>
                    <Unicode>Vorher gab man ein einaktiges Lustspiel Jugend¬</Unicode>
                </TextEquiv>
            </TextLine>
            <TextLine id="r1l61" custom="readingOrder {index:60;}">
                <Coords points="426,3364 1513,3386 1540,3344 426,3332"/>
                <Baseline points="433,3369 488,3369 543,3368 598,3369 653,3369 708,3370 763,3370 818,3371 873,3372 928,3373 983,3374 1038,3375 1093,3376 1148,3377 1203,3378 1258,3378 1313,3378 1368,3378 1423,3378 1478,3377 1533,3376"/>
                <TextEquiv>
                    <Unicode>liebe“ von Wilbrandt, ein schrecklich harmloses Stuck des</Unicode>
                </TextEquiv>
            </TextLine>
            <TextLine id="r1l62" custom="readingOrder {index:61;}">
                <Coords points="425,3420 1541,3425 1542,3373 794,3393 426,3364"/>
                <Baseline points="432,3407 487,3407 542,3406 597,3406 652,3407 707,3407 762,3408 818,3408 873,3409 928,3410 983,3412 1038,3412 1093,3413 1148,3414 1204,3415 1259,3415 1314,3415 1369,3416 1424,3415 1479,3415 1535,3414"/>
                <TextEquiv>
                    <Unicode>namhaften Autors. Es bot aber Fräulein Margarethe</Unicode>
                </TextEquiv>
            </TextLine>
            <TextLine id="r1l63" custom="readingOrder {index:62;}">
                <Coords points="433,3461 1397,3470 1534,3455 1535,3421 434,3416"/>
                <Baseline points="441,3443 495,3442 549,3442 604,3442 658,3442 712,3443 767,3443 821,3445 875,3446 930,3447 984,3448 1038,3450 1093,3451 1147,3452 1201,3453 1256,3453 1310,3453 1364,3453 1419,3452 1473,3450 1528,3448"/>
                <TextEquiv>
                    <Unicode>Köckeritz und Herrn Marx Gelegenheit, ihre Kunst zu</Unicode>
                </TextEquiv>
            </TextLine>
            <TextLine id="r1l64" custom="readingOrder {index:63;}">
                <Coords points="440,3499 1357,3502 1524,3492 1545,3450 440,3458"/>
                <Baseline points="446,3483 500,3483 555,3484 609,3484 664,3485 719,3485 773,3486 828,3487 882,3487 937,3488 992,3488 1046,3489 1101,3489 1155,3489 1210,3489 1265,3489 1319,3489 1374,3489 1428,3488 1483,3488 1538,3487"/>
                <TextEquiv>
                    <Unicode>zeigen. Der Souffleur hatte gestern leichte Arbeit. Man</Unicode>
                </TextEquiv>
            </TextLine>
            <TextLine id="r1l65" custom="readingOrder {index:64;}">
                <Coords points="444,3526 1481,3543 1537,3535 1538,3495 444,3496"/>
                <Baseline points="450,3521 504,3521 558,3521 612,3521 666,3522 720,3522 774,3523 828,3523 882,3524 936,3525 990,3525 1044,3526 1098,3526 1152,3527 1206,3527 1260,3527 1314,3528 1368,3528 1422,3527 1476,3527 1531,3526"/>
                <TextEquiv>
                    <Unicode>spielte sicher und flott. Die Regie ließ manches zu wünschen</Unicode>
                </TextEquiv>
            </TextLine>
            <TextLine id="r1l66" custom="readingOrder {index:65;}">
                <Coords points="428,3561 1402,3589 1545,3573 1546,3538 428,3533"/>
                <Baseline points="435,3561 490,3560 545,3560 600,3560 655,3560 710,3560 765,3561 821,3561 876,3562 931,3562 986,3563 1041,3563 1096,3564 1151,3564 1207,3565 1262,3565 1317,3565 1372,3565 1427,3565 1482,3565 1538,3564"/>
                <TextEquiv>
                    <Unicode>übrig. Wer aber die beschränkten Bühnenverhältnisse des</Unicode>
                </TextEquiv>
            </TextLine>
            <TextLine id="r1l67" custom="readingOrder {index:66;}">
                <Coords points="430,3608 1348,3615 1348,3577 1279,3565 430,3561"/>
                <Baseline points="438,3597 483,3599 528,3600 573,3601 618,3601 663,3602 708,3602 753,3603 798,3603 843,3603 889,3603 934,3603 979,3603 1024,3603 1069,3602 1114,3602 1159,3602 1204,3601 1249,3601 1294,3600 1340,3600"/>
                <TextEquiv>
                    <Unicode>Battenberg=Theaters kennt, der wird's begreifen.</Unicode>
                </TextEquiv>
            </TextLine>
            <TextLine id="r1l68" custom="readingOrder {index:67;}">
                <Coords points="1091,3642 1214,3655 1311,3645 1345,3657 1392,3646 1472,3656 1511,3642 1420,3591 1331,3617 1319,3605 1239,3604 1223,3617 1091,3610"/>
                <Baseline points="1098,3641 1123,3643 1148,3643 1174,3644 1199,3645 1225,3645 1250,3645 1276,3645 1301,3645 1326,3645 1352,3644 1377,3644 1403,3644 1428,3643 1454,3643 1479,3643 1505,3644"/>
                <TextEquiv>
                    <Unicode>Georg Müller-Heim.</Unicode>
                </TextEquiv>
            </TextLine>
            <TextEquiv>
                <Unicode>Liebele
5.1 box 11/2

Telephon 12801.
„OBSERVER
I österr. behördl. konz. Unternehmen für Zeitungs-Ausschnitte
Wien, I., Concordiaplatz 4.
Vertretungen
in Berlin, Budapest, Chicago, Christiania, Genf, Kopenhagen,
London, Madrid, Mailand, Minneapolis, New-York, Paris, Rom,
San Francisco, Stockholm, St. Petersburg.
(Quellenangabe ohne Gewähr.)
Ausschnitt aus:
Leipziger Tagblatt
vom:
-34 oc


Theater&amp;
Musik
e
Z
1
Battenberg=Theater.
Ein Schnitzler im Battenberg=Theater! Man Ann es
der neuen Direktion Garbrecht Da# wissen. Dihn ein
Stück wie das Schauspiel „Liebelei
ist schon dem
Problem nach seines Erfolges im Battenberg=Theaker schere
Freilich, Schnitzlers bestes Werk ist „Liebelei“ nicht. Dazu
ist es zu episodenhaft. Und die Hauptfiguren sind zu matt
gezeichnet. Gut gelang dem Autor der erste Akt mit seiner
Milieuschilderung, seinem flotten Dialog. Nur die Szene
zwischen Fritz und seinem Gegner erscheint gezwungen. So
würde der spätere Schnitzler die Duellforderung, das Ende
vom Liede, nicht eingeleitet haben. Stark fällt der sentimen¬
tale zweite Akt ab, in dem nur die sympathische Gestalt des
alten Weiring interessiert. Dagegen hebt sich der Schlußakt
wieder zu dramatischer Höhe im Verzweiflungsschrei de
hinterlassenen Geliebten: „Und ich? Was war denn ich?
Leider hat Schnitzler das andere Liebespaar, den Theodox
und die Mizi, in der letzten Szene zu Statisten herabgedrückt,
wo man doch gerade von ihnen das erlösende Wort einer leich¬
teren Lebensauffassung erwartet. Aber trotz ihrem Schweigen
hat uns Schnitzler Christinens Selbstmord nicht glaubhaft zu
machen verstanden.
Die Direktion konnte zwei Kräfte auf die Bühne stellen,
um die sie manches große Theater beneiden kann: Fräulein
Scherder als Mizi, deren sprudelnder wienerischer Ueber¬
mut fortriß, und Herrn Curs als Theodor, der mit sehr
viel Routine einen prächtigen Bonvivant schuf. Sehr gut in
Sprache und Spiel waren auch der Fritz des Herrn Direktors
Garbrecht und der Weiring des Herrn Battige. Da¬
gegen konnte Fräulein Bernhardt in den ersten beiden
Akten wenig gefallen. Es ist anzunehmen, daß sie für Frl.
Faßhauer eingesprungen ist. Sie sprach fortwährend mit
weinerlicher Stimme, als wüßte sie schon von allem Anfang,
daß sie sich am Schlusse selbst morden würde. Nur im dritten
Akte zeigte sie sich ihrer Rolle gewachsen.
Vorher gab man ein einaktiges Lustspiel Jugend¬
liebe“ von Wilbrandt, ein schrecklich harmloses Stuck des
namhaften Autors. Es bot aber Fräulein Margarethe
Köckeritz und Herrn Marx Gelegenheit, ihre Kunst zu
zeigen. Der Souffleur hatte gestern leichte Arbeit. Man
spielte sicher und flott. Die Regie ließ manches zu wünschen
übrig. Wer aber die beschränkten Bühnenverhältnisse des
Battenberg=Theaters kennt, der wird's begreifen.
Georg Müller-Heim.</Unicode>
            </TextEquiv>
        </TextRegion>
        <TextRegion orientation="0.0" id="r2" custom="readingOrder {index:1;}">
            <Coords points="1960,239 1960,3998 3047,3998 3047,239"/>
            <TextLine id="r2l1" custom="readingOrder {index:0;}">
                <Coords points="2666,277 2695,292 2995,294 3023,286 3024,226 2926,218 2892,229 2874,211 2793,199 2752,228 2725,218 2666,229"/>
                <Baseline points="2673,262 2699,261 2725,261 2752,261 2778,261 2805,261 2831,262 2858,262 2884,263 2911,263 2937,263 2964,263 2990,263 3017,261"/>
                <TextEquiv>
                    <Unicode>Telephon 12801.</Unicode>
                </TextEquiv>
            </TextLine>
            <TextLine id="r2l2" custom="readingOrder {index:1;}">
                <Coords points="2811,372 2827,376 2847,363 2850,364 2862,356 2864,358 2872,350 2885,347 2883,315 2864,314 2860,319 2857,317 2855,319 2836,312 2823,320 2819,317 2809,318"/>
                <Baseline points="2818,358 2848,356 2878,356"/>
                <TextEquiv>
                    <Unicode>9</Unicode>
                </TextEquiv>
            </TextLine>
            <TextLine id="r2l3" custom="readingOrder {index:2;}">
                <Coords points="2134,410 2824,419 2823,314 2499,301 2358,328 2257,310 2133,361"/>
                <Baseline points="2141,413 2174,410 2208,408 2242,406 2276,404 2310,403 2343,402 2377,402 2411,402 2445,402 2479,403 2512,403 2546,404 2580,404 2614,405 2647,405 2681,405 2715,405 2749,405 2783,404 2817,403"/>
                <TextEquiv>
                    <Unicode>„OBSERVER</Unicode>
                </TextEquiv>
            </TextLine>
            <TextLine id="r2l4" custom="readingOrder {index:3;}">
                <Coords points="1954,467 2896,481 3029,465 3029,408 2127,409 1954,443"/>
                <Baseline points="1960,462 2013,461 2066,460 2119,459 2172,459 2225,459 2278,459 2332,460 2385,460 2438,460 2491,461 2544,461 2597,461 2650,461 2704,461 2757,461 2810,460 2863,458 2916,457 2969,455 3023,452"/>
                <TextEquiv>
                    <Unicode>I. österr. behördl. konz. Unternehmen für Zeitungs-Ausschnitte</Unicode>
                </TextEquiv>
            </TextLine>
            <TextLine id="r2l5" custom="readingOrder {index:4;}">
                <Coords points="2149,513 2183,534 2663,547 2872,526 2872,474 2803,499 2750,471 2149,489"/>
                <Baseline points="2157,522 2192,523 2227,523 2263,524 2298,524 2334,525 2369,525 2404,525 2440,525 2475,525 2511,525 2546,525 2581,525 2617,525 2652,525 2688,524 2723,524 2758,523 2794,522 2829,522 2865,521"/>
                <TextEquiv>
                    <Unicode>Wien, I., Concordiaplatz 4.</Unicode>
                </TextEquiv>
            </TextLine>
            <TextLine id="r2l6" custom="readingOrder {index:5;}">
                <Coords points="2373,582 2439,602 2523,588 2543,601 2563,588 2630,593 2673,580 2674,544 2619,539 2608,549 2530,554 2498,539 2484,547 2456,540 2427,557 2373,548"/>
                <Baseline points="2380,579 2406,579 2432,579 2458,579 2484,580 2510,580 2536,580 2562,580 2588,580 2614,580 2640,580 2666,580"/>
                <TextEquiv>
                    <Unicode>Vertretungen</Unicode>
                </TextEquiv>
            </TextLine>
            <TextLine id="r2l7" custom="readingOrder {index:6;}">
                <Coords points="1973,629 3052,635 3007,592 2851,584 1973,608"/>
                <Baseline points="1981,629 2034,628 2087,628 2140,628 2193,628 2247,628 2300,628 2353,628 2406,628 2459,628 2513,628 2566,628 2619,627 2672,627 2725,626 2779,626 2832,625 2885,624 2938,622 2991,621 3045,618"/>
                <TextEquiv>
                    <Unicode>in Berlin, Budapest, Chicago, Christiania, Genf, Kopenhagen,</Unicode>
                </TextEquiv>
            </TextLine>
            <TextLine id="r2l8" custom="readingOrder {index:7;}">
                <Coords points="1969,677 3054,677 3053,646 2961,629 1969,638"/>
                <Baseline points="1977,668 2030,668 2084,667 2137,667 2191,667 2244,666 2298,666 2351,666 2405,665 2458,665 2512,665 2565,664 2619,664 2672,664 2726,663 2779,663 2833,663 2886,662 2940,662 2993,661 3047,661"/>
                <TextEquiv>
                    <Unicode>London, Madrid, Mailand, Minneapolis, New-Vork, Paris, Rom,</Unicode>
                </TextEquiv>
            </TextLine>
            <TextLine id="r2l9" custom="readingOrder {index:8;}">
                <Coords points="2135,716 2860,718 2898,707 2898,672 2135,681"/>
                <Baseline points="2142,703 2179,703 2217,703 2254,702 2292,702 2329,702 2367,703 2404,703 2442,703 2479,703 2517,703 2554,703 2592,703 2629,703 2667,703 2704,704 2742,704 2779,704 2817,704 2854,705 2892,705"/>
                <TextEquiv>
                    <Unicode>San Francisco, Stockholm, St. Petersburg.</Unicode>
                </TextEquiv>
            </TextLine>
            <TextLine id="r2l10" custom="readingOrder {index:9;}">
                <Coords points="2313,759 2648,742 2694,760 2724,744 2723,722 2694,709 2628,724 2506,711 2474,724 2312,717"/>
                <Baseline points="2320,741 2346,742 2372,743 2399,743 2425,742 2452,742 2478,741 2504,741 2531,740 2557,739 2584,739 2610,739 2636,739 2663,740 2689,741 2716,743"/>
                <TextEquiv>
                    <Unicode>(Quellenangabe ohne Gewähr.)</Unicode>
                </TextEquiv>
            </TextLine>
            <TextLine id="r2l11" custom="readingOrder {index:10;}">
                <Coords points="1963,838 2543,819 2673,849 2838,807 2838,750 2743,800 2647,743 2542,790 2440,747 2326,793 1963,796"/>
                <Baseline points="1971,828 2014,826 2057,825 2100,824 2143,823 2186,823 2229,822 2272,822 2315,822 2358,822 2401,822 2444,822 2487,822 2530,821 2573,821 2616,821 2659,821 2702,821 2745,820 2788,820 2831,819"/>
                <TextEquiv>
                    <Unicode>Ausschnitt am Det Qlltn2</Unicode>
                </TextEquiv>
            </TextLine>
            <TextLine id="r2l12" custom="readingOrder {index:11;}">
                <Coords points="1979,937 2090,936 2098,928 2110,935 2122,925 2138,925 2147,934 2178,928 2179,870 2132,879 2113,872 2073,890 2059,880 2016,878 1999,890 1979,892"/>
                <Baseline points="1986,924 2012,924 2039,924 2065,924 2092,925 2118,925 2145,925 2172,924"/>
                <TextEquiv>
                    <Unicode>vom: 7</Unicode>
                </TextEquiv>
            </TextLine>
            <TextLine id="r2l13" custom="readingOrder {index:12;}">
                <Coords points="2479,968 2571,961 2613,973 2766,943 2829,955 2894,932 2890,883 2800,890 2779,906 2734,891 2712,909 2676,889 2654,908 2618,893 2533,928 2475,923"/>
                <Baseline points="2485,953 2510,955 2535,957 2560,957 2585,956 2610,955 2635,953 2660,951 2686,948 2711,945 2736,942 2761,938 2786,935 2811,931 2836,929 2861,927 2887,924"/>
                <TextEquiv>
                    <Unicode>e</Unicode>
                </TextEquiv>
            </TextLine>
            <TextLine id="r2l14" custom="readingOrder {index:13;}">
                <Coords points="2179,967 2204,976 2235,967 2253,976 2281,967 2384,968 2383,886 2345,880 2322,893 2285,880 2254,886 2211,927 2204,921 2179,925"/>
                <Baseline points="2186,946 2213,945 2240,945 2267,945 2294,945 2321,945 2348,945 2376,945"/>
                <TextEquiv>
                    <Unicode></Unicode>
                </TextEquiv>
            </TextLine>
            <TextLine id="r2l15" custom="readingOrder {index:14;}">
                <Coords points="2311,1069 2349,1081 2377,1073 2409,1089 2447,1070 2567,1081 2606,1070 2644,1078 2683,1062 2683,1041 2513,1004 2425,1026 2384,1007 2311,1012"/>
                <Baseline points="2318,1062 2343,1064 2369,1066 2394,1066 2420,1067 2445,1067 2471,1067 2497,1067 2522,1067 2548,1066 2573,1066 2599,1065 2624,1065 2650,1064 2676,1064"/>
                <TextEquiv>
                    <Unicode>Stadttheater.</Unicode>
                </TextEquiv>
            </TextLine>
            <TextLine id="r2l16" custom="readingOrder {index:15;}">
                <Coords points="2006,1147 2093,1117 2916,1122 2974,1149 2973,1055 2882,1090 2005,1074"/>
                <Baseline points="2013,1123 2060,1122 2108,1122 2156,1121 2203,1121 2251,1121 2299,1121 2346,1121 2394,1121 2442,1121 2490,1121 2537,1121 2585,1121 2633,1120 2680,1120 2728,1120 2776,1120 2823,1119 2871,1119 2919,1118 2967,1117"/>
                <TextEquiv>
                    <Unicode>Abschiedssonper", Lustspiel in 1 Akt und</Unicode>
                </TextEquiv>
            </TextLine>
            <TextLine id="r2l17" custom="readingOrder {index:16;}">
                <Coords points="2018,1176 2908,1186 2971,1173 2971,1119 2088,1120 2018,1151"/>
                <Baseline points="2025,1162 2071,1163 2118,1163 2165,1164 2212,1164 2259,1164 2306,1165 2353,1165 2400,1165 2447,1165 2494,1165 2540,1165 2587,1164 2634,1164 2681,1164 2728,1164 2775,1164 2822,1164 2869,1163 2916,1163 2963,1163"/>
                <TextEquiv>
                    <Unicode>„Liebelei“, Schauspiel in 3 Akten von Arthur</Unicode>
                </TextEquiv>
            </TextLine>
            <TextLine id="r2l18" custom="readingOrder {index:17;}">
                <Coords points="2337,1214 2439,1226 2473,1212 2551,1227 2579,1216 2647,1218 2647,1187 2627,1192 2602,1175 2554,1167 2485,1167 2446,1179 2424,1168 2337,1176"/>
                <Baseline points="2344,1204 2370,1206 2397,1206 2424,1206 2451,1206 2478,1206 2504,1206 2531,1205 2558,1205 2585,1206 2612,1206 2639,1208"/>
                <TextEquiv>
                    <Unicode>Schnitzler.</Unicode>
                </TextEquiv>
            </TextLine>
            <TextLine id="r2l19" custom="readingOrder {index:18;}">
                <Coords points="2050,1258 2940,1273 2960,1213 2869,1238 2625,1211 2050,1233"/>
                <Baseline points="2057,1256 2101,1258 2146,1259 2191,1260 2236,1261 2281,1262 2325,1262 2370,1262 2415,1262 2460,1262 2505,1262 2549,1262 2594,1262 2639,1262 2684,1262 2729,1262 2773,1262 2818,1262 2863,1262 2908,1263 2953,1263"/>
                <TextEquiv>
                    <Unicode>r. Wenn man über einen Theaterabend, wie</Unicode>
                </TextEquiv>
            </TextLine>
            <TextLine id="r2l20" custom="readingOrder {index:19;}">
                <Coords points="2006,1328 2116,1302 2947,1318 2959,1268 2006,1279"/>
                <Baseline points="2012,1300 2059,1302 2106,1303 2153,1304 2200,1305 2247,1306 2294,1307 2341,1307 2388,1308 2435,1308 2482,1308 2529,1308 2576,1308 2623,1308 2670,1308 2717,1307 2764,1307 2811,1307 2858,1306 2905,1306 2953,1306"/>
                <TextEquiv>
                    <Unicode>den vom Donnerstag zu schreiben hat, dann</Unicode>
                </TextEquiv>
            </TextLine>
            <TextLine id="r2l21" custom="readingOrder {index:20;}">
                <Coords points="2010,1373 2292,1343 2952,1363 2953,1321 2118,1302 2010,1328"/>
                <Baseline points="2017,1346 2063,1347 2109,1348 2156,1349 2202,1350 2249,1351 2295,1351 2342,1352 2388,1352 2435,1352 2481,1352 2527,1352 2574,1352 2620,1352 2667,1352 2713,1352 2760,1353 2806,1353 2853,1353 2899,1353 2946,1354"/>
                <TextEquiv>
                    <Unicode>wird einem die Berichterstattung wirklich zu</Unicode>
                </TextEquiv>
            </TextLine>
            <TextLine id="r2l22" custom="readingOrder {index:21;}">
                <Coords points="2002,1410 2142,1386 2851,1412 2976,1386 2898,1353 2002,1362"/>
                <Baseline points="2009,1394 2057,1394 2105,1394 2153,1394 2201,1395 2249,1395 2297,1395 2345,1396 2393,1396 2441,1396 2489,1396 2537,1396 2585,1396 2633,1396 2681,1396 2729,1396 2777,1395 2825,1394 2873,1393 2921,1392 2969,1390"/>
                <TextEquiv>
                    <Unicode>einer angenehmen Pflicht. Höchstens daß die</Unicode>
                </TextEquiv>
            </TextLine>
            <TextLine id="r2l23" custom="readingOrder {index:22;}">
                <Coords points="2017,1449 2960,1442 2960,1411 2884,1394 2017,1401"/>
                <Baseline points="2025,1438 2071,1439 2117,1440 2164,1440 2210,1441 2257,1441 2303,1441 2349,1440 2396,1440 2442,1440 2489,1439 2535,1439 2581,1439 2628,1438 2674,1438 2721,1437 2767,1437 2813,1437 2860,1437 2906,1437 2953,1437"/>
                <TextEquiv>
                    <Unicode>Frage, wo man mit dem Lob beginnen soll,</Unicode>
                </TextEquiv>
            </TextLine>
            <TextLine id="r2l24" custom="readingOrder {index:23;}">
                <Coords points="2011,1485 2836,1493 2941,1483 2962,1450 2011,1457"/>
                <Baseline points="2019,1479 2065,1480 2112,1481 2159,1482 2206,1483 2253,1483 2300,1483 2346,1483 2393,1483 2440,1483 2487,1483 2534,1482 2581,1482 2628,1482 2674,1482 2721,1482 2768,1482 2815,1482 2862,1482 2909,1482 2956,1483"/>
                <TextEquiv>
                    <Unicode>etwas Kopfzerbrechen verursacht. Herr Inn¬</Unicode>
                </TextEquiv>
            </TextLine>
            <TextLine id="r2l25" custom="readingOrder {index:24;}">
                <Coords points="2015,1538 2853,1541 2963,1526 2963,1474 2015,1483"/>
                <Baseline points="2023,1525 2069,1525 2116,1525 2162,1525 2209,1525 2256,1526 2302,1526 2349,1526 2396,1527 2442,1527 2489,1527 2536,1527 2582,1527 2629,1527 2676,1527 2722,1526 2769,1526 2816,1525 2862,1523 2909,1522 2956,1520"/>
                <TextEquiv>
                    <Unicode>felder als Regisseur muß wohl an erster Stelle</Unicode>
                </TextEquiv>
            </TextLine>
            <TextLine id="r2l26" custom="readingOrder {index:25;}">
                <Coords points="2012,1586 2964,1576 2972,1520 2011,1537"/>
                <Baseline points="2019,1569 2066,1568 2113,1568 2160,1569 2208,1569 2255,1569 2302,1569 2350,1569 2397,1569 2444,1570 2492,1570 2539,1570 2586,1570 2633,1569 2681,1569 2728,1569 2775,1568 2823,1567 2870,1566 2917,1565 2965,1563"/>
                <TextEquiv>
                    <Unicode>genannt werden. Er hat sich mit vollkommenem</Unicode>
                </TextEquiv>
            </TextLine>
            <TextLine id="r2l27" custom="readingOrder {index:26;}">
                <Coords points="2014,1614 2937,1623 2971,1576 2014,1583"/>
                <Baseline points="2021,1610 2068,1610 2115,1611 2162,1611 2209,1611 2256,1612 2303,1612 2350,1612 2397,1612 2444,1613 2492,1613 2539,1613 2586,1613 2633,1613 2680,1613 2727,1613 2774,1613 2821,1613 2868,1613 2915,1612 2963,1612"/>
                <TextEquiv>
                    <Unicode>Erfolg um die stimmungsvolle, abgerundete</Unicode>
                </TextEquiv>
            </TextLine>
            <TextLine id="r2l28" custom="readingOrder {index:27;}">
                <Coords points="2006,1656 2921,1671 2970,1656 2970,1625 2005,1614"/>
                <Baseline points="2013,1659 2060,1658 2108,1657 2155,1657 2203,1656 2250,1656 2298,1656 2345,1656 2393,1656 2440,1656 2488,1656 2535,1656 2583,1656 2630,1656 2678,1656 2725,1656 2773,1656 2820,1656 2868,1656 2915,1656 2963,1655"/>
                <TextEquiv>
                    <Unicode>Wiedergabe der beiden Schnitzlerschen Stücke</Unicode>
                </TextEquiv>
            </TextLine>
            <TextLine id="r2l29" custom="readingOrder {index:28;}">
                <Coords points="2009,1703 2875,1712 2969,1698 2969,1656 2008,1659"/>
                <Baseline points="2015,1699 2062,1700 2109,1701 2157,1702 2204,1703 2252,1703 2299,1703 2346,1703 2394,1703 2441,1703 2489,1702 2536,1702 2583,1701 2631,1700 2678,1700 2726,1699 2773,1698 2820,1698 2868,1697 2915,1696 2963,1696"/>
                <TextEquiv>
                    <Unicode>bemüht. Der Einakter Abschiedssouper“ war</Unicode>
                </TextEquiv>
            </TextLine>
            <TextLine id="r2l30" custom="readingOrder {index:29;}">
                <Coords points="2014,1756 2843,1760 2962,1742 2962,1692 2575,1719 2014,1703"/>
                <Baseline points="2021,1745 2067,1745 2114,1745 2161,1745 2207,1745 2254,1745 2301,1745 2347,1745 2394,1745 2441,1745 2488,1745 2534,1745 2581,1745 2628,1744 2674,1744 2721,1744 2768,1743 2814,1742 2861,1742 2908,1741 2955,1740"/>
                <TextEquiv>
                    <Unicode>für Bern neu. Er hat hier, wie anderswo, mit</Unicode>
                </TextEquiv>
            </TextLine>
            <TextLine id="r2l31" custom="readingOrder {index:30;}">
                <Coords points="2013,1790 2963,1788 2925,1746 2013,1756"/>
                <Baseline points="2021,1793 2067,1791 2114,1790 2161,1789 2208,1789 2254,1789 2301,1789 2348,1789 2395,1789 2441,1790 2488,1790 2535,1790 2582,1790 2628,1791 2675,1791 2722,1790 2769,1790 2815,1789 2862,1787 2909,1786 2956,1784"/>
                <TextEquiv>
                    <Unicode>seinem pointenreichen Dialog und seiner köst¬</Unicode>
                </TextEquiv>
            </TextLine>
            <TextLine id="r2l32" custom="readingOrder {index:31;}">
                <Coords points="2008,1840 2900,1848 2965,1841 2965,1788 2008,1792"/>
                <Baseline points="2015,1831 2062,1832 2109,1832 2156,1833 2203,1833 2250,1833 2297,1834 2345,1834 2392,1834 2439,1834 2486,1834 2533,1834 2580,1834 2627,1833 2675,1833 2722,1832 2769,1832 2816,1831 2863,1830 2910,1829 2958,1827"/>
                <TextEquiv>
                    <Unicode>lichen Ironie großen Erfolg gehabt. Seinen In¬</Unicode>
                </TextEquiv>
            </TextLine>
            <TextLine id="r2l33" custom="readingOrder {index:32;}">
                <Coords points="2002,1879 2957,1891 2957,1856 2865,1831 2001,1851"/>
                <Baseline points="2009,1879 2056,1879 2103,1879 2150,1879 2197,1878 2244,1878 2291,1878 2338,1878 2385,1878 2432,1877 2479,1877 2526,1877 2573,1877 2620,1877 2667,1876 2714,1876 2761,1876 2808,1876 2855,1875 2902,1875 2949,1875"/>
                <TextEquiv>
                    <Unicode>halt hier nachzuerzählen, hat keinen Sinn.</Unicode>
                </TextEquiv>
            </TextLine>
            <TextLine id="r2l34" custom="readingOrder {index:33;}">
                <Coords points="1999,1937 2790,1919 2971,1948 2987,1869 2324,1903 1998,1882"/>
                <Baseline points="2005,1924 2053,1923 2102,1922 2151,1922 2200,1921 2248,1921 2297,1921 2346,1921 2395,1920 2443,1920 2492,1920 2541,1920 2590,1920 2638,1920 2687,1920 2736,1920 2785,1920 2833,1919 2882,1919 2931,1918 2980,1917"/>
                <TextEquiv>
                    <Unicode>Die Mache ist ja doch die Hauptsache und die</Unicode>
                </TextEquiv>
            </TextLine>
            <TextLine id="r2l35" custom="readingOrder {index:34;}">
                <Coords points="2006,1977 2959,1959 2921,1925 2789,1920 2753,1944 2674,1920 2006,1940"/>
                <Baseline points="2012,1966 2059,1965 2106,1964 2153,1964 2200,1964 2247,1964 2294,1964 2341,1964 2388,1964 2435,1964 2482,1964 2529,1964 2576,1964 2623,1964 2670,1964 2717,1964 2764,1964 2811,1963 2858,1963 2905,1962 2952,1961"/>
                <TextEquiv>
                    <Unicode>kann man nur bei der Darstellung voll aus¬</Unicode>
                </TextEquiv>
            </TextLine>
            <TextLine id="r2l36" custom="readingOrder {index:35;}">
                <Coords points="2006,2013 2906,2019 2966,2011 2966,1959 2006,1978"/>
                <Baseline points="2013,2006 2060,2006 2107,2006 2154,2007 2202,2007 2249,2007 2296,2007 2344,2007 2391,2007 2438,2008 2486,2008 2533,2008 2580,2008 2627,2008 2675,2008 2722,2008 2769,2008 2817,2007 2864,2007 2911,2006 2959,2005"/>
                <TextEquiv>
                    <Unicode>kosten. Frl. Conrad hat sich mit Glück in die</Unicode>
                </TextEquiv>
            </TextLine>
            <TextLine id="r2l37" custom="readingOrder {index:36;}">
                <Coords points="1999,2049 2964,2074 2953,2005 2000,2016"/>
                <Baseline points="2007,2052 2054,2051 2102,2051 2149,2051 2197,2051 2244,2051 2292,2051 2339,2051 2387,2052 2434,2052 2482,2052 2529,2053 2577,2053 2624,2053 2672,2053 2719,2053 2767,2053 2814,2053 2862,2053 2909,2052 2957,2051"/>
                <TextEquiv>
                    <Unicode>ihr wohl etwas fern liegende Rolle der Annie</Unicode>
                </TextEquiv>
            </TextLine>
            <TextLine id="r2l38" custom="readingOrder {index:37;}">
                <Coords points="1992,2090 2851,2109 2977,2099 2977,2045 1992,2063"/>
                <Baseline points="1999,2099 2047,2098 2096,2097 2144,2097 2193,2096 2241,2096 2290,2096 2338,2095 2387,2095 2435,2095 2484,2095 2533,2095 2581,2095 2630,2095 2678,2094 2727,2094 2775,2094 2824,2094 2872,2093 2921,2093 2970,2092"/>
                <TextEquiv>
                    <Unicode>mit dem „Stich ins Gemeine“ gesunden und damit</Unicode>
                </TextEquiv>
            </TextLine>
            <TextLine id="r2l39" custom="readingOrder {index:38;}">
                <Coords points="1993,2142 2540,2155 2613,2129 2877,2159 2958,2141 2958,2098 1993,2110"/>
                <Baseline points="2001,2139 2048,2139 2096,2138 2143,2138 2191,2138 2238,2138 2286,2138 2333,2138 2381,2138 2428,2139 2476,2139 2523,2139 2571,2139 2618,2139 2666,2139 2713,2139 2761,2140 2808,2140 2856,2140 2903,2139 2951,2139"/>
                <TextEquiv>
                    <Unicode>aufs neue ihre Gewandtheit und künstlerische</Unicode>
                </TextEquiv>
            </TextLine>
            <TextLine id="r2l40" custom="readingOrder {index:39;}">
                <Coords points="1988,2205 2859,2200 2971,2186 2971,2155 1988,2156"/>
                <Baseline points="1995,2184 2043,2184 2092,2183 2140,2183 2189,2183 2237,2183 2286,2184 2334,2184 2383,2184 2431,2184 2480,2185 2528,2185 2577,2185 2625,2185 2674,2185 2722,2185 2771,2185 2819,2184 2868,2184 2916,2183 2965,2182"/>
                <TextEquiv>
                    <Unicode>Rugheit dokumentiert. Herr Innfelder als</Unicode>
                </TextEquiv>
            </TextLine>
            <TextLine id="r2l41" custom="readingOrder {index:40;}">
                <Coords points="1994,2235 2914,2241 2957,2228 2957,2194 1994,2201"/>
                <Baseline points="2001,2230 2048,2230 2095,2229 2143,2228 2190,2227 2238,2227 2285,2227 2333,2226 2380,2226 2428,2226 2475,2226 2522,2226 2570,2226 2617,2227 2665,2227 2712,2227 2760,2228 2807,2228 2855,2229 2902,2230 2950,2230"/>
                <TextEquiv>
                    <Unicode>Anatol und Herr Ambrogio als Max gaben</Unicode>
                </TextEquiv>
            </TextLine>
            <TextLine id="r2l42" custom="readingOrder {index:41;}">
                <Coords points="1997,2290 2928,2283 2968,2267 2968,2226 1997,2250"/>
                <Baseline points="2004,2275 2051,2274 2099,2273 2147,2272 2195,2271 2243,2271 2290,2271 2338,2271 2386,2271 2434,2272 2482,2272 2529,2272 2577,2273 2625,2273 2673,2273 2721,2273 2768,2273 2816,2273 2864,2272 2912,2272 2960,2271"/>
                <TextEquiv>
                    <Unicode>zwei, auch in der leis dialektisch gefärbten</Unicode>
                </TextEquiv>
            </TextLine>
            <TextLine id="r2l43" custom="readingOrder {index:42;}">
                <Coords points="2003,2322 2951,2331 2963,2272 2737,2300 2361,2270 2003,2288"/>
                <Baseline points="2011,2316 2058,2316 2105,2316 2152,2316 2199,2316 2247,2316 2294,2316 2341,2316 2388,2317 2435,2317 2483,2317 2530,2317 2577,2318 2624,2318 2671,2318 2719,2318 2766,2319 2813,2319 2860,2319 2907,2320 2955,2320"/>
                <TextEquiv>
                    <Unicode>Sprache echte Wiener Lebemänner. Bielleicht,</Unicode>
                </TextEquiv>
            </TextLine>
            <TextLine id="r2l44" custom="readingOrder {index:43;}">
                <Coords points="1998,2362 2964,2367 2931,2327 2852,2320 1998,2334"/>
                <Baseline points="2005,2362 2052,2361 2100,2360 2147,2359 2195,2358 2243,2358 2290,2357 2338,2357 2385,2357 2433,2357 2481,2357 2528,2358 2576,2358 2623,2359 2671,2360 2719,2360 2766,2361 2814,2362 2861,2364 2909,2365 2957,2366"/>
                <TextEquiv>
                    <Unicode>daß der Anatoletwas freier und weniger „däm¬</Unicode>
                </TextEquiv>
            </TextLine>
            <TextLine id="r2l45" custom="readingOrder {index:44;}">
                <Coords points="1998,2401 2557,2419 2613,2407 2613,2378 1997,2363"/>
                <Baseline points="2004,2401 2034,2403 2064,2405 2094,2405 2124,2406 2154,2407 2184,2407 2215,2406 2245,2406 2275,2405 2305,2404 2335,2404 2365,2403 2395,2402 2426,2401 2456,2401 2486,2401 2516,2401 2546,2401 2576,2402 2607,2404"/>
                <TextEquiv>
                    <Unicode>lich“ angelegt werden könnte.</Unicode>
                </TextEquiv>
            </TextLine>
            <TextLine id="r2l46" custom="readingOrder {index:45;}">
                <Coords points="2043,2449 2965,2467 2931,2401 2043,2418"/>
                <Baseline points="2051,2446 2096,2446 2141,2446 2187,2446 2232,2446 2277,2447 2323,2447 2368,2447 2413,2447 2459,2447 2504,2447 2549,2447 2595,2447 2640,2447 2685,2447 2731,2447 2776,2447 2821,2446 2867,2446 2912,2446 2958,2445"/>
                <TextEquiv>
                    <Unicode>Die „Liebelei“ ist in Bern schon bekannt. Das</Unicode>
                </TextEquiv>
            </TextLine>
            <TextLine id="r2l47" custom="readingOrder {index:46;}">
                <Coords points="2005,2498 2965,2491 2856,2453 2005,2464"/>
                <Baseline points="2011,2493 2058,2492 2105,2492 2153,2492 2200,2492 2248,2492 2295,2492 2342,2492 2390,2493 2437,2493 2485,2493 2532,2494 2579,2494 2627,2494 2674,2494 2722,2494 2769,2494 2816,2494 2864,2493 2911,2493 2959,2492"/>
                <TextEquiv>
                    <Unicode>Stück hat auch gestern dank der vorzüglichen</Unicode>
                </TextEquiv>
            </TextLine>
            <TextLine id="r2l48" custom="readingOrder {index:47;}">
                <Coords points="2006,2535 2867,2550 2963,2535 2964,2505 2006,2499"/>
                <Baseline points="2012,2538 2059,2537 2106,2537 2153,2537 2200,2536 2248,2536 2295,2537 2342,2537 2389,2537 2436,2537 2484,2538 2531,2538 2578,2539 2625,2539 2672,2539 2720,2539 2767,2539 2814,2538 2861,2537 2908,2536 2956,2535"/>
                <TextEquiv>
                    <Unicode>Wiedergabe seine packende, erschütternde Wir¬</Unicode>
                </TextEquiv>
            </TextLine>
            <TextLine id="r2l49" custom="readingOrder {index:48;}">
                <Coords points="1995,2570 2095,2597 2962,2592 2962,2538 1995,2539"/>
                <Baseline points="2003,2581 2050,2580 2098,2580 2145,2580 2193,2580 2241,2580 2288,2581 2336,2581 2383,2581 2431,2582 2479,2582 2526,2582 2574,2583 2621,2583 2669,2583 2717,2583 2764,2582 2812,2582 2859,2581 2907,2580 2955,2579"/>
                <TextEquiv>
                    <Unicode>kung gehabt. Hinsichtlich des Zusammenspiels</Unicode>
                </TextEquiv>
            </TextLine>
            <TextLine id="r2l50" custom="readingOrder {index:49;}">
                <Coords points="2004,2649 2075,2617 2968,2632 2968,2588 2005,2587"/>
                <Baseline points="2012,2621 2059,2621 2106,2622 2154,2622 2201,2623 2249,2623 2296,2623 2344,2624 2391,2624 2439,2625 2486,2625 2533,2626 2581,2626 2628,2627 2676,2627 2723,2627 2771,2627 2818,2627 2866,2627 2913,2627 2961,2627"/>
                <TextEquiv>
                    <Unicode>ist namentlich die lebendige Darstellung im</Unicode>
                </TextEquiv>
            </TextLine>
            <TextLine id="r2l51" custom="readingOrder {index:50;}">
                <Coords points="1997,2667 2967,2672 2967,2646 2868,2627 1997,2642"/>
                <Baseline points="2005,2671 2052,2670 2100,2670 2148,2670 2195,2670 2243,2670 2291,2671 2338,2671 2386,2672 2434,2672 2482,2673 2529,2673 2577,2673 2625,2673 2672,2673 2720,2673 2768,2672 2815,2671 2863,2670 2911,2668 2959,2667"/>
                <TextEquiv>
                    <Unicode>ersten Akt zu loben. Frl. Conrad schuf als</Unicode>
                </TextEquiv>
            </TextLine>
            <TextLine id="r2l52" custom="readingOrder {index:51;}">
                <Coords points="1998,2743 2057,2716 2963,2734 2963,2688 2135,2669 1998,2693"/>
                <Baseline points="2005,2712 2052,2712 2100,2712 2147,2712 2195,2712 2242,2712 2290,2712 2337,2712 2385,2712 2432,2713 2480,2713 2528,2714 2575,2714 2623,2715 2670,2716 2718,2717 2765,2717 2813,2719 2860,2720 2908,2721 2956,2723"/>
                <TextEquiv>
                    <Unicode>Christine eine einheitliche, lebenswahre Gestalt,</Unicode>
                </TextEquiv>
            </TextLine>
            <TextLine id="r2l53" custom="readingOrder {index:52;}">
                <Coords points="1977,2813 2839,2826 2963,2799 2857,2757 2606,2780 2531,2737 2440,2777 2047,2776 1977,2739"/>
                <Baseline points="1985,2803 2033,2804 2082,2806 2130,2806 2179,2807 2227,2807 2276,2807 2324,2807 2373,2807 2421,2807 2470,2806 2519,2806 2567,2805 2616,2805 2664,2804 2713,2804 2761,2804 2810,2803 2858,2803 2907,2804 2956,2804"/>
                <TextEquiv>
                    <Unicode>die, von Akt zu Akt wachsend in den Schluß¬</Unicode>
                </TextEquiv>
            </TextLine>
            <TextLine id="r2l54" custom="readingOrder {index:53;}">
                <Coords points="1994,2856 2963,2847 2920,2812 1994,2816"/>
                <Baseline points="2001,2849 2048,2850 2096,2851 2144,2852 2192,2853 2239,2853 2287,2854 2335,2854 2383,2855 2430,2855 2478,2855 2526,2855 2574,2855 2621,2855 2669,2854 2717,2853 2765,2853 2812,2852 2860,2851 2908,2849 2956,2848"/>
                <TextEquiv>
                    <Unicode>szenen wirklich tragische Größe erreichte, die</Unicode>
                </TextEquiv>
            </TextLine>
            <TextLine id="r2l55" custom="readingOrder {index:54;}">
                <Coords points="1980,2877 2075,2911 2963,2897 2963,2863 2860,2849 1980,2856"/>
                <Baseline points="1987,2890 2035,2891 2083,2892 2132,2894 2180,2895 2229,2896 2277,2897 2326,2897 2374,2898 2423,2898 2471,2899 2519,2899 2568,2898 2616,2898 2665,2898 2713,2897 2762,2896 2810,2895 2859,2894 2907,2892 2956,2890"/>
                <TextEquiv>
                    <Unicode>durch die Wucht und Innerlichkeit ihres Schmer¬</Unicode>
                </TextEquiv>
            </TextLine>
            <TextLine id="r2l56" custom="readingOrder {index:55;}">
                <Coords points="1986,2958 2068,2928 2181,2955 2902,2949 2960,2939 2960,2902 1986,2904"/>
                <Baseline points="1993,2937 2041,2938 2089,2938 2137,2938 2185,2939 2233,2939 2281,2940 2329,2940 2377,2941 2425,2941 2473,2941 2521,2941 2569,2941 2617,2941 2665,2941 2713,2940 2761,2940 2809,2939 2857,2938 2905,2936 2953,2935"/>
                <TextEquiv>
                    <Unicode>zes die Zuschauer vollständg in ihren Bann</Unicode>
                </TextEquiv>
            </TextLine>
            <TextLine id="r2l57" custom="readingOrder {index:56;}">
                <Coords points="1972,2988 2964,2994 2936,2941 1972,2945"/>
                <Baseline points="1979,2983 2027,2983 2076,2983 2125,2983 2174,2983 2223,2983 2272,2983 2321,2983 2370,2983 2419,2983 2468,2984 2516,2984 2565,2983 2614,2983 2663,2983 2712,2983 2761,2982 2810,2982 2859,2981 2908,2980 2957,2978"/>
                <TextEquiv>
                    <Unicode>zwang und mit fortriß. Das bezeugte der mit</Unicode>
                </TextEquiv>
            </TextLine>
            <TextLine id="r2l58" custom="readingOrder {index:57;}">
                <Coords points="1992,3021 2963,3034 2963,2993 2886,2983 1992,2993"/>
                <Baseline points="1999,3022 2046,3022 2094,3022 2142,3023 2190,3023 2238,3024 2286,3024 2333,3024 2381,3025 2429,3025 2477,3025 2525,3026 2573,3026 2621,3026 2668,3026 2716,3026 2764,3026 2812,3025 2860,3025 2908,3024 2956,3024"/>
                <TextEquiv>
                    <Unicode>Hand und Mund gezollte, narme Beifall der</Unicode>
                </TextEquiv>
            </TextLine>
            <TextLine id="r2l59" custom="readingOrder {index:58;}">
                <Coords points="1990,3068 2955,3071 2955,3035 2905,3027 1990,3036"/>
                <Baseline points="1997,3065 2044,3065 2092,3065 2139,3065 2187,3066 2234,3066 2282,3066 2329,3067 2377,3067 2424,3068 2472,3068 2520,3068 2567,3068 2615,3068 2662,3068 2710,3068 2757,3068 2805,3068 2852,3067 2900,3066 2948,3066"/>
                <TextEquiv>
                    <Unicode>Anwesenden. Auch Herr Oktmay stand in</Unicode>
                </TextEquiv>
            </TextLine>
            <TextLine id="r2l60" custom="readingOrder {index:59;}">
                <Coords points="1995,3120 2955,3120 2955,3083 2859,3070 2508,3067 2397,3098 2292,3065 1995,3068"/>
                <Baseline points="2002,3106 2049,3107 2096,3108 2143,3109 2191,3110 2238,3111 2285,3112 2333,3112 2380,3112 2427,3113 2475,3113 2522,3113 2569,3113 2616,3113 2664,3113 2711,3112 2758,3112 2806,3112 2853,3111 2900,3111 2948,3110"/>
                <TextEquiv>
                    <Unicode>der Rolle des Fritz, als Parfner der Christine,</Unicode>
                </TextEquiv>
            </TextLine>
            <TextLine id="r2l61" custom="readingOrder {index:60;}">
                <Coords points="1984,3156 2959,3166 2959,3137 2880,3116 2081,3124 1984,3098"/>
                <Baseline points="1991,3152 2039,3152 2087,3152 2135,3152 2183,3152 2231,3153 2279,3153 2327,3153 2375,3154 2423,3155 2471,3155 2519,3156 2567,3157 2615,3157 2663,3157 2711,3158 2759,3158 2807,3158 2855,3158 2903,3157 2952,3156"/>
                <TextEquiv>
                    <Unicode>auf der Höhe seiner Aufgabe Nur im zweiten</Unicode>
                </TextEquiv>
            </TextLine>
            <TextLine id="r2l62" custom="readingOrder {index:61;}">
                <Coords points="1980,3219 2080,3192 2954,3200 2954,3172 2848,3157 1981,3156"/>
                <Baseline points="1988,3192 2038,3193 2088,3194 2139,3195 2189,3196 2240,3197 2290,3197 2341,3197 2391,3197 2442,3198 2492,3198 2543,3198 2593,3198 2644,3198 2694,3198 2745,3199 2795,3199 2846,3200 2896,3201 2947,3202"/>
                <TextEquiv>
                    <Unicode>Akt dürfte er vielleicht etwas diskreter bleiben.</Unicode>
                </TextEquiv>
            </TextLine>
            <TextLine id="r2l63" custom="readingOrder {index:62;}">
                <Coords points="1988,3235 2847,3262 2959,3249 2960,3213 1988,3211"/>
                <Baseline points="1994,3238 2041,3239 2089,3240 2137,3241 2185,3241 2233,3242 2281,3243 2329,3243 2377,3243 2425,3244 2473,3244 2520,3244 2568,3244 2616,3244 2664,3244 2712,3244 2760,3244 2808,3244 2856,3244 2904,3243 2952,3243"/>
                <TextEquiv>
                    <Unicode>Eine prächtige Leistung bot Herr Innfelder</Unicode>
                </TextEquiv>
            </TextLine>
            <TextLine id="r2l64" custom="readingOrder {index:63;}">
                <Coords points="1998,3288 2913,3299 2963,3282 2963,3247 1998,3250"/>
                <Baseline points="2005,3285 2052,3284 2100,3284 2147,3284 2195,3284 2242,3284 2290,3284 2337,3284 2385,3284 2432,3285 2480,3285 2528,3285 2575,3286 2623,3286 2670,3287 2718,3287 2765,3287 2813,3288 2860,3288 2908,3288 2956,3288"/>
                <TextEquiv>
                    <Unicode>als Thevdor. Da steckte echte Lebensfreude und</Unicode>
                </TextEquiv>
            </TextLine>
            <TextLine id="r2l65" custom="readingOrder {index:64;}">
                <Coords points="1993,3342 2467,3325 2827,3356 2922,3344 2962,3305 2481,3283 1993,3306"/>
                <Baseline points="1999,3332 2046,3331 2094,3330 2142,3329 2190,3329 2237,3329 2285,3329 2333,3329 2381,3330 2428,3330 2476,3330 2524,3331 2572,3331 2619,3332 2667,3332 2715,3333 2763,3333 2810,3333 2858,3333 2906,3333 2954,3332"/>
                <TextEquiv>
                    <Unicode>„weanerisches Gmüat“ drin. Die Mizi Schla¬</Unicode>
                </TextEquiv>
            </TextLine>
            <TextLine id="r2l66" custom="readingOrder {index:65;}">
                <Coords points="1994,3380 2884,3389 2967,3373 2967,3347 1994,3352"/>
                <Baseline points="2001,3374 2051,3373 2101,3372 2152,3372 2202,3371 2253,3371 2303,3372 2354,3372 2404,3373 2455,3374 2505,3374 2556,3375 2606,3376 2657,3376 2707,3377 2758,3377 2808,3377 2859,3377 2909,3376 2960,3375"/>
                <TextEquiv>
                    <Unicode>ger des Frl. Dannenberg war recht mun¬</Unicode>
                </TextEquiv>
            </TextLine>
            <TextLine id="r2l67" custom="readingOrder {index:66;}">
                <Coords points="1996,3421 2836,3437 2953,3431 2954,3384 1996,3381"/>
                <Baseline points="2003,3414 2050,3414 2097,3415 2144,3415 2191,3416 2239,3417 2286,3417 2333,3418 2380,3418 2427,3419 2475,3420 2522,3420 2569,3420 2616,3421 2663,3421 2711,3420 2758,3420 2805,3420 2852,3419 2899,3419 2947,3417"/>
                <TextEquiv>
                    <Unicode>ter, aber wohl etwas weniger „angefault“, als</Unicode>
                </TextEquiv>
            </TextLine>
            <TextLine id="r2l68" custom="readingOrder {index:67;}">
                <Coords points="1980,3450 2322,3480 2953,3461 2953,3430 2865,3420 2810,3452 2747,3425 1980,3406"/>
                <Baseline points="1987,3455 2037,3456 2087,3458 2138,3459 2188,3460 2239,3461 2289,3462 2340,3463 2390,3464 2441,3464 2491,3464 2542,3465 2592,3465 2643,3465 2693,3465 2744,3464 2794,3464 2845,3463 2895,3463 2946,3462"/>
                <TextEquiv>
                    <Unicode>dieses Großstadtfrüchtchen sein ssollte. Sehr</Unicode>
                </TextEquiv>
            </TextLine>
            <TextLine id="r2l69" custom="readingOrder {index:68;}">
                <Coords points="1985,3494 2920,3521 2960,3466 1985,3463"/>
                <Baseline points="1992,3499 2040,3500 2088,3501 2136,3502 2184,3503 2232,3504 2280,3505 2328,3506 2376,3507 2424,3507 2472,3508 2520,3508 2568,3508 2616,3509 2664,3509 2712,3509 2760,3508 2808,3508 2856,3507 2904,3506 2952,3505"/>
                <TextEquiv>
                    <Unicode>tüchtig erwies sich Herr Heinemann als</Unicode>
                </TextEquiv>
            </TextLine>
            <TextLine id="r2l70" custom="readingOrder {index:69;}">
                <Coords points="1985,3538 2154,3564 2954,3552 2902,3511 1985,3508"/>
                <Baseline points="1991,3546 2038,3546 2086,3546 2134,3546 2182,3547 2229,3547 2277,3547 2325,3548 2373,3548 2420,3549 2468,3549 2516,3550 2564,3550 2611,3551 2659,3551 2707,3551 2755,3552 2802,3552 2850,3552 2898,3552 2946,3552"/>
                <TextEquiv>
                    <Unicode>Christinens Vater. Die kleine, aber bedeutungs¬</Unicode>
                </TextEquiv>
            </TextLine>
            <TextLine id="r2l71" custom="readingOrder {index:70;}">
                <Coords points="1987,3588 2971,3597 2803,3557 1988,3544"/>
                <Baseline points="1994,3586 2042,3588 2090,3589 2139,3590 2187,3591 2236,3592 2284,3592 2333,3592 2381,3593 2430,3593 2478,3593 2526,3593 2575,3593 2623,3593 2672,3594 2720,3594 2769,3594 2817,3594 2866,3595 2914,3595 2963,3596"/>
                <TextEquiv>
                    <Unicode>volle Rolle des unbekannten Herrn wurde von</Unicode>
                </TextEquiv>
            </TextLine>
            <TextLine id="r2l72" custom="readingOrder {index:71;}">
                <Coords points="1988,3649 2946,3656 2963,3600 1988,3604"/>
                <Baseline points="1995,3634 2043,3634 2091,3634 2139,3634 2187,3635 2235,3635 2283,3635 2331,3636 2379,3636 2427,3636 2475,3637 2523,3637 2571,3638 2619,3638 2667,3638 2715,3639 2763,3639 2811,3640 2859,3640 2907,3640 2956,3640"/>
                <TextEquiv>
                    <Unicode>Herrn Wenkhaus zu guter Wirkung gebracht</Unicode>
                </TextEquiv>
            </TextLine>
            <TextLine id="r2l73" custom="readingOrder {index:72;}">
                <Coords points="1983,3664 2180,3694 2967,3680 2882,3644 2202,3656 1983,3624"/>
                <Baseline points="1990,3677 2038,3677 2087,3678 2135,3678 2184,3678 2232,3679 2281,3679 2329,3680 2378,3680 2426,3681 2475,3681 2523,3682 2572,3683 2620,3683 2669,3683 2717,3684 2766,3684 2814,3684 2863,3685 2911,3685 2960,3685"/>
                <TextEquiv>
                    <Unicode>und auch die Darstellung der Frau Binder</Unicode>
                </TextEquiv>
            </TextLine>
            <TextLine id="r2l74" custom="readingOrder {index:73;}">
                <Coords points="1990,3721 2893,3736 2967,3718 2968,3680 1990,3683"/>
                <Baseline points="1997,3719 2045,3719 2093,3720 2141,3720 2189,3721 2238,3721 2286,3722 2334,3722 2382,3722 2430,3723 2479,3723 2527,3723 2575,3724 2623,3724 2671,3724 2720,3724 2768,3724 2816,3725 2864,3725 2912,3725 2961,3725"/>
                <TextEquiv>
                    <Unicode>durch Frau Charles verdient lobende Er¬</Unicode>
                </TextEquiv>
            </TextLine>
            <TextLine id="r2l75" custom="readingOrder {index:74;}">
                <Coords points="1988,3763 2168,3789 2956,3780 2955,3723 1989,3727"/>
                <Baseline points="1995,3762 2042,3763 2090,3764 2138,3764 2185,3765 2233,3765 2281,3766 2328,3767 2376,3767 2424,3767 2472,3768 2519,3768 2567,3769 2615,3769 2662,3769 2710,3769 2758,3769 2805,3770 2853,3770 2901,3770 2949,3769"/>
                <TextEquiv>
                    <Unicode>wähnung. Was sich am Donnerstag einzig nicht</Unicode>
                </TextEquiv>
            </TextLine>
            <TextLine id="r2l76" custom="readingOrder {index:75;}">
                <Coords points="1985,3807 2964,3806 2964,3778 2859,3771 1985,3775"/>
                <Baseline points="1992,3803 2040,3805 2088,3807 2136,3808 2184,3809 2233,3811 2281,3812 2329,3812 2377,3813 2425,3813 2474,3813 2522,3814 2570,3814 2618,3813 2666,3813 2715,3813 2763,3813 2811,3812 2859,3812 2907,3812 2956,3811"/>
                <TextEquiv>
                    <Unicode>bewährt hat, das ist die Theaterfreundlichkeit</Unicode>
                </TextEquiv>
            </TextLine>
            <TextLine id="r2l77" custom="readingOrder {index:76;}">
                <Coords points="1994,3849 2955,3865 2955,3830 2900,3819 1994,3815"/>
                <Baseline points="2001,3846 2048,3848 2095,3849 2143,3850 2190,3852 2237,3852 2285,3853 2332,3854 2379,3854 2427,3854 2474,3854 2521,3854 2569,3854 2616,3854 2663,3854 2711,3854 2758,3854 2805,3854 2853,3855 2900,3855 2948,3855"/>
                <TextEquiv>
                    <Unicode>des Berner Publikums. Es ist wirklich betrübend,</Unicode>
                </TextEquiv>
            </TextLine>
            <TextLine id="r2l78" custom="readingOrder {index:77;}">
                <Coords points="1990,3900 2989,3902 2955,3862 1990,3852"/>
                <Baseline points="1997,3894 2046,3894 2095,3894 2144,3895 2194,3896 2243,3896 2292,3897 2341,3897 2391,3898 2440,3899 2489,3899 2538,3900 2588,3900 2637,3900 2686,3900 2735,3900 2785,3899 2834,3899 2883,3898 2932,3897 2982,3895"/>
                <TextEquiv>
                    <Unicode>daß sich so treffliche Vorstellungen, wie sie dies¬</Unicode>
                </TextEquiv>
            </TextLine>
            <TextLine id="r2l79" custom="readingOrder {index:78;}">
                <Coords points="1986,3936 2900,3963 2973,3926 2937,3902 1986,3900"/>
                <Baseline points="1993,3938 2041,3939 2090,3940 2138,3941 2187,3941 2236,3942 2284,3942 2333,3943 2382,3943 2430,3943 2479,3943 2528,3943 2576,3943 2625,3943 2674,3943 2722,3943 2771,3942 2820,3942 2868,3942 2917,3941 2966,3941"/>
                <TextEquiv>
                    <Unicode>mal wiederum geboten wurden, vor einem fast</Unicode>
                </TextEquiv>
            </TextLine>
            <TextLine id="r2l80" custom="readingOrder {index:79;}">
                <Coords points="1984,4006 2099,3986 2730,4006 2789,3996 2789,3948 1984,3957"/>
                <Baseline points="1990,3979 2029,3982 2069,3984 2108,3985 2148,3986 2188,3987 2227,3988 2267,3988 2306,3988 2346,3987 2386,3987 2425,3986 2465,3986 2504,3985 2544,3985 2584,3984 2623,3984 2663,3984 2702,3984 2742,3984 2782,3985"/>
                <TextEquiv>
                    <Unicode>leeren Zuschauerraum abspielen müssen.</Unicode>
                </TextEquiv>
            </TextLine>
            <TextEquiv>
                <Unicode>Telephon 12801.
9
„OBSERVER
I. österr. behördl. konz. Unternehmen für Zeitungs-Ausschnitte
Wien, I., Concordiaplatz 4.
Vertretungen
in Berlin, Budapest, Chicago, Christiania, Genf, Kopenhagen,
London, Madrid, Mailand, Minneapolis, New-Vork, Paris, Rom,
San Francisco, Stockholm, St. Petersburg.
(Quellenangabe ohne Gewähr.)
Ausschnitt am Det Qlltn2
vom: 7
e

Stadttheater.
Abschiedssonper", Lustspiel in 1 Akt und
„Liebelei“, Schauspiel in 3 Akten von Arthur
Schnitzler.
r. Wenn man über einen Theaterabend, wie
den vom Donnerstag zu schreiben hat, dann
wird einem die Berichterstattung wirklich zu
einer angenehmen Pflicht. Höchstens daß die
Frage, wo man mit dem Lob beginnen soll,
etwas Kopfzerbrechen verursacht. Herr Inn¬
felder als Regisseur muß wohl an erster Stelle
genannt werden. Er hat sich mit vollkommenem
Erfolg um die stimmungsvolle, abgerundete
Wiedergabe der beiden Schnitzlerschen Stücke
bemüht. Der Einakter Abschiedssouper“ war
für Bern neu. Er hat hier, wie anderswo, mit
seinem pointenreichen Dialog und seiner köst¬
lichen Ironie großen Erfolg gehabt. Seinen In¬
halt hier nachzuerzählen, hat keinen Sinn.
Die Mache ist ja doch die Hauptsache und die
kann man nur bei der Darstellung voll aus¬
kosten. Frl. Conrad hat sich mit Glück in die
ihr wohl etwas fern liegende Rolle der Annie
mit dem „Stich ins Gemeine“ gesunden und damit
aufs neue ihre Gewandtheit und künstlerische
Rugheit dokumentiert. Herr Innfelder als
Anatol und Herr Ambrogio als Max gaben
zwei, auch in der leis dialektisch gefärbten
Sprache echte Wiener Lebemänner. Bielleicht,
daß der Anatoletwas freier und weniger „däm¬
lich“ angelegt werden könnte.
Die „Liebelei“ ist in Bern schon bekannt. Das
Stück hat auch gestern dank der vorzüglichen
Wiedergabe seine packende, erschütternde Wir¬
kung gehabt. Hinsichtlich des Zusammenspiels
ist namentlich die lebendige Darstellung im
ersten Akt zu loben. Frl. Conrad schuf als
Christine eine einheitliche, lebenswahre Gestalt,
die, von Akt zu Akt wachsend in den Schluß¬
szenen wirklich tragische Größe erreichte, die
durch die Wucht und Innerlichkeit ihres Schmer¬
zes die Zuschauer vollständg in ihren Bann
zwang und mit fortriß. Das bezeugte der mit
Hand und Mund gezollte, narme Beifall der
Anwesenden. Auch Herr Oktmay stand in
der Rolle des Fritz, als Parfner der Christine,
auf der Höhe seiner Aufgabe Nur im zweiten
Akt dürfte er vielleicht etwas diskreter bleiben.
Eine prächtige Leistung bot Herr Innfelder
als Thevdor. Da steckte echte Lebensfreude und
„weanerisches Gmüat“ drin. Die Mizi Schla¬
ger des Frl. Dannenberg war recht mun¬
ter, aber wohl etwas weniger „angefault“, als
dieses Großstadtfrüchtchen sein ssollte. Sehr
tüchtig erwies sich Herr Heinemann als
Christinens Vater. Die kleine, aber bedeutungs¬
volle Rolle des unbekannten Herrn wurde von
Herrn Wenkhaus zu guter Wirkung gebracht
und auch die Darstellung der Frau Binder
durch Frau Charles verdient lobende Er¬
wähnung. Was sich am Donnerstag einzig nicht
bewährt hat, das ist die Theaterfreundlichkeit
des Berner Publikums. Es ist wirklich betrübend,
daß sich so treffliche Vorstellungen, wie sie dies¬
mal wiederum geboten wurden, vor einem fast
leeren Zuschauerraum abspielen müssen.</Unicode>
            </TextEquiv>
        </TextRegion>
        <TextRegion orientation="0.0" id="r3" custom="readingOrder {index:2;}">
            <Coords points="2969,1355 2969,1525 3055,1525 3055,1355"/>
            <TextLine id="r3l1" custom="readingOrder {index:0;}">
                <Coords points="2962,1476 2969,1474 2982,1480 2985,1475 2997,1481 3005,1474 3016,1479 3033,1462 3042,1465 3050,1461 3056,1453 3062,1452 3052,1410 3040,1411 3037,1415 3023,1409 3009,1414 3002,1426 2990,1419 2980,1436 2972,1433 2963,1443 2955,1445"/>
                <Baseline points="2969,1475 2997,1467 3026,1459 3055,1455"/>
                <TextEquiv>
                    <Unicode>13</Unicode>
                </TextEquiv>
            </TextLine>
            <TextEquiv>
                <Unicode>13</Unicode>
            </TextEquiv>
        </TextRegion>
    </Page>
</PcGts>
