3344 4256
441 169 642 233 Lrebe
264 168 919 260 5. Lmander
949 149 1395 243 box 11/2
1552 861 1851 936 NEW VORK
937 894 1342 965 LIAE'en
944 955 1769 1012 The First Established und Most Complete
934 1004 1772 1067 Newspoper Cutting Bureau in the Worid
855 1084 1851 1156 From RRRES# 4f
870 1187 1821 1248 Addreßs
1303 1237 1485 1329 1Lh
860 1276 1192 1355 Datem
1201 1291 2559 1442 The Day After the Holiday.
1181 1523 2568 1583 Schnitzer's“ The Reckoning' at the Berkele, Lyceum.
866 1596 1172 1669 Established:
1241 1627 1896 1689 OTHING is easier then the method!
2064 1664 2183 1728 Seen
1232 1678 1897 1724 of eriticlsm that consists mainly in
1140 1715 1893 1755 I vealling ihe victim selected the Glad¬
1213 1746 1899 1785 Stone of his Assembly distriet or the
1143 1755 1905 1811 Macaulay of his side of the block. Therei
1141 1810 1892 1847 are to-day a half dozen Shakespegres—the
1146 1845 1899 1892 Shakespeare of Norway, the Shakespearel
1136 1871 1896 1924 of Sweden, &c. A new form of erltleismi
1144 1903 1902 1955 Is t0 identify the dramatist as the lbsen off
1148 1939 1905 1978 his conntry, and Arthur Schnitzler has at¬
1137 1972 1892 2030 tracted enough attention apparently to jus¬
1143 2001 1892 2061 tify his being called the lbsen of Ger¬
1141 2019 1272 2079 many.
1170 2049 1904 2117 Last night atthé Berkeley Lyceum The¬
1150 2100 1902 2152 atre Schnitzlere Leibelei“ was per¬
1150 2136 1884 2175 Tormed in English under the title of“The
1143 2165 1890 2222 Reckoning.“The influence of the realists
1141 2200 1889 2255 Is apparent in everg line, but if one were
1140 2236 1886 2283 obliged to cut short eritieism it would re¬
1141 2274 1876 2312 sult in calling Mr. Schnitzier a Viennese
1152 2299 1886 2349 Sudermann instead of a German lbsen. One
1138 2333 1893 2383 can credit the author with endeavoring to#
1141 2360 1888 2410 show all shat his friends claim for him—the
1136 2393 1883 2434 exposure of the evils of little loves, the
1140 2432 1893 2484 loves that are without thought and that
1892 2449 2003 2511 Len
1136 2457 1889 2516 begin withont taking into caleulation what
1972 2489 2478 2539 MIgs. KATHEIINE GIET
1147 2495 1887 2538 theending may be; but on this single in¬
1148 2531 1873 2569 dietment ons can do nochine but convict
1889 2529 2573 2573 informs her apologizes for being late
1138 2553 1874 2609 him of being an essentlally Teutonie per¬
1881 2559 2625 2609 his visit, In that he had to inform the
1879 2596 2384 2648 Prelatives and friends“ first.
1150 2596 1875 2640 son groping vainly at uhe methods of the
2369 2601 2622 2667 repeats the
1138 2629 1887 2675 realists. According to the German erltles,
1908 2625 2375 2674 Relatives and friends,“
1886 2653 2616 2701 glrl. Then she was not considered as be¬
1133 2656 1879 2706 it is a good pieture of Viennese life, but
1887 2694 2620 2739 longing in either class. She was only a
1134 2685 1869 2739 iche eutside world must regard it as a de¬
1140 2724 1891 2777 eldedly indifferent work of art and one not
1888 2715 2635 2775 plapthing, and on her bitter iament the
1148 2757 1892 2814 caleulated sto bolster up the cause of the
1887 2751 2264 2805 curtaln comes down.
1138 2788 1545 2832 realist in the theatre.
1892 2768 2621 2829 Scnitzler mag be all that is claimed for
1164 2806 1874 2872 A couple of goung bloods invite their
1890 2814 2626 2865 him, but last night’s performance would
1137 2841 1871 2899 sweethearts to visit a bachelor apartment,
1877 2852 2613 2900 show him a pretty poor dramatist. There
1140 2885 1873 2930 and tho four are having supper when a
1891 2875 2611 2931 was no characterization, and the Ppetry
1137 2915 1868 2956 husband who has been wronged appears
1877 2904 2624 2965 that is supposed to explain him nardly
1130 2943 1865 2996 and arranges à duel with one of the pair,
1879 2947 2627 3004 filtered through the translation, whllch was
1139 2978 1873 3019 Fritz. The act is taken up with this in¬
1880 2984 2356 3028 ably done hy Miss Colbon.
1136 3004 1878 3056 eident, and is supposed to show Just what
1901 3020 2626 3063 Miss :atherine Grey was the only mem¬
1142 3038 1865 3078 the life of the young devlhof a bachelor is
1882 3035 2622 3100 ber ofetre company that was at all im¬
1140 3074 1863 3107 like. The sccond act shows Fritz on his
1886 3081 2630 3132 pressive. She tried to lift the heroine out
1138 3106 1865 3147 lway to the duel. He really likes the poor
1880 3115 2618 3162 of the slcagh of sentimentalism Into some
1135 3130 1869 3180 girl whose love he has won, and he is sad¬
1129 3136 2620 3208 dened at the thought of being killed forlstrength, and really did more than could
1133 3173 2624 3222 ianother women when he might marrg ihigs be expected. An actor named John Dean
1122 3213 2625 3269 girl without getting into trouble. Niceltook the part of the young indiserlminate
1866 3244 2625 3298 lover. He wwas killed somewhere between
1134 3259 1811 3311 German materlalistie philosophvsthat.
1881 3286 2640 3336 the second and third acts. No one was
1160 3296 1869 3335 In the third act the girl learns that
1128 3319 2087 3379 Fritz has been killed, and tle friend wholvery'sorry.
1528 3373 1569 3435 *
1642 3382 1760 3442 W
2464 3383 2630 3452 —
