3344 4224
168 41 541 101 excellent dialo¬
165 77 546 142 it, tour à lour
154 118 544 194 ours emsweint
167 156 546 231 ee el profönde,
157 218 544 277 jours attendues
180 251 544 320 Evenements du
177 297 536 353 J’ai bien sou¬
159 338 546 399 nd ecur i ses
163 374 549 443 lui avouer que
166 435 539 488 e de Priere pour
157 468 544 534 nde impression
357 507 541 572 S. Homl-
159 506 325 572 ilies ai
359 560 537 619 #dircz¬
158 560 367 622 quoi! in
170 601 551 663 supporter à la
167 636 534 703 tés de la trahi¬
178 679 543 745 agonies, enfin
153 732 551 792 lités dont notre
156 767 534 833 lissue? Mais si,
155 819 536 872 ätre en est fait,
169 852 536 916 es, et nous n’en
191 885 530 966 un anteur de
159 940 535 1002 Ieversés. Mais,
162 981 529 1045 Ement dépouillé
177 1018 539 1086 artistique qui
159 1067 529 1128 e tout admettre,
155 1114 536 1171 s, les scènes de
156 1152 531 1215 sne nous sen.-
160 1196 536 1263 bourtant que de
165 1238 537 1300 conter en quel¬
159 1280 532 1346 privée de Pierre
177 1324 536 1390 Massouhre est
174 1369 541 1429 ; sans étre mé¬
156 1410 534 1471 teur; il se con¬
153 1447 545 1513 térielles et des
159 1496 534 1554 onnent son ar¬
186 1536 540 1607 petites dames.
195 1575 545 1645 vie intérieure
166 1624 534 1693 intéresser vrai¬
166 1666 539 1730 re. Mais, enfin,
162 1708 534 1780 rait nous repon¬
157 1747 541 1808 it de choisir un
179 1800 535 1861 que s’il avait.
158 1835 542 1904 ivgnts, écril un
162 1882 534 1941 piece, nous au¬
159 1924 543 1980 ettement l’idée
164 1975 543 2027 -t-iI voulu nous
179 2015 538 2072 (Massoubre est
171 2059 543 2115 certaines sce¬
168 2096 535 2166 passe un souif¬
160 2139 535 2204 ie. A-t-il voulu
169 2182 542 2244 en nous présen¬
158 2223 536 2286 vie moyenne et,
167 2266 545 2332 en revue, de la
162 2312 539 2367 sommé et cer¬
142 2355 551 2416 ence quele vul¬
145 2401 535 2458 Nlon T’apparence,
160 2445 534 2501 Gré ses deuils et
146 2486 541 2540 #avoir réfléebi à
157 2517 550 2593 limpression si
155 2571 550 2623 ssée, est l’euvre
159 2613 539 2672 tne saurait étre
160 2657 550 2721 ßé que Panteur
164 2697 540 2760 public une sorte
155 2740 549 2817 ur secrête qui se
157 2885 528 3009 DBABLE
230 3042 542 3121 — Temps usses
153 3091 551 3167 es Sclaircies apres
148 3145 548 3211 aible. Vent variable
168 3193 541 3265 skationnaie. Maxi¬
146 3281 549 3365 ord: Comme dans
162 3350 545 3406 loitié Sud: Temps
159 3393 551 3459 cluircies, brumeur le
158 3438 550 3494 brages. Vent du sec¬
179 3482 535 3548 "Tem #érature sta¬
159 3568 544 3646 edi#ce tres unggeur
177 3634 553 3709 Vent variable Huis
166 3722 542 3805 d’Azur, Corse,
191 3792 542 3855 beau temps nua¬
192 3839 551 3895 averses an drages
186 3876 551 3954 à modéré (secteur
2295 57 3156 108 pupa musicien et indulgent. II se fait
605 55 869 133 DES
914 48 2234 123 TIILATRES DE FAAIS
2306 93 3156 151 deja applandir dans Tacte qui précede
2291 129 3159 189 Liebelei. Les Derniers musques, #n il
2288 181 3161 228 represente uvec ie plus grund talent
2294 216 3158 267 un mourant quf, avunt de monpir à
604 223 2230 303 THEATRE DE LATHENEE: Priere pour les viants, piece en trois
2302 256 3166 322 Thöpital, vent revoir un ancien ami et
613 286 2222 352 actes et dix tableaux de M. Jacques Deval, décors de J. Boussard.
2302 304 3152 354 Jni gächer le reste de sa vielen lui ré¬
2310 342 3167 409 vélant un affreux secrel. En atlendauf
605 338 2234 411 THEATRE DU VIEUX-COLO MBIER (Compagnie Pitoëff): Liebelei
2306 386 3167 441 Parrivée de cct amt haf, il ne peut sem¬
612 403 2232 459 et Les Derniers masques, pieces de M. Arthur Schnitzler, traduction
2307 433 3166 492 pécher de confier son attente et ses
2298 466 3169 532 projets à un compagnon de maladie,
934 449 1887 543 de Mme Clauser, mise en scènel de Pitoéfl.
2304 500 3166 578 un acteur phtisique qui se plaft à con¬
2300 554 3173 608 krefaire tous les gens, à mimer tous les
2297 595 3167 653 masques, et qui finit par le persuader
2299 626 3169 705 de jouer avec lui une sorte de répétition
553 636 1415 708 degage d’une seinblable existence ou
1415 642 2286 728 Raine, Tressv, Vanderic v jouent ex¬
2294 683 3178 741 de l'entrevue fulure, L’autre, troublé
552 706 1419 760 tout est sans äme. C’est en vain que, à
1423 707 2285 771 cellemment leurs röles divers, ainsi
2299 724 3172 789 par sa fièvre, se dresse sur son lit, ct
543 745 1421 814 la naissance de Pierre Massouhre, unc
1415 754 2288 815 que Mmes M. Mellot, Doria, Fontan,
2296 765 3180 837 c’est à cet étranger burlesque qu’il se
540 794 1418 849 pieuse grand’mère a prononcé la e prié¬
1425 795 2284 845 Helly, Villars — tous menés par lau¬
2297 816 3173 863 confie, en lui faisant tenir le röle de¬
546 834 1413 901 re pour les vivantss“; ce vivani n’aura
1417 836 2292 894 teur dans un mouvement d’une vie
2291 851 3183 923 celui qui vn venir et que la révélation
546 878 1408 936 pas d’äme. La mère, morte trop 10l,
1418 870 2280 947 intense ct disant les mots les plus amu¬
2297 898 3175 955 infame doit désespérer. Mais non; à
541 922 1417 980 manquera à ceite enfance aride, à
1422 926 2287 984 sants. Ce n’est que peu à peu, alors
2290 943 3173 996 ce véritable arrivant, qui vient entin
548 963 1410 1019 cette jeunesse délaissée. Son père Ctait,
1420 967 2281 1025 que nous ne ponvons plus imaginer ce
2293 975 3176 1055 et s’assied au pied de son lit, il ne dira
1428 1007 2281 1070 que sera la vie de Pierre Massouhre,
543 1008 1424 1067 avant lui, est resté, un égoiste ct un
2297 1042 3159 1096 rien. A quoi bon.., Et c’est tres saisis
539 1048 1409 1112 jouisseur, et c’est cc que sern le fils
1428 1042 2290 1112 puisqu'il la déroule devant nous, que
545 1079 1413 1159 de Pierre lorsque Pierre sern mort a
1417 1091 2293 1167 nous pous sentons narrés par la misère
2638 1104 3088 1193 Gérard d’Houville.
542 1137 1420 1202 son tour et que Robert Massouhre, ai¬
1420 1141 2301 1210 generale et cet excès de basse réalité.
539 1175 1417 1231 mable garcon, fera des frais à la der¬
2603 1173 3076 1256 —.—
549 1216 1416 1277 nière conquéte de Pierre Massouhre.
551 1264 1415 1316 assis, elle êt lui, sur le lit ou ce Pierre
2461 1244 3003 1333 POUR ECHAPPER
1459 1284 2301 1369 J'ai beaucoup gonté Liebelei, celte
544 1309 1423 1371 Massoubre est mort. On voit le ton de
2456 1320 3001 1402 A DES BRUTES
1430 1341 2286 1393 ## bleuette 9 noire. Le film avnit sé¬
552 1346 1416 1415 la piece. Ce jour-là, ce Robert, à son
1428 1388 2296 1443 duit, avant la piéce, et ses admirateurs
543 1385 1426 1450 tour aussi, vient d’avoir un fils. La
2294 1380 3161 1470 UNE GAMINE DE TREIZE ANS
1422 1426 2295 1487 front certainement an Vienx-Colombier
546 1434 1413 1493 scur ainée, encore bien petite, priera
2334 1456 3121 1542 SE JETTE DANS LA SEINE
1426 1481 2301 1531 applaudir Mme Ludmila Pitocff Jans
550 1489 1423 1544 seule pour ce nouveau-né, ainsi qu'une
1423 1511 2299 1562 Ie röle de Christine. L’anditoire se par¬
539 1525 1422 1570 aleule avait prié à la naissance de cc
1420 1565 2296 1620 tageait l’autre jour entre ceux qui pré¬
537 1560 1421 1622 Pierre Massoubre disparu, laissant la
2432 1578 3166 1659 1 une lamentable hisloire dent les
1410 1605 2296 1666 férgient la piece et ecux qui préférnient
538 1607 1411 1674 place aus jennes. Est-ce que ce non¬
2293 1629 3171 1705 Goncourt eussent tiré un recit deulourenx.
1423 1633 2290 1698 le Mlm. Le film, qui est charmant, a
550 1640 1414 1701 veau rejeton, continnant la morne
1417 1682 2298 1743 tiré un parti lout spécial de la mème
547 1687 1419 1745 chaine, sera depouryu, lui aussi, de
2330 1687 3175 1764 Rue Championnet, près de la porte Cli¬
1420 1730 2287 1786 histoire dramatique. Le Vienne d’avant
539 1726 1425 1782 tout ce qui vous fait vraiment vivanl?
2295 1732 3176 1798 gnancourt, unc sorte dé garni ou est venue
1429 1775 2288 1839 guerre, les paysages, les soirées à
2293 1775 3177 1832 se loger une Polonaise, veüvellet quita
536 1772 1414 1829 Souhaitons-Jui de ressembler à la
1419 1807 2286 1881 POpéra, les bennx uniformes des ien¬
2294 1808 3181 1867 perdu en outre eing deises enfants. Deux ##
547 1816 1406 1877 jeune femme de Pierre Massöuhre, a
2288 1866 3183 1905 sont marics à Paris, loin d’elle. P lubffaut“
1422 1858 2289 1920 nes gens, autant de prestiges dont la
542 1861 1412 1923 Françoise, morte si vite, uste arant
2293 1891 3185 1943 encore élever une fillette de treize aus,
1417 1897 2290 1954 piéce ne peut qu’etre dépourvue. Par
542 1905 1409 1952 T’age. C’est cette touchante Françoise.
2299 1937 3183 1986 Sonia, qui deja est une excellente ména¬
1429 1952 2288 1998 contre, le film nous montrait la belle
538 1950 1413 2006 trahie par son mari, par son amie, qui
2292 1965 3178 2037 gère et s’occupe de son petit frère ägé de
1426 1987 2288 2039 amie e fatale s qui décide du destin de
545 1989 1415 2039 nous fait entrevoir Tintention profonde
2289 2012 2531 2073 sept ans.
1419 2029 2289 2090 Fritz et diminuait ainsi l’intensité du
547 2034 1409 2086 de l’auteur. Certes, elle ne meurt 'pas
2333 2036 3175 2111 Aujourd’hui, Mme Rozenswaig ei son
1418 2075 2285 2134 drame unique et du  personnage de
548 2077 1415 2135 derces trahisons mesquines, mais hien
2301 2091 3182 2158 dernier né pleurent Sonia. La üillette s’est
1429 2116 2291 2171 Christine. Car Christine est le seul per¬
547 2125 1419 2175 d’avoir aimé un étre sans äme, d’avoir
2292 2141 3170 2199 jetée à la Seine pour échapper asla vie
1430 2157 2289 2223 sonnage de la piéce, et T’epanouisse¬
542 2154 1423 2208 vécu dans cette atmosphése qui, pour
2294 2179 3175 2232 — à la vie brutale qui déjà avait jeté sur
1419 2193 2289 2255 ment de son caractère passionné,
541 2202 1419 2252 certains esprits, est irrespirable, at¬
2299 2213 2633 2280 elle sa griffe.
1421 2233 2288 2291 ombragenx, intense ét jaloux, trop
556 2244 1420 2308 mosphère de caleuls, de réussites uni¬
2334 2264 3168 2329 Le drame est simpl. Le 6 septembre
1423 2287 2293 2346 jeune, en fait tout l’intérét. Pendant
550 2297 1417 2345 quement matérielles, de petites mufle¬
2293 2296 3179 2368 dernier, après déjeuner, la fillette envoya
1420 2331 2290 2390 tous les épisodes de plaisir et de nalveté
543 2331 1418 2384 ries quotidiennes, d’incompréhension
2303 2349 3173 2404 son jenne frère chercher une paire de
1412 2381 2290 2431 de ces deux actes, elle ne cesse de soup¬
555 2381 1417 2445 et de platitude, ou les mensonges re¬
2300 2382 3170 2440 chaussures rue Letort. Au numéro 11, une
1422 2415 2289 2472 cönner un mystère, de se mélier des se¬
556 2416 1417 2478 présentent la seule imagination, et on
2301 2428 3168 2476 boutique de g vins et charbons 2 abrite
1423 2456 2287 2517 crets de Fritz, de ses allees et venuss,
554 2460 1410 2510 on ne se console des déceptions amé¬
2296 2463 3169 2509 l’échope d’un cordonnier. Derrière son
1428 2503 2290 2562 de ses détours, de ses silences, et l’eflet
553 2504 1414 2568 res ni par l’intelligence, ni par la beau¬
2296 2495 3164 2556 gnichet, l’homme est lä, figure de Quasi¬
2298 2544 3165 2599 mnodo, les chevenx gris et rares, le menton
1413 2548 2294 2601 est beaucoup plus grand de ne pas voir
546 2545 1229 2612 té morale, ni par la religion
2292 2587 3170 2624 mal rasé, un tablier sale, serrank entre #es
1427 2589 2292 2640 celle-la qui se croit, elle aussi, aimée, ct
592 2569 1414 2644 Mmne Yolande Laffon incarne avec
2299 2616 3172 2688 genoux la bigorne sur laquelle il frappe
1416 2636 2286 2682 qui, par'ses imprudences et la jalousie
551 2630 1427 2684 le tact le plus exquis cette charmante
2299 2665 2708 2723 comme un sourd.
1423 2672 2290 2737 de son mari, causera la mort de Fritz.
549 2678 1419 2741 Françoise, qui a loujours été denuée
2334 2687 3176 2772 Lorsqu'il n’est pas là, il est à côté, de¬
1424 2722 2305 2778 Cette absente, cette invisible plane si¬
544 2719 1411 2772 et miserable. Jeune, la pauvreté l’étrei¬
2286 2749 3173 2812 vant le zinc, sirotant son mazagran. Pour
1417 2759 2292 2820 nistrement sur toute l’aventure de jeu¬
552 2763 1414 2819 gnait. Devenue riche, elle est dénouil¬
1418 2801 2288 2862 nesse et de gaieté, et est beaucoup plus
549 2814 1419 2870 Tée de tout amour, de toute confjance,
1418 2841 2296 2910 présente à nos esprits que lorsque
548 2854 1423 2904 de tout espoir. Elle a exprimé avec
1420 2882 2295 2940 nous P’avons vue à l’écran. Quand la
546 2894 1413 2947 une rare délicatesse ces jalousies re¬
1428 2931 2295 3000 petite Christine apprendra que Fritz
540 2933 1413 3002 frendes, ces déceptions quotidiennes, ec
2380 2877 3086 3016 LA JOURNEE
1426 2968 2301 3038 est mort, tué en duel, et comment et
544 2974 1414 3038 désenchantement sans ressentiment.
2613 2991 2844 3056 ——
1420 3012 2301 3073 pourquol, ce Ju'il v a de ires beau en
548 3020 1421 3072 M. Jacques Baumer esl parfaiten Mas¬
1424 3042 2305 3112 ce chractère de jeune fille c’est au'elle
545 3061 1429 3114 soubre devenu homme. MM. Pacaudet
2399 3042 3178 3128 A lArc de Triomphe, la Flamme du
1424 3104 2296 3159 souffre moins de savoir Fritz mort que
552 3103 1424 3161 Rollin sont aussi tres bien en Mas¬
2290 3090 3166 3176 Souvenir sera ranimée par !Association ami¬
1414 3142 2295 3203 Mapprendre qu'il est mort à cause
551 3135 1424 3200 souhre enfant et jenne homme. Le
2298 3154 3171 3221 cale des anciens élives des écoles prémilitaires
1422 3181 2283 3240 d’une autre. C’est de jalousie, de dé¬
544 3184 1428 3248 premier tableau of Pierre Masscubre
2298 3195 2490 3257 A. E. T.
1424 3227 2291 3282 ception passionnée qu’elle vasans
549 3233 1419 3283 hait, ne nous présente pas le nonveau
2418 3232 3176 3318 o heures. — Grand Palais: Ouverture
1420 3272 2287 3323 doute mourir à son tour, parce qu’elle
556 3278 1426 3325 venn sur cette triste terre. Je n'ai pas
2291 3298 3169 3362 du Salon de I’AAutomobile (ouvert tous les scirs
1427 3316 2283 3374 est trop jeune pour admettre et pour
556 3317 1418 3384 à nommer T’acleur vagissant. Mais ce
2297 3338 2700 3401 jusqu'à 23 heures).
1422 3362 2284 3421 comprendre. Elle pourrait vivre sans
549 3354 1431 3429 tableau est un des mienx reussis de
2382 3371 3022 3458 Cours la Reine: Salon hautique.
1409 3400 2298 3456 Eritz.,, peut-étre., mais non sans eroire
543 3405 1416 3452 la piece, avec le père ei Tonele se
1422 3445 2297 3498 à Tamour. Sa sincerite, son amour ab¬
2396 3438 3169 3510 1e heures: Dejeuner mensuel de IAsso¬
549 3444 1414 3505 brouillant à propos des füveurs de la
1423 3482 2279 3552 solu se révollent contre la duplicité
2292 3486 2962 3550 ciation des écrivains combattants.
551 3483 1418 3547 bonne et de la nourrice, le grand-pere
1414 3522 2290 3592 des sentimenls. Fritz n’est plus senle¬
545 3520 1426 3586 gatenx, la petite fille curieuse, la tante,
2372 3522 3078 3600 — 1g heures: Courses à Saint-Cloud.
1418 3557 2302 3630 ment Fritz, l’amant perlide, mais, en
547 3586 1414 3626 la sage-femme, la grand'mère le no¬
2362 3575 3165 3659 — 14 h. zo. — Théätre des Bouffes-Pari¬
1412 3614 2293 3678 Tame enfantine de Christine, il incarne
556 3609 1413 3677 taire, venu parler d’un procès qui ne
2304 3628 3177 3700 siers: Répétitien genérale de: 0 mon bei
1431 3658 2292 3714 sübitement l’amour, le réve, la vie.
546 3662 1413 3723 sera pas encore fini à la fin de la mece
2300 3678 2481 3749 inconnin.
1421 3704 2280 3755 Mmne Pitoeff est émouvante ct enfan
553 3682 1424 3764 et que nous soupçonnons — non le
2392 3712 3173 3790 14 h. 45. — Théätre du Petit-Monde
1420 3747 2287 3798 tine, rendant si justement l’étonne
552 3753 1416 3810 proces, mais le notaire — d’étre le père
2305 3775 3175 3844 (Salle de la Madeleine): Répétition générale
1418 3783 2283 3842 ment de la pureté, de l’amour tropen
552 3789 1420 3847 secret du nouveau-né, enfin toute cette
2298 3824 2901 3878 de: Les Arsuteres de Mickey.
1422 3831 2300 3892 lier, incomprehensif et neuf, en face
542 3834 1423 3900 ambiance, si bien évoquée, de bonne
2380 3861 3175 3946 *20 h. 30. — Empire: Répétition générale
548 3871 2290 3936 petit muflerie familiale. Cette famille des mensonges du désir; et Mlle Ca¬
546 3922 2794 3985 nest pas sympathique. MM. Palau, Ipri. Pamie plus avisée et désinvolle, est j de: Deur sons de Nleurs.
