3484 4256
375 229 680 300 Liebel
213 203 1354 324 5.1 box 10/7
1517 1141 2229 1248 Lessing=Theater. 1#
1373 1214 2247 1300 Es ist schade, daß die Direktion des Lessing¬
1310 1265 2243 1338 Theaters nicht schonend Frl. Adele Sandrock ge¬
1312 1304 2243 1381 sagt hat, was ihr gestern Abend das Publikum in
1311 1333 2242 1408 eisiger Küble sagen mußte. Dum tacent, clamant!
1307 1359 2254 1448 Nach den beiden ersten Akten der „Liebelei“ rührte
1309 1409 2246 1487 sich keine Hand im Parkett; nur eine geradezu
1310 1436 2256 1523 lächerlich aufdringliche Klaque sandte geräuschvolle
1319 1497 2248 1564 Zeichen ihres fraßigen Wohlgefallens vom hohen
1315 1541 2257 1602 Olymp herab. Adele Sandrock ist bosentlich eine
1317 1560 2264 1643 zu hellhörige Künstlerin, um den Werth solchen
1324 1597 2250 1671 Erfolges zu verkennen, auch wenn sie keine Freunde
1316 1645 2254 1719 haben sollte, die in den Pausen im Foyer ihre Ohren
1326 1696 1589 1757 offen hielten.
1394 1688 2266 1773 Nicht nur, daß die große Tragödin der Burg
1319 1741 2268 1828 durchaus nicht das Bild der Christine wiedergab, sie
1336 1780 2273 1860 störte sogar direkt dieses prächtige Ensemble. Frl.
1327 1822 2266 1890 Clemens als Schlager=Mizi war von geradezu ent¬
1321 1857 2272 1929 zückender Frische, und der trockene Bummelwitz des:
1330 1890 2284 1972 Herrn Jarno feierte Triumphe. Aber was soll in
1332 1928 2270 2015 diesem famos abgetönten Milien diese Christine?
1338 1959 2276 2046 Diese reife Frau mit dem hohen, königlichen Wuchs, den
1330 2000 2273 2089 breiten Hüften, dem steinernen, unjugendlichen Ge¬
1326 2053 2274 2126 sicht, auf dem die Krone der kindlichen Defregger¬
1333 2071 2272 2162 Zöpfe wie eine Parodie aussieht? Man gewinnt
1335 2108 2283 2179 den peinlichen Eindruck, daß diese so sanft thuende
1337 2147 2286 2237 Christine mit einem einzigen Recken ihrer Walküren¬
1347 2187 2271 2273 glieder ein Dutzend solcher Wiener Anatols wider
1346 2238 2273 2300 die Wand wirft. Jede Zierlichkeit und Jutimität,
1345 2264 2283 2338 kurz alles worin gerade die Stärke dieses
1344 2306 2282 2373 liebenswürdigen Schnitzlerschen Stückes voll
1354 2338 2276 2416 Humor und Wehmuth besteht, geht verloren,
1345 2375 2293 2439 wenn statt dem lieben, süßen Wiener Mädel
1352 2421 2282 2488 eine überreife Brunbilde in den Rahmen dieses
1347 2451 2279 2532 Bildchens tritt, statt der unfertigen kleinen
1353 2490 2283 2575 Schwärmerin eine fertige Frau, die mühsam den
1351 2528 2290 2594 gebieterischen Ton ihrer vollen Altstimme zur
1356 2567 2288 2637 bittenden Zärtlichkeit herabstimmt, und die doch weder
1365 2602 2300 2669 im Aussehen, noch im Auftreten den keuschen!
1359 2632 2301 2725 Reiz einer süßen Jugend heucheln kann, über den
1361 2671 2299 2745 ihre Kunst gerade nie verfügt hat. Daß sie in allen
1370 2720 2300 2786 Fehlern immer eine große Schauspielerin bleibt,
1372 2746 2303 2820 sicher und klug, das ist gewiß; aber sie
1374 2784 2299 2857 würde ebenso gut und mit derselben Sicherheit und —
1363 2830 2307 2889 demselben Erfolg etwa das Käthchen von Heilbronn
1361 2856 2319 2927 spielen können, oder den Georg im Götz; denn ihre
1370 2902 2297 2958 eigentliche Individualität, durch die und in der sie
1364 2936 2296 3005 groß ist, kann sie hier wie dort gleich wenig heraus¬
1366 2977 2295 3037 lassen. So bleibt also für die Zuschauer die üble
1369 3014 2300 3088 Wirkung eines Mummenschanzes übrig, den eine
1373 3040 2304 3122 sehr geniale Schauspielerin aus unbegreiflicher Lanne
1371 3093 2305 3157 sich mit dem Publikum und sich selbst gestatten zu
1373 3140 1706 3201 dürfen glauht.
1455 3139 2310 3242 Der „Liebelei“, der ihr realistischer Schmerzens¬
1377 3193 2306 3264 ausbruch im dritten Akt zuletzt noch etwas
1374 3227 2312 3306 wie einen matten Erfolg gerettet hatte,
1380 3271 2307 3338 ließ die Künstlerin das „Abschieds - Souper“
1375 3321 2313 3383 folgen. Der Widerspruch, der nach Schluß dieses
1379 3352 2312 3416 einaktigen, nicht üblen Wiener Witzes ohne
1386 3382 2317 3460 Handlung mit dem Beifall kämpfte, galt wohl zur
1371 3421 2320 3498 Hälfte dem Stückchen, das nicht zu den stolzesten
