3484 4192
213 156 723 231 5. Liebelei
879 157 1297 244 box 13/7
309 205 730 264 aunnenen entense eneaeretenseterete
399 444 1284 532 CASINOS IN OSTERREICH
506 528 1190 586 Baden SalzburgSemmering
409 560 1268 625 Roulette — Baccara — Chemin de fer
412 627 1264 680 Österreichische Casino A. G.
398 685 1264 736 Wien III, Schwarzenbergplatz 5a
400 788 896 869 „OBSERVER“
632 863 1261 917 I. österr. behördlich konzessioniertes
630 903 1265 953 Unternehmen für Zeitungs-Ausschnitte
644 946 1259 990 WienI, Wollzeile 11, Telephon R-23-0-43
385 1090 1175 1189 Ausschnitt absze Freit Fresse. Eier
708 1250 1192 1371 -9 APR. 1935
394 1307 550 1378 vom:
279 1432 1390 1541 Uraufführung des „Liebelei“ Singspiels
385 1499 1271 1587 von Oscar Straus in London.
323 1563 1410 1649 Kürzlich ist ein Vertrag zustande gekommen, wonach die Ur¬
249 1595 1395 1696 aufführung der Vertonung von Arthur Schnitzlers „Liebelei“,
241 1646 1396 1733 die Oscar Straus vorgenommen hat, in englischer Fassung in
244 1693 1403 1777 London in Szene gehen wird. Das Werk wurde von dem großen
253 1746 1391 1804 englischen Theaterdirektor Cochran erworben und wird zu
247 1775 1405 1857 Beginn der Londoner Frühjahrsseason im Laufe des Monats Mai
235 1828 1398 1890 am His=Majestys=Theater in London zur Aufführung gelangen.
241 1864 1403 1938 Vorher findet, wie bei allen großen hauptstädtischen Premieren
244 1906 1395 1976 eine Prebeaufführung in der Provinz, und zwar diesmal in
243 1943 1401 2026 Manchester statt. Die Uebersetzung des Librettos ins Englische
229 1982 1404 2054 sowie der von Beda verfaßten Gesangstexte hat der Dramatiker
230 2027 1398 2106 Knoblauch vorgenommen. Den Fritz wird der ehemalige
238 2063 1390 2148 Reinhardt=Schauspieler Franz Lederer darstellen, die Christine
227 2113 1398 2178 voraussichtlich der englische Star Evelyne Laye. Oscar Straus
235 2151 1390 2232 hat mit den Erben nach Arthur Schnitzler einen Vertrag ab¬
230 2197 1396 2273 geschlossen, wonach ihm das Recht auf die musikalische Bearbeitung
241 2239 1387 2306 der „Liebelei“ zusteht. In der musikalischen Fassung der
233 2296 1392 2359 „Liebelei“ erfährt die Schlußwendung eine Aenderung. Fritz fällt
231 2323 1383 2397 nicht im Duell, sondern wird nur verwundet, so daß die Mög¬
221 2368 1378 2438 lichkeit einer freundlichen Lösung offen gelassen wird. Der Schau¬
224 2401 1380 2478 platz ist auch in der englischen Bearbeitung Wien, so daß das Werk
223 2443 1371 2520 eines Wiener Dichters und eines Wiener Komponisten auch
220 2502 1385 2564 als Oesterreichpropaganda gewertet werden kann. Gegenwärtig
227 2527 1363 2603 wird auch eine französische Bearbeitung des Singspiels vor¬
221 2578 1373 2641 genommen. Ueber die Aufführung in Wien bestehen noch keine
229 2609 499 2680 Dispositionen.
1251 2961 1360 3039 00
445 2974 1242 3080 00 Ostrauer Morgenzeitung
722 3053 1125 3149 Mähr. Ostrau
437 3098 554 3170 —
432 3155 540 3223 ∆
713 3158 778 3248 1
818 3179 1170 3276 APR. 1935
416 3215 537 3295 60
365 3367 1274 3459 Theater und Kunst.
432 3462 1302 3507 — Uraufführung des Liebelei"=Singspiels von
349 3504 1306 3548 Oscar Straus in London. Kürzlich ist ein Vertrag zu¬
338 3535 1296 3601 stande gekommen, wonach die Uraufführung der Ver¬
341 3575 1307 3632 tonung von Arthur Schnitzlers „Liebelei“, die Oscar
355 3614 1300 3668 Straus vorgenömmen hät, in englischer Fassung in
342 3651 1300 3705 London in Szene gehen wird. Das Werk würde von
347 3693 1295 3740 dem großen englischen Theaterdirektor Cochran er¬
349 3731 1298 3775 worben und wird zu Beginn der Londoner Frühjahrs¬
346 3771 1293 3823 season im Laufe des Monats Mai am His=Majestys¬
345 3807 1298 3865 Theater in London zur Aufführung gelangen. Vor¬
347 3848 1307 3901 her findet, wie bei allen großen hauptstädtischen Pre¬
355 3886 1311 3931 mieren eine Probeaufführung in der Provinz, und¬
348 3931 961 3999 zwar diesmal in Manchester statt.
1966 1049 2130 1133 — —
1853 1097 2727 1160 Roulette — Baccara — Chemin de fer
1851 1159 2732 1229 Ooterreichische Gasino A. G.
1860 1214 2731 1268 Wien III, Schwarzenbergplatz 5a
1850 1340 2341 1430 „OBSERVER“
2100 1392 2726 1460 I. österr. behördlich konzessioniertes
2102 1444 2726 1501 Unternehmen für Zeitungs-Ausschnitte
2091 1489 2741 1537 Wien I, Wollzeile 11, Telephon R-23-0-43
1859 1656 2244 1728 Ausschnitt aus:
2060 1719 2600 1830 Salsburger Volksblaht.
1867 1852 2074 1943 vom:
2121 1908 2577 2006 11.APR 1935
1691 1997 2834 2078 5 Schnitzlers „Liebelei“ als Singspiel. Kürzlich ist ein Vertrag
1614 2045 2831 2118 zustande gekommen, wöftach die Uraufführung der Vertonung von
1605 2072 2831 2147 Arthur Schnitlers „Liebelei“, die Oscar Straus vorgenommen
1601 2109 2868 2202 hat, in englischer Fassung in London in Szene gehen wird. Da##
1622 2194 2855 2266 Werk wurde von dem englischen Theaterdirektor Cochran erwor¬
1630 2228 2860 2313 ben und wird zu Beginn der Londoner Frühjahrssain im Laufe
1627 2277 2884 2339 des Monats Mai am His=Majestys=Theater in London zur Auffüh¬
1630 2309 2860 2401 rung gelangen. Die übersetzung des Librettos ins Englische sowie
1635 2352 2858 2445 der von Beda verfaßten Gesangstexte hat der Dramatiker Knod¬
1626 2402 2865 2491 slauch vorgenommen. Den Fritz wird der ehemalige Reinhardt¬
1636 2443 2859 2525 Schauspieler Franz Lederer darstellen, die Christine voraussicht¬
1642 2477 2865 2557 lich der englische Star Evelyne Laye. Oscar Straus hat mit den
1654 2526 2878 2599 Erben nach Arthur Schnitzler einen Vertrag abgeschlossen, wonach
1640 2569 2861 2637 ihm das Recht auf die musikalische Bearbeitung der „Liebelei“ zu¬
1652 2608 2866 2699 steht. In der musikalischen Fassung der „Liebelei“ erfährt die Schluß¬
1644 2653 2854 2745 wendung eine Anderung. Fritz fällt nicht im Duell, sondern wird nur
1656 2698 2862 2772 verwundet, so daß die Möglichkeit einer freundlichen Lösung offen¬
1651 2736 2872 2825 gelassen wird. Der Schauplatz ist auch in der englischen Bearbeitung
1656 2776 2895 2865 Wien. Gegenwärtig wird auch eine französische Bearbeitung des
1641 2847 2134 2919 Singspiels vorgenommen.
