3392 4320
391 153 785 236 Liebelei
890 168 1359 271 box 11/5
222 148 800 260 5. Lanabans
357 1022 1950 1107 219. „Volksstimme“, Frankfurt a. M., 19. September 1910.
347 1075 509 1167 a. .
549 1093 3023 1184 Pe 1r Fli ersten Male Füm Wihen vralise und un Ohien Deh i wahren sei. ur m duespe,Hoöfshein a. R., Nubr. Mie. Herre.9.
553 1152 3023 1227 schwedischen Botanikers Andr###it erwerbsbeschränkt hält, kommt die Genossen¬
547 1186 3019 1264 Madrider botanischen Gärten gelangte die Dahlie in die königlichen! schaft und hebt  Rente einfach auf. Wie schon erwähnt, kam
1786 1307 3007 1380 voll poetische scheinung des Fräulein Sellin, die darstel¬
824 1311 1547 1422 Kleines Feuilleton.
1795 1347 3010 1430 lerisch und gesanglich eine schlechthin meisterhafte Leistung bot.
1790 1398 3011 1461 Für den dramatischen Eindruck verschlug es nichts, daß Fräu¬
883 1415 1458 1497 Frankfurter Theater.
1784 1445 3002 1499 lein Sellin, deren Stimme sich für intime Wirkungen besser
1787 1492 3005 1536 eignet, am Schlusse des letztenAktes, stimmlich nicht ins heroische
737 1494 1570 1570 Uraufführung der „Liebelei",
1786 1530 3007 1581 Maß wuchs. Es hat einen eigenen Reiz, solche tragische Stel¬
572 1551 1726 1654 Oper in drei Akten von Franz Neumann,
1785 1575 2997 1631 len ohne den durchgreifenden dramatischen Brüllton, der hier
716 1609 1599 1685 Dichtung von Arthur Schnitzler.
1786 1619 3004 1666 in der Oper eingerissen ist, sondern mit erschütterndem psycho¬
1785 1660 2997 1709 logisch wahrem Ausdruck zu hören. Auf zwei derartig voll¬
624 1652 1777 1730 W. Die Uraufführung der „Liebelei“, die die Frankfurter
1786 1705 2992 1772 endete Leistungen, wie die des Herrn Gentner und des Frl.
534 1708 1767 1790 Oper vor Dresden und allen anderen Operninstituten, die alle
1777 1747 2998 1804 Sellin kann unsere Oper stolz sein, zumal beide stimmlich, ge¬
534 1761 1770 1822 gespannt auf die Aufnahme dieses Werkes sehen, vornahm, ge¬
1782 1790 2997 1856 sanglich und darstellerisch auf der Bühne glücklich zusammen¬
537 1812 1768 1857 staltete sich zu einem unerwartet großen Erfolg. Der
1770 1830 3007 1907 passen. Frl. Doninger wußte mit bemerkenswert feinem
543 1853 1777 1920 künstlerische Eindruck des Werkes und seiner Aufführung war
1768 1877 3008 1945 Takt die Partie der leichtsinnigen Mizzi, die so oft störend in
533 1893 1777 1961 überwältigend. Wer das Werk gründlicher kennt, weiß recht
1780 1923 2995 1975 das trauliche Zusammensein der anderen hineinplatzt, durch¬
543 1941 1767 2004 wohl, daß fast alle Partien für die hiesige Besetzung geschrieben
1777 1969 3001 2024 zuführen. Hoffentlich hat diese Leistung den besten Erfolg für
533 1980 1760 2048 sind. Das mußte der Frankfurter Aufführung zugute kom¬
1775 2013 3000 2078 die Frankfurter Oper, daß die Künstlerin in Soubrettenpar¬
533 2020 1764 2090 men. Die großen Schwierigkeiten, die die Oper in musikali¬
1780 2054 2992 2127 tien der Oper beschäftigt wird. Einem Sänger, der den
535 2072 1762 2142 scher Hinsich, wie auch in schauspielerischer Beziehung bietet,
1774 2096 2995 2172 Alberich und Jago als „seine“ Partien singt, wird in solch
528 2109 1771 2183 wurden glänzend überwunden. Intendank Jensen, der die
1774 2143 2995 2192 harmlos spielerischen Rollen nicht ohne große Mühe den rich¬
528 2152 1712 2219 Regie dieser Oper führte, hatte für eine gute Ausstattung —
1781 2189 2968 2249 tigen leichten Ton finden, daß Herr Breitenfeld mit so
525 2201 1715 2259 nur könnte das Zimmer Fritzens vornehmer aussehen — ge
1768 2233 3002 2299 viel Glück sein eigenstes Naturell überwand, macht ihm als
531 2250 1771 2313 sorgt, auch in der Spielleitung blieb kein Wunsch unerfüllt,
1776 2275 2994 2348 intelligenten Künstler alle Ehre. Vielleicht gelingt es bei spä¬
537 2290 1764 2361 nur hätte die Frau Bi###er nicht so boshaft im Ton zu sein
1773 2318 2988 2391 teren Aufführungen Herrn Breitenfeld noch besser, in der
532 2323 1760 2403 brauchen. Auch wäre es für die Wiederholungen der Auffüh¬
1766 2356 2991 2419 Partie des Theodor einen leichteren Ton festzuhalten. Das be¬
527 2381 1764 2449 rung angebracht, den Theodor zu feinerer Diskretion zu ver¬
1766 2406 3000 2472 zieht sich besonders auf die Stellen, da er das „ideale Liebes¬
527 2416 749 2489 anlassen.
1771 2457 2999 2519 paar“ unterbricht. Herr Schneider bot mit der Wieder¬
619 2462 1758 2539 Ferner wäre es zu bedenken, ob Fräulein Sellin das
1768 2496 3001 2554 gabe des alten Weiring ein Kabinettstückchen feinster Art. Die
528 2505 1765 2588 Volkslied im ersten Akte doch besser mit großem künstlerischen
1760 2544 3009 2611 gglücklich gewählte Maske, die milde weiche Stimme, vor allem
531 2556 1755 2631 Ausdruck sänge, als die Illusion eines einfach volkstümlichen
1771 2588 2995 2658 der (für den Gesamteindruck sehr wichtige und erschütternd ge¬
535 2603 1763 2673 Singens — im Sinne der dramatischen Aufgabe dieses Augen¬
1777 2628 2986 2694 spielte) Schluß vereinigten sich zu einer außerordentlich glück¬
522 2652 1753 2720 blickes — um jeden Preis festzuhalten. Dr. Rottenberg
1770 2675 2994 2738 lichen Leistung. Herr Braun sehr gut in Figur und Maske,
518 2702 1767 2751 leitete die Einstudierung der Oper seines Kollegen. Damit
1760 2724 2993 2787 und Frau Wellig vervollständigten mit Herrn Bauer¬
517 2741 1769 2812 war von vornherein eine erstklassige musikalische Wiedergabe
1758 2764 2991 2823 mann das Ensemble dieser Aufführung, die zu den besten
524 2776 1751 2854 garantiert. Daß jeder Mann im Orchester sein Bestes bot,
1757 2807 2990 2864 Leistungen gehört, die unter der Aera Jensen in der Frank¬
520 2821 1754 2883 war bei einem solchen Festabend der Frankfurter Oper selbst¬
1764 2849 2988 2899 furter Oper zu sehen war. Arthur Schnitzler, Neumann und
530 2873 1755 2937 verständlich. Um auf die Wiedergabe der einzelnen Rollen zu
1756 2890 2992 2975 die nachschaffenden Künstler wurden fast zweidutzendmal nach
526 2910 1762 2974 kommen, ist es schwer, zu entscheiden, ob Fräulein Sellin
1762 2939 2577 3011 den Aktschlüssen vor die Rampe gerufen.
523 2956 1754 3029 oder Herrn Gentner der größere Dank für ihre Leistungen
526 2996 1756 3061 gebührt. Beide hatten Aufgaben zu bewältigen, die ihrem
531 3041 1767 3111 Naturell besonders gut lagen. Man wird wenig Opernsänger
2018 3024 2726 3110 Das Chicagoer Gocthe=Denkmal.
523 3084 1769 3150 finden, die diese Partien schauspielerisch so vollendet wieder¬
1834 3094 2988 3155 In dem Wettbewerb für das Chicagoer Goethe=Denkmal
519 3129 1752 3203 geben und dabei so schön singen. Die intelligente Auffassung
1757 3127 2987 3207 hat das Preisgericht der Berliner Akademie der Künste seine
517 3166 1754 3243 der Rolle des Fritz und die außerordentlich eindrucksvolle und
1751 3187 2991 3237 Entscheidung gefällt. Das Komitee, dem Professor August
520 3221 1775 3291 stilsichere Wiedergabe durch Herrn Gentner kam dem tiefen
1759 3227 2983 3287 Gaul=Hanau, der Münchener Akademie=Direktor von Miller
517 3276 3008 3365 Eindruck dieser Uraufführung ebenso zu statten, wie die reiz= und Oberbaurat Ohmann=Wien angehören, entschied sich für!
1039 3333 1223 3446 #.7
821 3448 911 3542 7
849 3344 1794 3558 Velh-dI#e
2999 1344 3099 1427 n
3009 1485 3113 1567 seh
3003 1554 3120 1609 mit
2996 1582 3169 1672 kon
3011 1643 3125 1699 app
2997 1671 3126 1742 trot
3001 1722 3130 1793 Loni
3008 1775 3124 1832 mit
3005 1803 3161 1888 suchen,
3007 1861 3144 1922 starb
3005 1906 3154 1966 etwas
3011 1945 3150 2009 chene
3003 1995 3134 2054 schwei
3010 2042 3145 2098 Zeich
2994 2085 3157 2156 Tube
2998 2134 3128 2196 allge
2997 2267 3114 2320 räu
2995 2306 3119 2361 reit
2994 2351 3101 2412 50
2993 2523 3102 2597 hal
3000 2587 3104 2642 fra
2993 2647 3125 2734 anf
2984 2720 3102 2789 me
2996 2806 3108 2862 der
2982 2876 3096 2944 her
2980 3154 3088 3221 sei.
2971 3194 3096 3273 we
