3436 4256
401 214 778 289 iebelei
205 198 1334 330 5. „ box 10/4
2745 408 3168 496 ——
1532 510 2952 597 der Redner130 Jahre, zum Theil bis zu 37 Jahren in der Offiein thätig, das trag¬
1770 571 2928 619 bare Ehrenzeichen „Für Treue in der Arbeit“ verliehen erhalten. —
1544 584 1754 641 elcher unter
1769 610 2941 656 Dieser Tage hat auch der Locomotivführer Bernhard Lippert sein
1540 628 1758 688 ngenommen
1773 648 2952 703 25jähriges Dienstjubiläum gefeiert. — Dresden. Ueber die am
1534 671 1762 726 eis hervor
1773 681 2936 734 19. Juli von der Hauptversammlung des Königl Sächsischen Mili¬
1546 708 1758 767 des durch
1773 717 2948 779 tärvereinsbund gefaßten Beschlüsse haben wir bereus gestern berichtet.
1537 757 1763 811 vike=Löbau
1765 766 2947 825 Wir tragen noch nach, daß der Versammlung auch Se. Excellenz
1540 801 1757 854 wesentliches
1766 798 2926 856 der Hr. Kriegsminister Edler v. d. Planitz beiwohnte, daß der Bun¬
1775 849 2946 891 despräsident Tanner die Versammlung mit einem Hoch auf die hohen
1543 845 1760 902 d sich gegen
1541 877 2933 941 e beantragt, Beschützer des Bundes Se. Majestät den König und Se königl
1533 917 2947 977 suchen, den Hoheit den Prinzen Georg, sowie auf das königl. Haus und auf
1776 974 2945 1014 Se. Majestät den Kaiser eröffnete und daß während der Versamm¬
1543 977 1751 1025 Obermeister
1773 999 2949 1053 lung Huldigungstelegramme an Se. Majestät den König, wie an
1532 1019 1759 1078 igs=Arbeits¬
1775 1034 2873 1084 Se. königl. Hoheit den Prinzen Georg abgesandt wurden.
1530 1062 1766 1118 it werden.
1770 1054 2944 1126 Die Beleuchtung des Ausstellungsgebäudes mit Hunderten von
1527 1107 1770 1163 it, daß den
1773 1111 2941 1164 Magnesiumlampen hat so viele Zuschauer angezogen, daß sie wieder¬
1523 1152 2950 1187 esen werde, holt werden soll. Das finanzielle Ergebniß der Ausstellung über¬
1770 1187 2945 1247 steigt alle Erwartungen. — Im Stadtwäldchen von Annaberg
1540 1195 1759 1252 anzufügen,
1766 1228 2947 1282 hat sich am 18. und 19. Juli der Heerwurm wieder gezeigt, ganz
1543 1237 1766 1294 ehörde keine
1777 1268 2956 1322 zu derselben Zeit wie 1889 und mehrmals vorher; wie Forstmeister
1579 1278 1761 1338 Auch an
1770 1324 2952 1361 Beling bereits 1868 nachgewiesen, rührt die eigenartige Erscheinung,
1540 1325 1760 1384 an welcher
1771 1343 2962 1408 die früher viel Anlaß zu Aberglauben geboten hat von der
1536 1368 1763 1424 ser=Dresden,
1782 1380 2946 1441 Heerwurm =Trauermücke (Sciara militaris) her. — In#ischefs¬
1549 1411 1764 1469 1, Seifert¬
1770 1417 2952 1479 werda sind die Stadtverordneten in ihrer letzten Sitzung dem
1532 1454 1768 1518 er Referent
1782 1466 2952 1514 Rathsbeschluß in Sachen der geplanten Wasserleitung beigetreten;
1781 1515 2954 1552 es wird danach das Wasser des Ottendorfer Quellengebietes in
1556 1502 1758 1560 gegen die
1549 1545 2912 1593 n aus und der chemischen Centralstelle zu Dresden untersucht werden. —
1541 1568 2946 1625 timme an= Die Vorarbeiten zur neu bewilligten östlichen Erzgebirgsbahnlinie
1539 1638 2959 1674 chtete über schreiten rüstig vorwärts, so daß man in etwa 2 Jahren mit dem
1787 1667 2960 1708 Bahnbau fertig zu werden gedenkt. — Anläßlich der am 4. Sept.
1570 1677 1766 1735 Acht=Uhr¬
1788 1696 2958 1748 in Zeithain stattfindenden Kaiserparade wird in der Albrechtsburg
1545 1717 1766 1783 setzgebenden
1786 1742 2955 1793 in Meißen ein großes Militärbanket, an dem 300 Personen theil¬
1548 1763 1768 1832 h der Ver¬
1778 1767 2955 1824 nehmen werden und zu dem auch Se. Majestät der Kaiser sein Er¬
1552 1806 1771 1868 ufszeit an
1784 1814 2959 1869 scheinen zugesagt hat, stattfinden. — Der Turnverein Meißen, der gegen
1787 1850 2962 1907 240 Mitglieder und 90 Zöglinge zählt, feierte am 19. Juli sein 50jähriges
1559 1854 1772 1910 en brachte
1556 1895 2960 1953 etzgebenden Stiftungsfest. — Die Kosten der auf dem Grundstück der Gasanstalt
1787 1937 2953 1984 in Pirna zur Verwerthung des durch arterische Bohrung gewonnenen
1553 1936 1760 1989 r Verband
1787 1964 2956 2019 Wassers zu errichtenden Pumpstation stellen sich auf 60000 K. Man
1565 1982 1761 2039 ausspricht
1779 1995 2966 2061 hofft damit dem immer fühlbarer werdenden Wassermangel auf Jahre
1564 2027 1775 2083 se für das
1779 2065 2959 2109 hinaus begegnen zu können. — Auch die Stadt Rabenau hat nun¬
1559 2070 1764 2134 trau wurde
1789 2073 2966 2136 mehr ein Wasserwerk erhalten, dessen schwieriger Bau unter Leitung
1551 2115 1770 2173 rag Göhre
1780 2121 2962 2181 des Ingenieurs Löffler aus Freiberg ausgeführt worden ist. — Die
1566 2159 1772 2219 er die neue
1783 2168 2972 2223 Einweihung des neben der Gönnsdorfer Windmühle erbauten und
1773 2196 2962 2257 nunmehr vollendeten Friedrich August=Thurmes findet am 9. August
1550 2202 1776 2255 fend. Auf
1779 2237 2969 2294 statt. — Dem Todtengräber und Tagearbeiter Grätz in Riechberg
1554 2242 1776 2303 h längerer
1779 2278 2963 2329 sind aus Anlaß seines 50jährigen Ehejubiläums von Sr. Majestät
1550 2285 1778 2348 betracht der
1780 2327 2970 2369 dem König, wie der „Dresdener Anzeiger“ berichtet, 90 /K als Ehren¬
1569 2332 1774 2391 z die Aus¬
1792 2355 2969 2422 gabe verwilligt worden. — Dem Schulknaben Ernst Paul Kornmacher
1562 2378 1768 2432 praktischen
1783 2401 2961 2447 in Lockwitz ist von der königl. Kreishauptmannschaft in Dresden
1562 2413 1787 2480 nd gekannt
1784 2438 2972 2491 für die am 5. Mai d. J. mit Muth und Entschlossenheit bewirkte
1558 2472 2969 2540 esetz wegen Errettung eines Kindes vom Tode des Ertrinkens eine Geldbelohnung
1553 2519 2447 2584 echend ab= in Höhe von 15 . bewilligt worden.
1565 2550 1783 2606 r erstaitete
1559 2596 1789 2653 erfreuliches
1988 2612 2740 2688 Kunst, Wissenschaft und Leben.
1605 2642 1789 2695 erkennen
1845 2675 2974 2745 ** Leipzig, 21. Juli. Neues Theater. Zwei Novitäten
1550 2682 1774 2752 nit 11 600
1569 2725 2973 2772 die Herret gingen gestern hier in Scene, die am Tage vorher schon im
1568 2760 2967 2833 kau, Hahr Alten Theater gegeben worden waren: die gestrige Aufnahme
1572 2811 2970 2858 erbandstag war keineswegs eine glänzende, eigentlich schlug nur ein Act
1786 2862 2974 2915 durch, der erste Act des Arthur Schnitzler'schen Schauspiels
1580 2891 2968 2957 ng. Die „Liebelei“, während die beiden anderen Acte sehr kalt ließen
1569 2944 2982 2989 lora“ keine und der vorausgehende Einacter von E. Pailleron „Ge¬
1801 2986 2972 3050 witterschauer“ von Dora Duncker für die deutsche Bühne
1573 2973 1785 3053 in welcher
1568 3039 2969 3095 der welche bearbeitet, abgelehnt wurde. Erfolge an anderen Theatern können
1566 3086 2975 3137 der Erfolg an dieser Thatsache nichts ändern. Den Stücken ist nur ihr
1591 3116 2976 3192 g sich mit Recht widerfahren, aber ohne alle Schuld war auch die Aufführung
1592 3167 2980 3231 und die nicht. Das Lustspiel von Pailleron enthält eine scharfe Kritik
1589 3217 2979 3260 beschlossen, der Lebensromantik, die unseren modernen gesellschaftlichen Ein¬
1582 3251 2972 3309 tiv aufzu=richtungen, der durch die Gendarmerie und die Gerichte vertretenen
1599 3285 1792 3341 nicht an¬
1802 3288 2976 3338 Lebensprosa nicht Stand hält. Ein Entführer und seine Ent¬
1578 3323 1794 3383 ilt wurde
1790 3326 2977 3393 führte sträuben sich vergebens gegen den Zwang der Rückkehr,
1585 3368 1798 3427 d. Ferner
1799 3384 2981 3432 welchen äußere Umstände, ein Gewitterschauer, ein zerbrochener
1571 3413 1795 3471 hnung er¬
1794 3432 2984 3475 Wagen, der den Verfolgern Zeit läßt, sie einzuholen, ausüben.
1580 3458 1798 3514 htinnungs¬
1796 3467 2979 3517 Der Beredtsamkeit der Verfolgerin, einer Freundin, die aber den
1801 3506 2981 3560 Entführer liebt, gelingt es anfangs nicht, das Liebespaar von
1584 3501 1783 3566 f, den sie
1604 3544 1798 3604 einhalten
1795 3541 2983 3594 der Thorheit seines Unternehmens zu überzeugen, aber als sie
1796 3592 2985 3640 wiederkommt dem Anschein nach mit bewaffneter Macht, mit einer das
1800 3643 2975 3698 Haus umstellenden Gendarmerie, als ein schlimmer Strafprozeß droht, da
1587 3629 1781 3697 onnewitzer
1605 3683 1790 3730 Attentats
1796 3679 2985 3729 bekehrt sich die junge Schöne und kehrt zu ihr er Pflicht zurück: den
1616 3723 1781 3770 aus dem
1805 3718 2980 3772 Entführer aber, der in dem Stücke eine ziemlich traurige Rolle
1617 3762 1792 3816 hat man
1802 3765 2975 3818 spielt, wird die Gunst der Verfolgerin trösten, die zunächst noch
1586 3800 1775 3854 im die er¬
1791 3809 2980 3860 Alles wieder in die Fugen einrenkt, da die Entführung weiter
1595 3837 1787 3892 se zu ge¬
1804 3854 2975 3910 nicht bekannt geworden ist. Schließlich ergiebt sich, daß die Gen¬
1588 3876 1786 3937 eit gestern
1795 3896 2980 3961 darmen nicht dem verbrecherischen Paare, sondern den Schmugglern,
1599 3917 1781 3969 am 11./6.
1804 3942 2983 3993 die in dieser Herberge ihr Wesen treiben, auf den Leib rückt; es
1625 3951 1780 4004 1000 fl.
1808 3987 2988 4046 war also ein blinder Lärm, doch die unternehmungslustige Frau
1592 3990 1787 4045 lond, hat
1587 4029 1786 4084 chnurrbart.
1802 4025 2981 4080 v. Castelli hat ihre Ziele erreicht. Ob das auch dem Dichter
1594 4067 1788 4119 ar u. A.
1804 4074 2982 4131 gelungen ist? In einer Novelle würde man sich die ganze Affäre
1621 4104 1778 4155 bekleidet.
1773 4111 2985 4162 mit der einleuchtenden Schlußmoral gefallen lassen: auf der Bühne
