3436 4224
414 199 766 274 Liebele
246 176 1388 311 5. Ls###1 box 12/2
2775 1074 2891 1150 e
1647 1101 1919 1181 sanmne
1651 1132 3345 1216 kein großer Dichter, sondern nur ein tiefer Denker. Seine die räumlich hart aneinan
1145 1140 1503 1241 Telepbes 12.307.
2819 1171 3350 1229 untereinander isoliert: Das
1868 1186 2818 1257 Epen mit zerbrechlich lyrischen Formen — sind
1666 1205 1825 1262 Werke
2812 1220 3355 1271 Commis und der alles ahn
1668 1215 2812 1291 reich und wie aus rudimantären Splittern der Weltseele selbst
2820 1249 3345 1310 Worte stehen zwischen i##
1664 1262 2823 1344 geschaffen. Hauptmanns „Sonnenwanderer“ sind wie ein
2814 1271 3368 1350 ob sie aus Wille und A.
1660 1290 2816 1388 dunkler Himmel, der sich zu fernem Horizonte wölbt, und
2823 1321 3354 1387 und Absicht erzeugen soll
595 1316 1262 1424 „ODSERTER
1657 1339 2821 1416 durchwirkt ist von vielen glitzernden Sternen. Auf jeder
2823 1357 3348 1430 Komödie, unausgesprochen
1670 1364 2840 1436 Seite leuchtet eine Schönheit aus dem Dunkel der schweren
2827 1401 3343 1475 ob sie wirklich existieren ol
400 1364 1507 1480 1. Oeterr. bebördl. konz. Unternehmen für Zeitungs-Ausschaltts
1667 1433 2826 1504 Worte. Noch leuchtender die „Miniaturen“ des Dichters. Und
2905 1441 3354 1502 Aber die Szene mit
589 1436 1358 1547 Wien, I., Concordiaplats 4.
1672 1453 2824 1527 wie eine Flucht zur Herrscherin Schönheit sein Künstler¬
2828 1471 3328 1532 zierten Zimmer war fehl
1677 1493 2823 1570 roman Einhart, der Lächler“. Des Künstlers Verhältnis
808 1506 1145 1578 Vertretungen
2822 1517 3359 1588 Menschen, diese vom Wuch
1670 1536 2816 1608 zur Kunst erhellt am ehesten aus seinem „Tagebuch“. Zwi¬
404 1533 1511 1638 in Berlin, Basel, Budapest, Chicago, Cleveland, Christiants.
2826 1553 3348 1612 und ihrer Gefühle, sonder
1674 1552 2836 1642 schen dem reichen Menschen Carl Hauptmann und dem form¬
2827 1599 3349 1664 Schulze, die mit altem Ger
418 1567 1512 1663 Gent, Kopenhagen, London, Madrid, Malland, Minneapolls,
1675 1614 2833 1675 frohen Künstler, steht, nach beiden Seiten spähend, der Philo¬
408 1622 1520 1709 New-Vork, Paris, Rom, San Francisco, Stockholm, St. Peters¬
2821 1636 3356 1707 so schmal und tief sein m
1677 1646 2830 1715 soph, der Weisheit aus tiefen Schächten erbeutet hat, fast
813 1677 1147 1739 burg, Toronto.
2827 1677 3347 1735 gestattet. Und unser Blick
1684 1686 2830 1762 mehr, als der Mensch ertragen, und sicher mehr, als der
2826 1711 3346 1778 angrenzenden Magazin ve
749 1699 1225 1794 (Osclienangabe ohse Dewühr).
1684 1729 2834 1798 Dichter formen kann. Daher die Zwiespältigkeit in allen
2828 1751 3348 1814 ein aus lebenden Augen
1683 1778 2185 1858 Dichtungen Hauptmanns.
2830 1788 3356 1859 tümern verloren hat. Dan
417 1790 798 1881 Ausschnitt aus:
1773 1789 2831 1880 Das Drama, mehr noch als die anderen Dichtungsarten
2828 1836 3327 1899 jedem Sinne wirksamen
1689 1850 2836 1921 einer despotischen Form verhaftet, ergibt sich dem Dichter
2830 1871 3352 1935 Wie hätte da der Antiguc
733 1847 1479 1977 ie Badische Landes 2eit
510 1867 826 1964 240K 1910,
1687 1883 2840 1957 Hauptmann am wenigsten. Hier ist darum auch sein frucht¬
2481 1927 2527 1963 stor
2844 1915 3348 1973 Viel niederländischer gew
1689 1928 2839 1991 loses Ringen mit der Form am schmerzlichsten fühlbar. Seine
438 1927 665 2023 vom:
2838 1954 3346 2011 nur vor einer oft hakend
887 1955 1241 2045 Mannbeim
1688 1963 2834 2026 Menschen erwachsen nicht zu dramatischer Körperlichkeit; sie
2836 1990 3344 2047 immer ihrer selbst sicheret
1684 1995 2842 2066 sind und bleiben Flachrelief. Zwischen den Menschen aber
2843 2026 3353 2090 Gebetes, neben der Schüle
793 2023 1501 2109 Hof= und Nationaltheater.
1697 2034 2840 2116 geht ein gespenstisches, waberndes Fragen nach dem Woher
2837 2065 3357 2130 findung im Stücke, war vo
1684 2083 2834 2145 und Wohin, das sich im Bau des Dramas als tragisches
2840 2111 3359 2172 Das triviale gelle Murn
562 2083 1691 2175 „Der Antiquar“ von Carl Hauptmann (Urauf¬
1699 2129 2139 2210 Transparent auswirkt.
2844 2152 3061 2225 nicht mit.
574 2136 1686 2232 führung). — „Liebelei“ von Arthur Schnikler (Neu
1790 2138 2837 2228 Davon ist in den „Schauspielen“ denen auch „Der
2916 2164 3356 2241 Die Sarah des Fri
987 2201 1297 2271 einstudiert).
1694 2198 2839 2264 Antiquar“ zugehört, wenig zu verspüren. Wenig, aber im¬
2838 2218 3355 2277 wandt gespielt; einige
1690 2235 2834 2301 merhin etwas! Das Milieu im „Antiquar“ ist erfüllt von
655 2244 1696 2321 Es wäre ein bitteres Unrecht „wenn man den unge¬
2843 2266 3353 2310 lerndes Talent vermuten
1697 2267 2849 2351 heimlichen Reizen. Ein alter Hebräer hat zwischen staubigen
2843 2306 3356 2357 körperung der Rolle kann
559 2294 1700 2359 schickten Zufalt eines Theaterabends benützen wollte, um
1703 2313 2841 2386 Händeln und Geschäften ein sunkelnd junges Weib Sarah
2854 2342 3347 2406 das, obwohl die Darstell
561 2335 1699 2403 Arthur Schnitzler gegen Carl Hauptmann auszuspielen. So
1698 2355 2845 2425 erheiratet (nicht geheiratet!) und dazu und trotzdem einen
2837 2386 3325 2441 sich und dem Dichter
566 2372 1698 2447 wie es au chein großes Unrecht ist, daß immer und immer
1709 2392 2846 2472 jungen Kommis, den Samuel ins Haus genommen (nicht bloß
2841 2420 3343 2485 dem letzteren zu. Die R
563 2400 1701 2482 wieder Carl Hauptmann in den Schatten seines berühmten
1698 2429 2842 2507 ins Geschäft, sondern auch ins Haus). Da findet sich jung
571 2451 1695 2517 Bruders gestellt wird. Schatten, die berühmte Männer werfen,
1710 2459 3349 2536 zu jung. Das Weib giert von Sinnenlust, die in höhnischen machen. Zwei Rollen ah
572 2493 1701 2564 sind trügerische Perspektiven oder sind vielmehr das Gegenteil
1708 2495 3344 2580 Lannen gegen den Alten und in geberischen Launen gegen orbentlich dankbar sind;
565 2550 931 2619 von Perspektiven.
1696 2526 3355 2621 den Jungen explodiert. Allein es sind nur Launen, die mis. Herr Fischer wal
664 2565 1699 2637 Nein, ich will für Carl Hauptmann, den Dichter, zeu¬
1708 2576 3361 2655 explodieren, keine Leidenschaften. Das nimmt der Komödie von Schlichtheit. Dagegen zei
728 2612 1709 2678 für ihn, aber gegen seinen „Antiquar“, aber
1714 2608 3346 2696 vornherein die menschliche Schwere. Da aber gerade die mund einen ganz erhel
559 2638 1706 2702 hinwiederum für diesen „Antiquar“ und gegen seine Dar¬
1708 2647 3361 2732 Frau Worte von äußerer Schwere spricht, so ergibt sich turierung. Der Darstel
2852 2695 3350 2767 umzubringen ist, nahezu
567 2685 1710 2756 stellung in unserm Theater. Denn in dieser Darstellung lebte
1708 2704 2855 2777 ein lästiges Mißverhältnis zwischen künstlerischem Aufwand
2922 2733 3344 2789 Kein Wunder, daß d
566 2730 1701 2792 so wenig von den Möglichkeiten auf, die in dieser merkwürdigen
1715 2733 2870 2814 und künstlerischer Wirkung. Dieses junge Weib schlottert im
2850 2766 3349 2836 ein Fehlschlag sein muß
567 2759 1717 2833 Komödie stecken, wie in der Komödie Geist vom Geiste des
1713 2783 2853 2855 Grunde nicht weniger als der Samuel, der „mutige“ Kom¬
2859 2806 3340 2872 ans Herz hinan. Der:
568 2808 1708 2875 Dichters Form gewonnen hat. Nebeneinander, wie fremde
1711 2818 2855 2883 mis. Aber sie macht sich mit Worten und Gesten mystischen
2851 2844 3339 2911 Aufführung Anteil, an
572 2838 1716 2913 Gröten, stehen die drei: Dichter, Komödie und Darstellung.
1723 2858 2858 2933 Mut. Zwischen beide tritt nun der Alte, nichts wissend und
661 2888 1716 2949 Carl Hauptmann ist einer der eigenartigsten Dichter!
2848 2880 3317 2948 rung der „Panspiele“.
1719 2894 2866 2970 alles ahnend. Dieses Ahnen wird zum Drohen und dieses
2852 2920 3351 2996 Abend nichts gewonnen.
556 2925 1709 2989 unserer Zeit. Einer, der durch Kunst und Leben wandert mit
1717 2936 2859 3005 Drohen zur mörderischen Geste: Mit dem Dolch in der
2853 2970 3278 3024 es nicht, denn diese
570 2965 1714 3028 dem einzigen sicheren Gesühl daß er wandern muß auf un¬
1706 2971 2856 3048 Hand steht der Alte vor Samuel (bei der hiesigen Auf¬
2856 3003 3334 3071 großen Pan Carl Haupt
577 3000 1722 3071 bekannten Straßen zu unbekannten Zielen. Sein Glück ist
1709 3014 2871 3078 führung merkte man davon allerdings nichts). Dann aber
567 3034 1725 3109 nicht das Ziel, sondern der Weg. Rings um diesen Weg
2955 3052 3105 3112 Dem zu
1715 3045 2862 3130 fallen die Ahnungen des Alten wieder kraftlos in sich zurück
569 3078 1733 3148 brandet das All. Aus diesem schöpft der Dichter sein dunkles,
1716 3082 3072 3163 und münden in dem fahlen Nichtwissen aus: „Samuel!... Flei“, bege
2852 3125 3068 3185 aus früher
571 3134 1729 3186 tiefes Weltgesühl und verdichtet es zur Form. So entsteht:
1724 3143 2468 3216 Ich wer' der nich kindigen, Samuel!
577 3155 1726 3221 sein Kunstwerk. Doch liebt er mehr das All, aus dem er
2853 3161 3050 3226 klärt. D
1804 3171 2866 3235 Welcher Art die heimlichen Reize sind, die das Milieu
578 3193 1725 3261 schöpft, als das Werk, das er schafft. Es ist die Liebe des
576 3209 2959 3318 Philosopben, nicht des Künstlers. Drum ist Carl Hauptmann) der Komödie erfüllen, ist leicht zu erreten. Die Menschen. voll
