3436 4224
423 122 787 191 Liebelei
249 132 862 231 5. B
961 117 1378 206 box 11/3
1753 123 1834 182 —
2296 272 2542 360 X770 0,
2374 328 2643 455 Jgata
2467 405 2614 474 6
1896 408 2512 525 R E
2498 462 2584 524 2
2191 514 2428 604 4
1981 596 2546 668 III. Anna Larssen.
1945 741 2682 799 Hun, og hun alene af alle danste Skue¬
1878 802 2676 876 spillerinder, har Tragedienne=Ojnene. Tunge,
1880 862 2681 937 halvt slorede af Ojenlaaget og fulde af Li¬
1883 921 2680 992 delse. Duse, Bernhardt Réjane har
1875 970 2690 1052 de samme Ojne, der er som udbrendte efter
1875 1034 2681 1087 en sjeelelig Selvantendelse. De er karak¬
1874 1090 2688 1165 teristiske for alle Scenens storste Kvinder, for
1878 1145 2684 1213 dem, hvis Kunst ikke er et Surrogat for
1878 1210 2500 1280 Livet, men en Potensering af Liv.
1964 1268 2698 1344 Arthur Schnitzlers—Sknespil „El¬
1886 1289 2682 1393 skovsleg, i hvilket Anna Larssen i Aftes
1899 1383 2704 1448 viste sig paa Aalborg Teater, var et lidt spedt
1886 1437 2707 1516 Kunstvaerk. Handling var der ikke meget af
1958 1492 2700 1558 kun et let knyttet Forhold, der for ham
1887 1557 2698 1629 var et lille Eventyr, for hende den store
1891 1610 2702 1689 Roman. Og de faa Detailler, der var, faldt
1891 1664 2695 1754 bort. Fru Larssens Geni gennembrendte
1889 1731 2702 1795 Scenebilledet, saa der ikke blev andet tilbage
1914 1792 2403 1865 end et stort blodende Hjerte.
1972 1850 2698 1923 Egentlig kunstnerisk Verdi havde kun 3.
1897 1898 2705 1990 Akt, da den unge Pige erfarer, at hendes
1899 1967 2707 2039 Elfkede er falden i Duel for en anden Kvin¬
1907 2025 2707 2085 des Skyld, medens hun selv har siddet afsides
1905 2082 2700 2160 som en, der intet betyder. Her mindede Fru
1906 2125 2708 2211 [Larssen i Spil meget om Fru Dybwad,
1910 2203 2709 2265 men hun var inderligere og mere eegte end
1906 2238 2711 2323 denne. De ti Minuter, i hvllke hendes For¬
1912 2316 2715 2393 tvivlelse gav sig Udslag, var uforglemme¬
1915 2395 2004 2449 lige.
1978 2449 2716 2499 Adam Poulsen kan man yde den
1892 2480 2712 2565 store Anerkendelse, at han kunde taale at ses
1917 2551 2719 2631 i intimt Sammenspil med en Kunstnerinde
1911 2604 2713 2684 som Fru Larssen. Men ligesom Broderen
1916 2671 2722 2735 Johannes skylder han endnu Provinsen Bevis
1911 2741 2721 2798 for, at hans Ry bunder i mere end koben¬
1915 2791 2717 2867 havnsk Familie=Popularitet. Af de andre
1915 2846 2720 2930 mandlige optredende var Stellan Rye
1917 2887 2717 2981 radselsfuld som den krenkede Wgtemand;
1923 2980 2612 3053 han var maskeret som en Eulenburger.
1979 3028 2708 3098 Megen Fornojelse havde man af Fru
1900 3064 2710 3156 Rostrup, der viste mange kvikke og dygtigt
1904 3158 2703 3209 gennemforte Paafund i en Rolle som et raf¬
1909 3207 2451 3272 fineret, livsgraadigt Pigebarn.
1980 3266 2707 3335 Sammenlignet med Mantzius=Forestil¬
1911 3326 2642 3383 lingen var „Elskovsleg lidt ubetydelig
1911 3384 2708 3462 naar Hensyn tages til Stykket og til den
1914 3436 2710 3505 samlede Opforelse. Men mindes man kun de
1907 3509 2711 3581 Scener, hvori Anna Larssen dominerede,
1920 3559 2716 3640 stod Aftenen i Aftes saa langt over „Ulf.
1922 3619 2574 3673 stjerna“, som Geni staar over Talent.
2517 3680 2691 3733 Veni.
2119 3747 2377 3826 —
