<?xml version="1.0" encoding="UTF-8" standalone="yes"?>
<PcGts xmlns="http://schema.primaresearch.org/PAGE/gts/pagecontent/2013-07-15" xmlns:xsi="http://www.w3.org/2001/XMLSchema-instance" xsi:schemaLocation="http://schema.primaresearch.org/PAGE/gts/pagecontent/2013-07-15 http://schema.primaresearch.org/PAGE/gts/pagecontent/2013-07-15/pagecontent.xsd">
    <Metadata>
        <Creator>prov=University of Rostock/Institute of Mathematics/CITlab/Gundram Leifert/gundram.leifert@uni-rostock.de:name=ONB_Newseye_GT_M1+(htr_id=10810)::::v=2.4.2
prov=University of Rostock/Institute of Mathematics/CITlab/Tobias Gruening/tobias.gruening@uni-rostock.de:name=de.uros.citlab.module.baseline2polygon.B2PSeamMultiOriented:v=2.4.2
prov=University of Rostock/Institute of Mathematics/CITlab/Tobias Gruening/tobias.gruening@uni-rostock.de:name=/mnt/transkribus/LA/DEA/URO/LA_news_onb_att.pb:de.uros.citlab.segmentation.CITlab_LA_ML:v=2.4.2
Transkribus</Creator>
        <Created>2019-10-07T11:53:31.921+02:00</Created>
        <LastChange>2019-10-09T05:32:53.022+02:00</LastChange>
        <TranskribusMetadata docId="223992" pageId="9507934" pageNr="601" tsid="16622871" status="IN_PROGRESS" userId="40391" imgUrl="https://files.transkribus.eu/Get?id=KEJUIMSRANFAKYIFENUQLPVR&amp;fileType=view" xmlUrl="https://files.transkribus.eu/Get?id=OIMPQWJPQXUQULSYOJWRQHIK" imageId="6197470"/>
    </Metadata>
    <Page imageFilename="223992_0601.jpeg" imageWidth="3436" imageHeight="4224">
        <ReadingOrder>
            <OrderedGroup id="ro_1711445910744" caption="Regions reading order">
                <RegionRefIndexed index="0" regionRef="r1"/>
                <RegionRefIndexed index="1" regionRef="r2"/>
            </OrderedGroup>
        </ReadingOrder>
        <TextRegion orientation="0.0" id="r1" custom="readingOrder {index:0;}">
            <Coords points="234,214 234,3665 1721,3665 1721,214"/>
            <TextLine id="r1l1" custom="readingOrder {index:0;}">
                <Coords points="399,245 492,254 685,241 762,252 760,174 718,191 675,176 611,202 565,180 547,180 521,204 467,180 398,194"/>
                <Baseline points="408,244 434,242 460,241 487,241 513,240 540,240 566,240 593,239 619,239 646,238 672,237 699,237 725,236 752,234"/>
                <TextEquiv>
                    <Unicode>Liebelei</Unicode>
                </TextEquiv>
            </TextLine>
            <TextLine id="r1l2" custom="readingOrder {index:1;}">
                <Coords points="934,262 968,268 1022,241 1066,267 1109,247 1277,271 1307,250 1366,259 1368,188 1283,180 1254,196 1176,181 1133,219 1103,195 1018,202 984,183 936,202"/>
                <Baseline points="944,238 969,238 995,238 1021,238 1047,239 1073,241 1099,242 1125,243 1151,245 1176,246 1202,247 1228,247 1254,248 1280,247 1306,246 1332,245 1358,243"/>
                <TextEquiv>
                    <Unicode>box 11/1</Unicode>
                </TextEquiv>
            </TextLine>
            <TextLine id="r1l3" custom="readingOrder {index:2;}">
                <Coords points="225,261 259,249 343,282 524,290 553,271 855,278 856,223 758,245 536,231 511,247 415,242 300,187 226,204"/>
                <Baseline points="234,236 264,241 295,246 325,250 356,253 387,256 417,258 448,261 478,262 509,264 540,264 570,265 601,265 631,265 662,265 693,264 723,263 754,262 784,261 815,260 846,258"/>
                <TextEquiv>
                    <Unicode>5. —  nn</Unicode>
                </TextEquiv>
            </TextLine>
            <TextLine id="r1l4" custom="readingOrder {index:3;}">
                <Coords points="847,1014 867,1025 1245,1021 1257,1019 1258,955 1158,944 997,958 958,942 933,958 912,945 883,966 848,963"/>
                <Baseline points="856,991 882,991 908,991 934,991 960,990 986,989 1012,988 1038,988 1065,987 1091,987 1117,987 1143,987 1169,989 1195,991 1221,994 1248,998"/>
                <TextEquiv>
                    <Unicode>Hephon 12801.</Unicode>
                </TextEquiv>
            </TextLine>
            <TextLine id="r1l5" custom="readingOrder {index:4;}">
                <Coords points="740,1115 922,1091 1574,1100 1650,1086 1650,1052 809,1034 739,1074"/>
                <Baseline points="748,1086 792,1084 837,1083 881,1083 926,1082 971,1082 1015,1081 1060,1082 1105,1082 1149,1082 1194,1082 1239,1082 1283,1082 1328,1083 1373,1083 1417,1083 1462,1082 1507,1082 1551,1081 1596,1080 1641,1079"/>
                <TextEquiv>
                    <Unicode>unternehmen für Zeitungs-Ausschnitte</Unicode>
                </TextEquiv>
            </TextLine>
            <TextLine id="r1l6" custom="readingOrder {index:5;}">
                <Coords points="1330,1172 1415,1147 1465,1154 1511,1143 1574,1155 1600,1142 1648,1143 1643,1085 1515,1107 1463,1088 1420,1122 1326,1126"/>
                <Baseline points="1338,1169 1363,1160 1388,1152 1413,1147 1438,1143 1463,1140 1488,1138 1513,1137 1538,1137 1563,1137 1588,1137 1613,1137 1638,1138"/>
                <TextEquiv>
                    <Unicode> Ausschnitt</Unicode>
                </TextEquiv>
            </TextLine>
            <TextLine id="r1l7" custom="readingOrder {index:6;}">
                <Coords points="585,1217 685,1247 869,1211 941,1236 1155,1211 1303,1238 1351,1215 1350,1182 1305,1186 1255,1141 1197,1191 1115,1155 1067,1178 1033,1145 899,1189 829,1149 727,1194 671,1158 585,1182"/>
                <Baseline points="594,1228 631,1225 668,1222 706,1219 743,1216 780,1214 818,1212 855,1210 892,1209 930,1208 967,1207 1004,1206 1042,1206 1079,1206 1116,1206 1154,1206 1191,1206 1228,1207 1266,1208 1303,1209 1341,1210"/>
                <TextEquiv>
                    <Unicode>JÖBSENVEN</Unicode>
                </TextEquiv>
            </TextLine>
            <TextLine id="r1l8" custom="readingOrder {index:7;}">
                <Coords points="1478,1222 1499,1220 1516,1233 1531,1230 1538,1237 1557,1223 1573,1232 1598,1218 1635,1240 1669,1234 1670,1163 1628,1157 1601,1174 1544,1153 1511,1153 1498,1165 1479,1165"/>
                <Baseline points="1487,1215 1516,1214 1545,1214 1574,1215 1603,1217 1632,1217 1661,1215"/>
                <TextEquiv>
                    <Unicode>Nr. 5</Unicode>
                </TextEquiv>
            </TextLine>
            <TextLine id="r1l9" custom="readingOrder {index:8;}">
                <Coords points="520,1307 1684,1291 1694,1222 759,1256 601,1220 519,1259"/>
                <Baseline points="529,1278 586,1279 644,1280 702,1280 760,1281 818,1281 875,1281 933,1281 991,1281 1049,1281 1107,1281 1164,1280 1222,1280 1280,1279 1338,1279 1396,1278 1453,1277 1511,1276 1569,1275 1627,1274 1685,1273"/>
                <TextEquiv>
                    <Unicode>„aördl. oonc. Bureau für Zeitungsberichte u. Personalnachrich</Unicode>
                </TextEquiv>
            </TextLine>
            <TextLine id="r1l10" custom="readingOrder {index:9;}">
                <Coords points="523,1355 1491,1370 1533,1355 1533,1300 523,1302"/>
                <Baseline points="533,1348 582,1349 632,1350 681,1350 731,1350 781,1350 830,1350 880,1349 929,1349 979,1348 1029,1347 1078,1346 1128,1346 1177,1345 1227,1345 1277,1345 1326,1345 1376,1346 1425,1346 1475,1347 1525,1349"/>
                <TextEquiv>
                    <Unicode>Wien, IX/1, Tünkenstrasse 17.</Unicode>
                </TextEquiv>
            </TextLine>
            <TextLine id="r1l11" custom="readingOrder {index:10;}">
                <Coords points="704,1419 748,1435 929,1417 1048,1440 1073,1422 1213,1432 1334,1410 1334,1375 1169,1370 1130,1388 1030,1365 991,1381 864,1367 704,1391"/>
                <Baseline points="713,1410 743,1410 774,1411 804,1412 835,1412 866,1413 896,1413 927,1413 958,1413 988,1413 1019,1413 1050,1413 1080,1412 1111,1412 1142,1412 1172,1411 1203,1411 1234,1410 1264,1410 1295,1409 1326,1408"/>
                <TextEquiv>
                    <Unicode>— Filiale in Budapest: „Figyelö“</Unicode>
                </TextEquiv>
            </TextLine>
            <TextLine id="r1l12" custom="readingOrder {index:11;}">
                <Coords points="316,1476 1554,1494 1690,1473 1690,1431 316,1451"/>
                <Baseline points="325,1478 392,1478 460,1478 528,1477 596,1477 664,1476 732,1476 799,1475 867,1475 935,1474 1003,1473 1071,1472 1139,1472 1207,1471 1274,1471 1342,1470 1410,1470 1478,1470 1546,1470 1614,1470 1682,1470"/>
                <TextEquiv>
                    <Unicode>Vertretungen in Berlin, Chicago, Genf, London, Newyork, Paris, Rom, Stockho</Unicode>
                </TextEquiv>
            </TextLine>
            <TextLine id="r1l13" custom="readingOrder {index:12;}">
                <Coords points="1082,1607 1538,1629 1685,1664 1695,1524 1630,1556 1559,1538 1491,1560 1440,1529 1320,1547 1222,1515 1088,1522"/>
                <Baseline points="1092,1591 1121,1594 1150,1597 1179,1599 1209,1602 1238,1605 1267,1607 1297,1609 1326,1612 1355,1614 1385,1616 1414,1618 1443,1620 1472,1622 1502,1624 1531,1626 1560,1628 1590,1630 1619,1632 1648,1635 1678,1637"/>
                <TextEquiv>
                    <Unicode>Fartvirlss Wiener Ratznt</Unicode>
                </TextEquiv>
            </TextLine>
            <TextLine id="r1l14" custom="readingOrder {index:13;}">
                <Coords points="312,1622 378,1640 392,1626 580,1637 818,1618 817,1581 793,1574 676,1586 606,1563 461,1582 420,1570 312,1595"/>
                <Baseline points="321,1620 346,1620 372,1621 398,1620 423,1620 449,1619 475,1619 500,1618 526,1617 552,1617 577,1616 603,1615 629,1614 654,1614 680,1614 706,1614 731,1615 757,1615 783,1616 809,1618"/>
                <TextEquiv>
                    <Unicode>Ausschnitt aus:</Unicode>
                </TextEquiv>
            </TextLine>
            <TextLine id="r1l15" custom="readingOrder {index:14;}">
                <Coords points="590,1737 629,1754 772,1715 833,1751 941,1729 983,1705 1010,1710 1009,1671 949,1681 920,1662 904,1673 879,1663 857,1680 804,1642 739,1650 715,1631 653,1636 618,1664 588,1661"/>
                <Baseline points="599,1730 624,1726 649,1723 674,1721 699,1720 724,1719 749,1719 774,1718 800,1719 825,1719 850,1719 875,1719 900,1718 925,1718 950,1717 975,1716 1001,1713"/>
                <TextEquiv>
                    <Unicode>8 fln 170 </Unicode>
                </TextEquiv>
            </TextLine>
            <TextLine id="r1l16" custom="readingOrder {index:15;}">
                <Coords points="316,1747 397,1781 443,1770 485,1773 531,1745 563,1762 599,1753 598,1737 561,1743 522,1719 458,1725 429,1710 389,1730 367,1711 316,1703"/>
                <Baseline points="325,1761 351,1759 377,1759 404,1759 430,1759 457,1760 483,1760 509,1760 536,1758 562,1756 589,1751"/>
                <TextEquiv>
                    <Unicode>vom:</Unicode>
                </TextEquiv>
            </TextLine>
            <TextLine id="r1l17" custom="readingOrder {index:16;}">
                <Coords points="589,1981 1502,1963 1476,1928 1199,1938 1135,1909 589,1926"/>
                <Baseline points="598,1979 642,1978 687,1978 732,1978 776,1977 821,1977 866,1977 910,1977 955,1976 1000,1976 1045,1975 1089,1975 1134,1974 1179,1973 1223,1972 1268,1971 1313,1970 1357,1969 1402,1967 1447,1965 1492,1963"/>
                <TextEquiv>
                    <Unicode>Raimund=Theater. Autorin und Haupt¬</Unicode>
                </TextEquiv>
            </TextLine>
            <TextLine id="r1l18" custom="readingOrder {index:17;}">
                <Coords points="473,2012 1454,2021 1487,1963 472,1985"/>
                <Baseline points="482,2018 531,2018 581,2017 631,2017 681,2017 731,2017 781,2016 830,2016 880,2015 930,2015 980,2014 1030,2013 1080,2012 1130,2012 1179,2010 1229,2010 1279,2009 1329,2007 1379,2006 1429,2005 1479,2003"/>
                <TextEquiv>
                    <Unicode>darstellerin in einer Person vereinigt, was mögen</Unicode>
                </TextEquiv>
            </TextLine>
            <TextLine id="r1l19" custom="readingOrder {index:18;}">
                <Coords points="473,2064 1499,2043 1484,2007 472,2011"/>
                <Baseline points="481,2055 531,2055 581,2056 632,2056 682,2056 733,2055 783,2055 834,2055 884,2054 935,2053 985,2053 1035,2052 1086,2051 1136,2049 1187,2048 1237,2047 1288,2046 1338,2045 1389,2043 1439,2041 1490,2040"/>
                <TextEquiv>
                    <Unicode>das für Seelenzustände sein während des Premièren¬</Unicode>
                </TextEquiv>
            </TextLine>
            <TextLine id="r1l20" custom="readingOrder {index:19;}">
                <Coords points="479,2100 1372,2072 1477,2097 1487,2049 478,2064"/>
                <Baseline points="487,2097 536,2096 586,2095 635,2094 685,2093 734,2092 784,2091 833,2090 883,2089 932,2088 982,2087 1032,2087 1081,2086 1131,2085 1180,2085 1230,2084 1279,2084 1329,2083 1378,2083 1428,2083 1478,2083"/>
                <TextEquiv>
                    <Unicode>abends? Frl. Beatrice Dovsky, die über eine</Unicode>
                </TextEquiv>
            </TextLine>
            <TextLine id="r1l21" custom="readingOrder {index:20;}">
                <Coords points="473,2140 1496,2126 1495,2098 1378,2075 473,2097"/>
                <Baseline points="483,2136 533,2135 583,2134 633,2133 683,2132 734,2131 784,2130 834,2130 884,2129 934,2128 985,2127 1035,2126 1085,2126 1135,2125 1185,2124 1236,2123 1286,2122 1336,2121 1386,2120 1436,2119 1487,2118"/>
                <TextEquiv>
                    <Unicode>gute Feder verfügt, möge die Freuden und Leiden</Unicode>
                </TextEquiv>
            </TextLine>
            <TextLine id="r1l22" custom="readingOrder {index:21;}">
                <Coords points="466,2174 1494,2164 1493,2123 1442,2118 466,2138"/>
                <Baseline points="475,2175 525,2174 576,2172 626,2171 677,2169 727,2168 778,2167 828,2166 879,2165 929,2164 980,2164 1030,2163 1081,2162 1131,2161 1182,2161 1232,2160 1283,2160 1333,2159 1384,2158 1434,2158 1485,2157"/>
                <TextEquiv>
                    <Unicode>einer solchen aufregenden Position schildern, und diese</Unicode>
                </TextEquiv>
            </TextLine>
            <TextLine id="r1l23" custom="readingOrder {index:22;}">
                <Coords points="480,2207 1480,2198 1479,2164 1371,2153 480,2173"/>
                <Baseline points="489,2212 538,2211 587,2210 636,2209 685,2208 734,2207 783,2206 832,2205 881,2203 930,2203 980,2201 1029,2201 1078,2200 1127,2199 1176,2198 1225,2197 1274,2197 1323,2196 1372,2196 1421,2196 1471,2195"/>
                <TextEquiv>
                    <Unicode>gewiß anziehende, auf Erfahrung beruhende Schilderung</Unicode>
                </TextEquiv>
            </TextLine>
            <TextLine id="r1l24" custom="readingOrder {index:23;}">
                <Coords points="471,2236 1363,2248 1476,2232 1476,2198 471,2202"/>
                <Baseline points="481,2250 530,2248 579,2247 628,2245 678,2244 727,2243 776,2242 826,2241 875,2240 924,2240 974,2239 1023,2239 1072,2238 1121,2238 1171,2237 1220,2236 1269,2235 1319,2234 1368,2232 1417,2230 1467,2228"/>
                <TextEquiv>
                    <Unicode>wird dann ihr Erfolg sein. „Olgas Spitzbube“</Unicode>
                </TextEquiv>
            </TextLine>
            <TextLine id="r1l25" custom="readingOrder {index:24;}">
                <Coords points="482,2294 1465,2280 1494,2224 481,2258"/>
                <Baseline points="491,2288 540,2287 590,2286 640,2285 690,2284 740,2283 789,2281 839,2280 889,2279 939,2278 989,2277 1038,2275 1088,2274 1138,2273 1188,2272 1238,2271 1287,2270 1337,2269 1387,2268 1437,2267 1487,2266"/>
                <TextEquiv>
                    <Unicode>heißt ihr neuester einactiger Schwank. Die Zeit</Unicode>
                </TextEquiv>
            </TextLine>
            <TextLine id="r1l26" custom="readingOrder {index:25;}">
                <Coords points="475,2315 1244,2328 1480,2319 1492,2291 1278,2267 475,2299"/>
                <Baseline points="484,2326 536,2324 589,2322 641,2320 694,2319 746,2318 799,2317 852,2316 904,2315 957,2315 1009,2314 1062,2313 1114,2313 1167,2313 1220,2312 1272,2312 1325,2311 1377,2310 1430,2309 1483,2308"/>
                <TextEquiv>
                    <Unicode>der Frauen=Emancipation ist so weit fortgeschritten,</Unicode>
                </TextEquiv>
            </TextLine>
            <TextLine id="r1l27" custom="readingOrder {index:26;}">
                <Coords points="480,2360 1494,2344 1493,2314 1417,2308 480,2323"/>
                <Baseline points="489,2363 538,2362 588,2360 638,2359 688,2357 738,2357 787,2356 837,2355 887,2354 937,2354 987,2353 1036,2352 1086,2352 1136,2351 1186,2351 1236,2350 1285,2349 1335,2348 1385,2347 1435,2346 1485,2344"/>
                <TextEquiv>
                    <Unicode>daß es bereits eine Vertheidigerin in Strafsachen</Unicode>
                </TextEquiv>
            </TextLine>
            <TextLine id="r1l28" custom="readingOrder {index:27;}">
                <Coords points="479,2415 1490,2384 1473,2347 1237,2342 478,2378"/>
                <Baseline points="487,2403 536,2401 586,2399 635,2398 685,2396 735,2396 784,2394 834,2394 884,2393 933,2392 983,2391 1033,2390 1082,2390 1132,2389 1182,2388 1231,2387 1281,2386 1331,2384 1380,2383 1430,2381 1480,2380"/>
                <TextEquiv>
                    <Unicode>gibt. Während der Mann die Hauswirthschaft be¬</Unicode>
                </TextEquiv>
            </TextLine>
            <TextLine id="r1l29" custom="readingOrder {index:28;}">
                <Coords points="472,2440 1450,2437 1496,2385 472,2411"/>
                <Baseline points="481,2439 531,2437 581,2435 631,2434 682,2433 732,2432 782,2431 833,2430 883,2430 933,2429 984,2428 1034,2428 1084,2428 1134,2427 1185,2427 1235,2426 1285,2426 1336,2425 1386,2424 1436,2423 1487,2422"/>
                <TextEquiv>
                    <Unicode>treibt und den Säugling betreuen muß, treibt sich</Unicode>
                </TextEquiv>
            </TextLine>
            <TextLine id="r1l30" custom="readingOrder {index:29;}">
                <Coords points="486,2478 1503,2465 1474,2426 485,2443"/>
                <Baseline points="494,2476 546,2475 599,2473 651,2473 704,2472 756,2471 809,2470 862,2469 914,2468 967,2467 1019,2466 1072,2465 1124,2464 1177,2464 1230,2463 1282,2462 1335,2460 1387,2459 1440,2458 1493,2457"/>
                <TextEquiv>
                    <Unicode>die Frau in den Gerichtssälen herum. Das bequeme</Unicode>
                </TextEquiv>
            </TextLine>
            <TextLine id="r1l31" custom="readingOrder {index:30;}">
                <Coords points="441,2513 1497,2488 1418,2461 440,2479"/>
                <Baseline points="449,2512 503,2512 558,2512 613,2511 667,2511 722,2510 777,2509 831,2508 886,2508 941,2506 995,2505 1050,2504 1105,2503 1159,2502 1214,2500 1269,2499 1323,2498 1378,2497 1433,2495 1488,2494"/>
                <TextEquiv>
                    <Unicode>5(Canapé verdankt sie einer schweren körperlichen Be¬</Unicode>
                </TextEquiv>
            </TextLine>
            <TextLine id="r1l32" custom="readingOrder {index:31;}">
                <Coords points="321,2522 333,2520 339,2524 346,2519 374,2525 381,2531 392,2526 402,2529 413,2519 422,2519 424,2473 408,2474 399,2480 379,2479 356,2464 335,2474 322,2470"/>
                <Baseline points="331,2512 358,2511 385,2512 413,2514"/>
                <TextEquiv>
                    <Unicode>Für</Unicode>
                </TextEquiv>
            </TextLine>
            <TextLine id="r1l33" custom="readingOrder {index:32;}">
                <Coords points="427,2550 1705,2536 1721,2470 1388,2510 426,2512"/>
                <Baseline points="435,2552 498,2551 562,2550 626,2549 690,2548 754,2547 818,2546 882,2545 946,2544 1010,2543 1074,2542 1137,2541 1201,2540 1265,2539 1329,2537 1393,2535 1457,2533 1521,2531 1585,2529 1649,2526 1713,2523"/>
                <TextEquiv>
                    <Unicode>10 schädigung, beziehungsweise der Vertheidigung des inclusive</Unicode>
                </TextEquiv>
            </TextLine>
            <TextLine id="r1l34" custom="readingOrder {index:33;}">
                <Coords points="1535,2569 1551,2568 1556,2573 1568,2566 1581,2573 1590,2568 1620,2572 1636,2567 1694,2577 1695,2543 1666,2535 1659,2541 1650,2535 1624,2535 1610,2542 1601,2533 1588,2531 1535,2548"/>
                <Baseline points="1543,2567 1571,2564 1599,2563 1628,2564 1656,2566 1685,2567"/>
                <TextEquiv>
                    <Unicode>Porto.</Unicode>
                </TextEquiv>
            </TextLine>
            <TextLine id="r1l35" custom="readingOrder {index:34;}">
                <Coords points="431,2598 1427,2584 1499,2538 430,2563"/>
                <Baseline points="439,2592 491,2590 544,2589 596,2588 649,2587 701,2586 754,2585 806,2585 859,2584 911,2583 964,2582 1017,2581 1069,2581 1122,2579 1174,2578 1227,2578 1279,2576 1332,2575 1384,2574 1437,2572 1490,2570"/>
                <TextEquiv>
                    <Unicode>20 betreffenden Uebelthäters, der Schreibtisch ent¬</Unicode>
                </TextEquiv>
            </TextLine>
            <TextLine id="r1l36" custom="readingOrder {index:35;}">
                <Coords points="1480,2597 1516,2599 1528,2591 1555,2614 1615,2607 1679,2615 1702,2591 1714,2593 1714,2572 1690,2563 1675,2576 1632,2565 1623,2571 1575,2572 1568,2565 1529,2572 1495,2553 1479,2559"/>
                <Baseline points="1490,2612 1517,2608 1544,2605 1571,2604 1598,2602 1625,2602 1652,2603 1679,2603 1706,2604"/>
                <TextEquiv>
                    <Unicode>Zahlbar</Unicode>
                </TextEquiv>
            </TextLine>
            <TextLine id="r1l37" custom="readingOrder {index:36;}">
                <Coords points="423,2634 1484,2615 1483,2571 422,2590"/>
                <Baseline points="431,2630 483,2628 535,2627 587,2626 639,2626 692,2624 744,2624 796,2623 848,2622 900,2621 953,2621 1005,2620 1057,2619 1109,2618 1161,2617 1214,2616 1266,2615 1318,2614 1370,2612 1422,2611 1475,2609"/>
                <TextEquiv>
                    <Unicode>50 stammt einer Ehrenbeleidigung, die Wanduhr einer</Unicode>
                </TextEquiv>
            </TextLine>
            <TextLine id="r1l38" custom="readingOrder {index:37;}">
                <Coords points="352,2684 1692,2656 1729,2612 352,2649"/>
                <Baseline points="361,2671 429,2669 497,2667 565,2665 633,2664 701,2663 769,2662 837,2661 905,2660 973,2659 1041,2658 1109,2657 1177,2656 1245,2654 1313,2653 1381,2652 1449,2649 1517,2647 1585,2645 1653,2642 1721,2639"/>
                <TextEquiv>
                    <Unicode>„ 100 Schlägerei, jedes Stück der übrigen Einrichtung im Voraus</Unicode>
                </TextEquiv>
            </TextLine>
            <TextLine id="r1l39" custom="readingOrder {index:38;}">
                <Coords points="438,2721 1462,2700 1481,2658 437,2678"/>
                <Baseline points="447,2710 498,2707 549,2705 600,2703 652,2701 703,2700 754,2699 806,2698 857,2697 908,2696 960,2695 1011,2695 1062,2694 1113,2694 1165,2693 1216,2693 1267,2692 1319,2691 1370,2691 1421,2689 1473,2688"/>
                <TextEquiv>
                    <Unicode>Wirgend einem Verbrechen. Ihren ersten größeren Sieg</Unicode>
                </TextEquiv>
            </TextLine>
            <TextLine id="r1l40" custom="readingOrder {index:39;}">
                <Coords points="1494,2721 1515,2728 1533,2717 1576,2719 1590,2708 1623,2720 1662,2715 1670,2707 1684,2716 1714,2714 1713,2656 1696,2652 1634,2686 1618,2672 1581,2683 1518,2668 1494,2680"/>
                <Baseline points="1503,2709 1528,2710 1553,2710 1578,2710 1604,2710 1629,2710 1654,2709 1679,2709 1705,2707"/>
                <TextEquiv>
                    <Unicode>nitte ist d</Unicode>
                </TextEquiv>
            </TextLine>
            <TextLine id="r1l41" custom="readingOrder {index:40;}">
                <Coords points="489,2746 1449,2736 1488,2694 488,2705"/>
                <Baseline points="498,2742 547,2741 596,2740 645,2739 694,2738 743,2737 792,2737 841,2736 890,2735 939,2735 988,2734 1037,2733 1086,2733 1135,2732 1184,2731 1233,2730 1282,2730 1331,2728 1380,2728 1429,2726 1479,2725"/>
                <TextEquiv>
                    <Unicode>erringt sie jedoch, als ein von ihr vertheidigter Dieb</Unicode>
                </TextEquiv>
            </TextLine>
            <TextLine id="r1l42" custom="readingOrder {index:41;}">
                <Coords points="1494,2758 1606,2758 1652,2777 1687,2765 1700,2774 1723,2760 1722,2716 1688,2713 1670,2725 1626,2719 1615,2728 1603,2716 1590,2723 1553,2717 1534,2727 1493,2721"/>
                <Baseline points="1503,2750 1529,2752 1555,2752 1581,2751 1608,2751 1634,2749 1660,2748 1686,2747 1713,2747"/>
                <TextEquiv>
                    <Unicode>stcht es d</Unicode>
                </TextEquiv>
            </TextLine>
            <TextLine id="r1l43" custom="readingOrder {index:42;}">
                <Coords points="326,2759 1493,2779 1493,2726 586,2755 327,2727"/>
                <Baseline points="336,2752 393,2759 450,2763 508,2768 565,2771 622,2773 680,2775 737,2776 794,2776 852,2776 909,2775 966,2774 1024,2773 1081,2771 1138,2770 1196,2768 1253,2767 1310,2766 1368,2765 1425,2765 1483,2765"/>
                <TextEquiv>
                    <Unicode>Abonnel vom Schwurgerichte freigesprochen wird. Diesen ihren</Unicode>
                </TextEquiv>
            </TextLine>
            <TextLine id="r1l44" custom="readingOrder {index:43;}">
                <Coords points="319,2802 590,2833 1636,2805 1635,2753 1149,2788 318,2766"/>
                <Baseline points="327,2791 395,2797 463,2803 532,2807 600,2810 668,2812 737,2814 805,2814 873,2814 942,2814 1010,2812 1079,2811 1147,2808 1215,2806 1284,2804 1352,2801 1420,2797 1489,2794 1557,2791 1626,2788"/>
                <TextEquiv>
                    <Unicode>Abonnen Spitzbuben ladet die Frau Doctor zum Mittagessen indern.</Unicode>
                </TextEquiv>
            </TextLine>
            <TextLine id="r1l45" custom="readingOrder {index:44;}">
                <Coords points="473,2853 1496,2841 1495,2814 1417,2806 473,2830"/>
                <Baseline points="482,2852 532,2852 582,2852 632,2852 682,2852 733,2851 783,2851 833,2850 883,2850 933,2849 984,2848 1034,2847 1084,2846 1134,2845 1184,2844 1235,2843 1285,2842 1335,2841 1385,2840 1435,2839 1486,2838"/>
                <TextEquiv>
                    <Unicode>ein. Thaller spielt den Freigesprochenen, der</Unicode>
                </TextEquiv>
            </TextLine>
            <TextLine id="r1l46" custom="readingOrder {index:45;}">
                <Coords points="453,2895 1717,2892 1716,2828 452,2849"/>
                <Baseline points="462,2884 524,2886 586,2887 648,2888 711,2888 773,2889 835,2888 898,2888 960,2887 1022,2886 1085,2885 1147,2883 1209,2882 1271,2881 1334,2879 1396,2878 1458,2877 1521,2876 1583,2875 1645,2875 1708,2875"/>
                <TextEquiv>
                    <Unicode>D schließlich die ganze Mittagsgesellschaft bestiehlt, sehr uthaltend d</Unicode>
                </TextEquiv>
            </TextLine>
            <TextLine id="r1l47" custom="readingOrder {index:46;}">
                <Coords points="1488,2903 1500,2904 1520,2922 1534,2918 1543,2925 1614,2916 1664,2928 1681,2917 1713,2928 1713,2892 1690,2883 1603,2886 1596,2879 1542,2879 1505,2885 1487,2876"/>
                <Baseline points="1496,2915 1522,2914 1548,2913 1574,2912 1600,2912 1626,2912 1652,2912 1678,2913 1704,2913"/>
                <TextEquiv>
                    <Unicode>Morge</Unicode>
                </TextEquiv>
            </TextLine>
            <TextLine id="r1l48" custom="readingOrder {index:47;}">
                <Coords points="314,2918 540,2944 1491,2914 1445,2881 314,2897"/>
                <Baseline points="323,2920 384,2921 445,2923 506,2924 567,2925 628,2925 689,2926 750,2926 811,2926 872,2926 933,2926 994,2925 1055,2924 1116,2924 1177,2922 1238,2921 1299,2920 1360,2918 1421,2917 1482,2915"/>
                <TextEquiv>
                    <Unicode>Inhaltsaergötzlich. Wenn das Unwahrscheinliche nicht gar so</Unicode>
                </TextEquiv>
            </TextLine>
            <TextLine id="r1l49" custom="readingOrder {index:48;}">
                <Coords points="326,2972 1717,2973 1717,2925 325,2929"/>
                <Baseline points="335,2958 403,2961 472,2963 541,2964 609,2965 678,2966 747,2966 815,2965 884,2965 953,2964 1022,2963 1090,2961 1159,2960 1228,2959 1296,2957 1365,2956 1434,2955 1502,2954 1571,2953 1640,2953 1709,2953"/>
                <TextEquiv>
                    <Unicode>blätttfaustdick aufgetragen wäre, würde es einen Erfolg ner Zeitung</Unicode>
                </TextEquiv>
            </TextLine>
            <TextLine id="r1l50" custom="readingOrder {index:49;}">
                <Coords points="326,2989 523,3026 1719,2989 1685,2956 326,2968"/>
                <Baseline points="335,2996 403,2999 472,3002 541,3004 610,3005 678,3006 747,3006 816,3006 885,3005 953,3004 1022,3002 1091,3001 1160,2999 1228,2998 1297,2996 1366,2994 1435,2993 1503,2992 1572,2991 1641,2991 1710,2991"/>
                <TextEquiv>
                    <Unicode>wodurch gegeben haben. Die Herren Homma, Lackner, rthschaftlic</Unicode>
                </TextEquiv>
            </TextLine>
            <TextLine id="r1l51" custom="readingOrder {index:50;}">
                <Coords points="1483,3054 1513,3056 1538,3046 1565,3058 1595,3045 1612,3051 1630,3037 1648,3044 1675,3037 1705,3056 1728,3053 1728,2990 1644,3005 1595,2994 1483,2998"/>
                <Baseline points="1491,3032 1516,3031 1541,3031 1567,3031 1592,3031 1617,3031 1643,3032 1668,3032 1693,3031 1719,3030"/>
                <TextEquiv>
                    <Unicode>1. Diese Mj</Unicode>
                </TextEquiv>
            </TextLine>
            <TextLine id="r1l52" custom="readingOrder {index:51;}">
                <Coords points="324,3038 1487,3036 1441,2992 324,3004"/>
                <Baseline points="333,3038 390,3040 447,3042 504,3043 562,3043 619,3043 676,3043 733,3043 791,3042 848,3042 905,3041 962,3040 1020,3039 1077,3038 1134,3037 1191,3036 1249,3035 1306,3034 1363,3033 1420,3033 1478,3033"/>
                <TextEquiv>
                    <Unicode>Leben éprl. Schneider und Frl. Dovsky selbst</Unicode>
                </TextEquiv>
            </TextLine>
            <TextLine id="r1l53" custom="readingOrder {index:52;}">
                <Coords points="319,3102 1489,3082 1488,3036 1357,3030 319,3056"/>
                <Baseline points="328,3080 385,3080 443,3080 500,3080 558,3080 615,3081 673,3081 730,3081 788,3081 845,3081 903,3081 961,3081 1018,3080 1076,3080 1133,3079 1191,3078 1248,3076 1306,3074 1363,3071 1421,3068 1479,3065"/>
                <TextEquiv>
                    <Unicode>theilung als Vertheidigerin spielten lustig darauf los</Unicode>
                </TextEquiv>
            </TextLine>
            <TextLine id="r1l54" custom="readingOrder {index:53;}">
                <Coords points="488,3121 1455,3121 1490,3083 487,3089"/>
                <Baseline points="497,3121 546,3120 595,3119 644,3119 693,3119 743,3118 792,3118 841,3118 890,3118 939,3118 989,3117 1038,3117 1087,3116 1136,3115 1185,3114 1235,3113 1284,3112 1333,3111 1382,3108 1431,3107 1481,3104"/>
                <TextEquiv>
                    <Unicode>und die Verfasserin konnte für den Beifall danken.</Unicode>
                </TextEquiv>
            </TextLine>
            <TextLine id="r1l55" custom="readingOrder {index:54;}">
                <Coords points="489,3161 1490,3149 1399,3110 488,3122"/>
                <Baseline points="497,3163 546,3162 595,3160 644,3159 693,3158 743,3158 792,3157 841,3157 890,3156 939,3156 989,3155 1038,3155 1087,3154 1136,3153 1185,3152 1235,3150 1284,3149 1333,3147 1382,3145 1431,3142 1481,3139"/>
                <TextEquiv>
                    <Unicode>Dann folgte Arthur Schnitzler's altbekanntes Schau¬</Unicode>
                </TextEquiv>
            </TextLine>
            <TextLine id="r1l56" custom="readingOrder {index:55;}">
                <Coords points="1370,3197 1387,3202 1397,3196 1403,3202 1422,3188 1447,3191 1459,3185 1473,3193 1491,3189 1489,3139 1452,3152 1447,3148 1431,3154 1424,3149 1411,3151 1394,3157 1380,3170 1369,3169"/>
                <Baseline points="1379,3185 1404,3184 1430,3183 1455,3182 1481,3181"/>
                <TextEquiv>
                    <Unicode>nicht</Unicode>
                </TextEquiv>
            </TextLine>
            <TextLine id="r1l57" custom="readingOrder {index:56;}">
                <Coords points="488,3204 839,3217 903,3177 962,3204 1123,3180 1244,3205 1364,3186 1364,3164 487,3162"/>
                <Baseline points="496,3202 541,3199 586,3197 631,3196 676,3195 722,3194 767,3194 812,3193 857,3193 902,3193 948,3193 993,3193 1038,3192 1083,3192 1128,3191 1174,3190 1219,3189 1264,3187 1309,3185 1355,3182"/>
                <TextEquiv>
                    <Unicode>spiel „Liebelei“ Es war entschieden</Unicode>
                </TextEquiv>
            </TextLine>
            <TextLine id="r1l58" custom="readingOrder {index:57;}">
                <Coords points="1391,3225 1404,3224 1418,3236 1438,3231 1454,3234 1457,3230 1468,3229 1472,3233 1480,3227 1489,3227 1487,3189 1473,3192 1458,3186 1450,3190 1425,3187 1404,3201 1390,3200"/>
                <Baseline points="1400,3226 1426,3223 1453,3221 1480,3222"/>
                <TextEquiv>
                    <Unicode>gilt</Unicode>
                </TextEquiv>
            </TextLine>
            <TextLine id="r1l59" custom="readingOrder {index:58;}">
                <Coords points="481,3238 1265,3237 1373,3231 1373,3198 480,3209"/>
                <Baseline points="489,3237 532,3237 576,3236 620,3235 664,3234 707,3234 751,3233 795,3233 839,3232 882,3232 926,3231 970,3231 1014,3230 1057,3230 1101,3229 1145,3228 1189,3227 1232,3226 1276,3225 1320,3224 1364,3222"/>
                <TextEquiv>
                    <Unicode>sorgfältig genug einstudirt worden. Das</Unicode>
                </TextEquiv>
            </TextLine>
            <TextLine id="r1l60" custom="readingOrder {index:59;}">
                <Coords points="489,3287 1495,3272 1494,3227 488,3235"/>
                <Baseline points="497,3270 546,3270 595,3270 645,3270 694,3270 744,3269 793,3269 842,3269 892,3269 941,3269 991,3268 1040,3268 1089,3267 1139,3266 1188,3265 1238,3264 1287,3263 1336,3261 1386,3260 1435,3257 1485,3255"/>
                <TextEquiv>
                    <Unicode>besonders von den Herren Homma und Lackner, dieganze</Unicode>
                </TextEquiv>
            </TextLine>
            <TextLine id="r1l61" custom="readingOrder {index:60;}">
                <Coords points="486,3318 1480,3317 1494,3274 486,3286"/>
                <Baseline points="495,3309 544,3309 594,3309 643,3309 693,3308 742,3308 792,3308 841,3307 891,3307 940,3306 990,3305 1040,3304 1089,3304 1139,3303 1188,3302 1238,3301 1287,3300 1337,3299 1386,3298 1436,3297 1486,3296"/>
                <TextEquiv>
                    <Unicode>Sätze verschluckten oder zuweilen undeutlich sprachen.</Unicode>
                </TextEquiv>
            </TextLine>
            <TextLine id="r1l62" custom="readingOrder {index:61;}">
                <Coords points="494,3352 1497,3339 1457,3303 1308,3298 493,3317"/>
                <Baseline points="502,3351 551,3350 600,3349 649,3348 699,3347 748,3347 797,3347 847,3346 896,3346 945,3346 995,3345 1044,3345 1093,3344 1142,3343 1192,3342 1241,3341 1290,3339 1340,3338 1389,3336 1438,3333 1488,3330"/>
                <TextEquiv>
                    <Unicode>Glänzend verkörpert hat eigentlich nur Frl. Rein¬</Unicode>
                </TextEquiv>
            </TextLine>
            <TextLine id="r1l63" custom="readingOrder {index:62;}">
                <Coords points="488,3384 1092,3403 1500,3375 1409,3335 488,3352"/>
                <Baseline points="497,3389 546,3388 596,3387 646,3386 695,3386 745,3385 795,3384 844,3384 894,3383 944,3383 994,3382 1043,3382 1093,3381 1143,3380 1192,3379 1242,3379 1292,3378 1341,3377 1391,3376 1441,3374 1491,3373"/>
                <TextEquiv>
                    <Unicode>gruber ihre Rolle, die der leichtlebigen Modistin</Unicode>
                </TextEquiv>
            </TextLine>
            <TextLine id="r1l64" custom="readingOrder {index:63;}">
                <Coords points="482,3437 1337,3410 1409,3434 1492,3416 1491,3374 481,3398"/>
                <Baseline points="491,3430 540,3428 590,3426 639,3426 689,3425 739,3424 788,3423 838,3422 887,3422 937,3421 987,3420 1036,3420 1086,3419 1135,3418 1185,3418 1235,3417 1284,3416 1334,3414 1383,3413 1433,3411 1483,3409"/>
                <TextEquiv>
                    <Unicode>Mizzi. Auch die Herren Jules und Raeder waren</Unicode>
                </TextEquiv>
            </TextLine>
            <TextLine id="r1l65" custom="readingOrder {index:64;}">
                <Coords points="488,3455 1496,3462 1495,3416 1346,3409 487,3437"/>
                <Baseline points="497,3466 546,3465 596,3464 645,3463 695,3462 744,3461 794,3460 843,3459 893,3458 942,3458 992,3457 1041,3456 1091,3455 1140,3454 1190,3453 1239,3452 1289,3451 1338,3451 1388,3450 1437,3449 1487,3448"/>
                <TextEquiv>
                    <Unicode>ihren Aufgaben gewachsen. Hansi Niese als</Unicode>
                </TextEquiv>
            </TextLine>
            <TextLine id="r1l66" custom="readingOrder {index:65;}">
                <Coords points="480,3499 1499,3506 1498,3458 1411,3451 479,3465"/>
                <Baseline points="489,3502 539,3501 589,3500 639,3499 689,3498 739,3497 789,3496 839,3495 889,3494 939,3494 989,3493 1039,3492 1089,3491 1139,3490 1189,3490 1239,3489 1289,3489 1339,3488 1389,3488 1439,3487 1489,3487"/>
                <TextEquiv>
                    <Unicode>Thristine mußte den ganzen Abend über tragisch sein,</Unicode>
                </TextEquiv>
            </TextLine>
            <TextLine id="r1l67" custom="readingOrder {index:66;}">
                <Coords points="484,3537 1496,3534 1495,3503 1429,3488 483,3507"/>
                <Baseline points="493,3537 542,3537 592,3537 642,3536 691,3536 741,3535 791,3535 840,3534 890,3533 940,3533 990,3532 1039,3531 1089,3530 1139,3530 1188,3529 1238,3528 1288,3528 1337,3527 1387,3527 1437,3527 1487,3527"/>
                <TextEquiv>
                    <Unicode>an einer Stätte, wo man sie lachen sehen will. In</Unicode>
                </TextEquiv>
            </TextLine>
            <TextLine id="r1l68" custom="readingOrder {index:67;}">
                <Coords points="492,3584 1413,3575 1507,3533 492,3545"/>
                <Baseline points="501,3574 550,3574 600,3574 650,3574 700,3574 750,3574 800,3574 849,3573 899,3573 949,3572 999,3571 1049,3571 1099,3570 1149,3569 1198,3569 1248,3568 1298,3567 1348,3566 1398,3565 1448,3564 1498,3563"/>
                <TextEquiv>
                    <Unicode>der Wallgasse kann man sich die Niese ohne Sonne</Unicode>
                </TextEquiv>
            </TextLine>
            <TextLine id="r1l69" custom="readingOrder {index:68;}">
                <Coords points="486,3625 1455,3616 1488,3562 485,3580"/>
                <Baseline points="495,3612 544,3612 593,3611 642,3611 691,3611 741,3611 790,3611 839,3610 888,3610 937,3610 987,3610 1036,3609 1085,3609 1134,3608 1183,3607 1233,3606 1282,3605 1331,3604 1380,3603 1429,3601 1479,3599"/>
                <TextEquiv>
                    <Unicode>nicht denken, auch wenn sie, wie gestern, noch so</Unicode>
                </TextEquiv>
            </TextLine>
            <TextLine id="r1l70" custom="readingOrder {index:69;}">
                <Coords points="1286,3653 1318,3650 1344,3662 1363,3656 1373,3645 1396,3648 1408,3638 1417,3643 1431,3636 1437,3641 1447,3631 1460,3635 1459,3612 1441,3614 1411,3603 1399,3614 1370,3602 1285,3611"/>
                <Baseline points="1295,3638 1321,3639 1347,3638 1373,3636 1399,3635 1425,3634 1451,3635"/>
                <TextEquiv>
                    <Unicode>mell —</Unicode>
                </TextEquiv>
            </TextLine>
            <TextLine id="r1l71" custom="readingOrder {index:70;}">
                <Coords points="493,3680 538,3684 566,3662 591,3671 624,3657 644,3669 686,3656 758,3679 774,3667 813,3674 812,3629 798,3633 765,3611 737,3621 701,3614 646,3623 632,3613 574,3623 563,3614 492,3625"/>
                <Baseline points="501,3655 526,3655 551,3655 576,3655 601,3654 626,3653 652,3652 677,3652 702,3651 727,3650 752,3649 777,3649 803,3648"/>
                <TextEquiv>
                    <Unicode>rührend weint.</Unicode>
                </TextEquiv>
            </TextLine>
            <TextEquiv>
                <Unicode>Liebelei
box 11/1
5. —  nn
Hephon 12801.
unternehmen für Zeitungs-Ausschnitte
 Ausschnitt
JÖBSENVEN
Nr. 5
„aördl. oonc. Bureau für Zeitungsberichte u. Personalnachrich
Wien, IX/1, Tünkenstrasse 17.
— Filiale in Budapest: „Figyelö“
Vertretungen in Berlin, Chicago, Genf, London, Newyork, Paris, Rom, Stockho
Fartvirlss Wiener Ratznt
Ausschnitt aus:
8 fln 170 
vom:
Raimund=Theater. Autorin und Haupt¬
darstellerin in einer Person vereinigt, was mögen
das für Seelenzustände sein während des Premièren¬
abends? Frl. Beatrice Dovsky, die über eine
gute Feder verfügt, möge die Freuden und Leiden
einer solchen aufregenden Position schildern, und diese
gewiß anziehende, auf Erfahrung beruhende Schilderung
wird dann ihr Erfolg sein. „Olgas Spitzbube“
heißt ihr neuester einactiger Schwank. Die Zeit
der Frauen=Emancipation ist so weit fortgeschritten,
daß es bereits eine Vertheidigerin in Strafsachen
gibt. Während der Mann die Hauswirthschaft be¬
treibt und den Säugling betreuen muß, treibt sich
die Frau in den Gerichtssälen herum. Das bequeme
5(Canapé verdankt sie einer schweren körperlichen Be¬
Für
10 schädigung, beziehungsweise der Vertheidigung des inclusive
Porto.
20 betreffenden Uebelthäters, der Schreibtisch ent¬
Zahlbar
50 stammt einer Ehrenbeleidigung, die Wanduhr einer
„ 100 Schlägerei, jedes Stück der übrigen Einrichtung im Voraus
Wirgend einem Verbrechen. Ihren ersten größeren Sieg
nitte ist d
erringt sie jedoch, als ein von ihr vertheidigter Dieb
stcht es d
Abonnel vom Schwurgerichte freigesprochen wird. Diesen ihren
Abonnen Spitzbuben ladet die Frau Doctor zum Mittagessen indern.
ein. Thaller spielt den Freigesprochenen, der
D schließlich die ganze Mittagsgesellschaft bestiehlt, sehr uthaltend d
Morge
Inhaltsaergötzlich. Wenn das Unwahrscheinliche nicht gar so
blätttfaustdick aufgetragen wäre, würde es einen Erfolg ner Zeitung
wodurch gegeben haben. Die Herren Homma, Lackner, rthschaftlic
1. Diese Mj
Leben éprl. Schneider und Frl. Dovsky selbst
theilung als Vertheidigerin spielten lustig darauf los
und die Verfasserin konnte für den Beifall danken.
Dann folgte Arthur Schnitzler's altbekanntes Schau¬
nicht
spiel „Liebelei“ Es war entschieden
gilt
sorgfältig genug einstudirt worden. Das
besonders von den Herren Homma und Lackner, dieganze
Sätze verschluckten oder zuweilen undeutlich sprachen.
Glänzend verkörpert hat eigentlich nur Frl. Rein¬
gruber ihre Rolle, die der leichtlebigen Modistin
Mizzi. Auch die Herren Jules und Raeder waren
ihren Aufgaben gewachsen. Hansi Niese als
Thristine mußte den ganzen Abend über tragisch sein,
an einer Stätte, wo man sie lachen sehen will. In
der Wallgasse kann man sich die Niese ohne Sonne
nicht denken, auch wenn sie, wie gestern, noch so
mell —
rührend weint.</Unicode>
            </TextEquiv>
        </TextRegion>
        <TextRegion orientation="0.0" id="r2" custom="readingOrder {index:1;}">
            <Coords points="1698,883 1698,3741 3169,3741 3169,883"/>
            <TextLine id="r2l1" custom="readingOrder {index:0;}">
                <Coords points="2174,939 2609,932 2608,854 2506,853 2430,877 2325,862 2283,879 2231,865 2173,877"/>
                <Baseline points="2183,909 2209,909 2235,909 2261,909 2287,909 2313,908 2339,907 2365,907 2391,906 2417,906 2443,905 2469,905 2495,905 2521,905 2547,905 2573,905 2599,907"/>
                <TextEquiv>
                    <Unicode>Telephon 12801.</Unicode>
                </TextEquiv>
            </TextLine>
            <TextLine id="r2l2" custom="readingOrder {index:1;}">
                <Coords points="1791,1034 3016,1003 3015,956 2917,936 1879,961 1791,1001"/>
                <Baseline points="1799,1015 1859,1014 1919,1014 1980,1013 2040,1012 2101,1011 2161,1010 2221,1009 2282,1007 2342,1006 2403,1005 2463,1003 2523,1002 2584,1000 2644,998 2705,997 2765,996 2825,994 2886,992 2946,991 3007,989"/>
                <TextEquiv>
                    <Unicode>Alex. Weigl’s Unternehmen für Zeitungs-Ausschnitte</Unicode>
                </TextEquiv>
            </TextLine>
            <TextLine id="r2l3" custom="readingOrder {index:2;}">
                <Coords points="1759,1152 2583,1137 2662,1087 3008,1044 3001,994 2746,1053 2640,1019 1753,1087"/>
                <Baseline points="1767,1146 1828,1146 1890,1146 1951,1145 2013,1144 2074,1142 2136,1140 2197,1137 2259,1133 2320,1129 2382,1125 2443,1119 2505,1113 2566,1107 2628,1099 2689,1090 2751,1080 2812,1070 2874,1058 2935,1046 2997,1033"/>
                <TextEquiv>
                    <Unicode>Na10a „OBSERVEP“</Unicode>
                </TextEquiv>
            </TextLine>
            <TextLine id="r2l4" custom="readingOrder {index:3;}">
                <Coords points="2838,1121 2904,1150 2934,1135 2955,1147 2978,1126 3001,1141 3060,1132 3059,1086 3043,1088 3018,1065 2976,1087 2936,1071 2922,1075 2912,1065 2876,1065 2837,1080"/>
                <Baseline points="2847,1125 2872,1125 2898,1126 2923,1125 2949,1125 2974,1124 3000,1124 3025,1123 3051,1123"/>
                <TextEquiv>
                    <Unicode>Nr. 3</Unicode>
                </TextEquiv>
            </TextLine>
            <TextLine id="r2l5" custom="readingOrder {index:4;}">
                <Coords points="2662,1156 2689,1157 2694,1151 2708,1149 2705,1095 2696,1096 2689,1089 2685,1091 2678,1086 2658,1085"/>
                <Baseline points="2670,1128 2698,1127"/>
                <TextEquiv>
                    <Unicode></Unicode>
                </TextEquiv>
            </TextLine>
            <TextLine id="r2l6" custom="readingOrder {index:5;}">
                <Coords points="1689,1219 3126,1196 3125,1153 3035,1143 1688,1178"/>
                <Baseline points="1698,1214 1772,1212 1847,1209 1922,1208 1996,1206 2071,1204 2146,1202 2220,1201 2295,1199 2370,1197 2444,1196 2519,1194 2594,1192 2668,1191 2743,1189 2818,1187 2892,1185 2967,1184 3042,1181 3117,1179"/>
                <TextEquiv>
                    <Unicode>L. österr. behördl. oonc. Bureau für Zeitungsberichte u. Personalnachrichten</Unicode>
                </TextEquiv>
            </TextLine>
            <TextLine id="r2l7" custom="readingOrder {index:6;}">
                <Coords points="1916,1296 2826,1286 2916,1268 2915,1210 2381,1213 2287,1241 1914,1220"/>
                <Baseline points="1925,1275 1974,1275 2023,1274 2072,1273 2121,1272 2170,1271 2219,1270 2269,1268 2318,1267 2367,1266 2416,1265 2465,1263 2514,1262 2563,1261 2613,1260 2662,1259 2711,1259 2760,1259 2809,1259 2858,1260 2908,1261"/>
                <TextEquiv>
                    <Unicode>Wien, IX/, Türkenstrasse 17.</Unicode>
                </TextEquiv>
            </TextLine>
            <TextLine id="r2l8" custom="readingOrder {index:7;}">
                <Coords points="2071,1352 2680,1349 2731,1342 2730,1289 2156,1289 2070,1311"/>
                <Baseline points="2079,1337 2111,1336 2143,1335 2175,1334 2207,1333 2239,1332 2271,1332 2304,1331 2336,1331 2368,1330 2400,1330 2432,1329 2464,1328 2496,1328 2529,1327 2561,1326 2593,1324 2625,1323 2657,1321 2689,1320 2722,1318"/>
                <TextEquiv>
                    <Unicode>— Filiale in Budapest: „Figyelö“ -</Unicode>
                </TextEquiv>
            </TextLine>
            <TextLine id="r2l9" custom="readingOrder {index:8;}">
                <Coords points="1707,1413 3128,1377 3127,1341 3010,1331 1706,1372"/>
                <Baseline points="1715,1405 1785,1403 1855,1402 1925,1400 1996,1398 2066,1397 2136,1395 2206,1393 2277,1391 2347,1390 2417,1388 2487,1386 2558,1384 2628,1383 2698,1381 2768,1380 2839,1378 2909,1377 2979,1376 3049,1375 3120,1374"/>
                <TextEquiv>
                    <Unicode>Vertretungen in Berlin, Chicago, Genf, London, Newyork, Paris, Rom, Stockholm.</Unicode>
                </TextEquiv>
            </TextLine>
            <TextLine id="r2l10" custom="readingOrder {index:9;}">
                <Coords points="2435,1497 2701,1517 2933,1499 2963,1521 3177,1490 3177,1442 3099,1442 3064,1413 2929,1442 2820,1440 2778,1415 2685,1435 2435,1423"/>
                <Baseline points="2443,1491 2479,1491 2515,1491 2551,1491 2588,1492 2624,1492 2660,1492 2696,1492 2733,1493 2769,1493 2805,1493 2841,1494 2878,1494 2914,1494 2950,1495 2986,1495 3023,1495 3059,1495 3095,1495 3131,1496 3168,1496"/>
                <TextEquiv>
                    <Unicode>NeusFresPr823e, Wien</Unicode>
                </TextEquiv>
            </TextLine>
            <TextLine id="r2l11" custom="readingOrder {index:10;}">
                <Coords points="1714,1560 1828,1575 1907,1551 1972,1574 2016,1548 2113,1561 2218,1546 2217,1514 2135,1486 2093,1504 1713,1507"/>
                <Baseline points="1723,1550 1748,1550 1774,1549 1799,1549 1825,1548 1850,1547 1876,1546 1902,1545 1927,1545 1953,1544 1978,1543 2004,1542 2029,1542 2055,1541 2081,1541 2106,1541 2132,1541 2157,1541 2183,1542 2209,1543"/>
                <TextEquiv>
                    <Unicode>Ausschnitt aus:</Unicode>
                </TextEquiv>
            </TextLine>
            <TextLine id="r2l12" custom="readingOrder {index:11;}">
                <Coords points="1997,1679 2027,1683 2060,1663 2080,1671 2160,1643 2231,1672 2248,1655 2334,1659 2347,1653 2343,1580 2284,1582 2247,1604 2174,1585 2127,1599 2105,1589 2092,1604 2065,1595 1994,1637"/>
                <Baseline points="2005,1662 2030,1658 2056,1654 2081,1651 2107,1649 2132,1649 2158,1648 2183,1647 2209,1646 2234,1645 2260,1643 2285,1642 2311,1640 2337,1636"/>
                <TextEquiv>
                    <Unicode>W 100 2</Unicode>
                </TextEquiv>
            </TextLine>
            <TextLine id="r2l13" custom="readingOrder {index:12;}">
                <Coords points="1713,1715 1749,1720 1764,1705 1794,1700 1816,1709 1829,1699 1904,1702 1917,1711 1941,1691 1995,1681 1994,1657 1923,1664 1879,1640 1864,1650 1812,1651 1749,1638 1731,1652 1709,1653"/>
                <Baseline points="1721,1695 1747,1692 1774,1691 1800,1690 1827,1689 1854,1689 1880,1688 1907,1686 1933,1685 1960,1680 1987,1675"/>
                <TextEquiv>
                    <Unicode>vom:</Unicode>
                </TextEquiv>
            </TextLine>
            <TextLine id="r2l14" custom="readingOrder {index:13;}">
                <Coords points="1880,1847 2944,1852 2991,1843 2992,1794 2030,1773 1881,1799"/>
                <Baseline points="1889,1834 1943,1835 1998,1836 2053,1837 2107,1837 2162,1838 2217,1838 2271,1839 2326,1839 2381,1839 2436,1840 2490,1840 2545,1840 2600,1840 2654,1840 2709,1840 2764,1840 2818,1840 2873,1840 2928,1840 2983,1839"/>
                <TextEquiv>
                    <Unicode>[Raimund=Theater.] An dieser Bühne wurde</Unicode>
                </TextEquiv>
            </TextLine>
            <TextLine id="r2l15" custom="readingOrder {index:14;}">
                <Coords points="1778,1896 2951,1897 2991,1854 1926,1856 1871,1816 1778,1825"/>
                <Baseline points="1787,1880 1846,1880 1906,1880 1966,1880 2026,1880 2085,1880 2145,1880 2205,1880 2265,1880 2324,1880 2384,1880 2444,1880 2504,1881 2563,1881 2623,1881 2683,1882 2743,1883 2802,1883 2862,1884 2922,1885 2982,1885"/>
                <TextEquiv>
                    <Unicode>Theute Arthur Schnitzler's „Liebelei“ gegeben. Die Leistung</Unicode>
                </TextEquiv>
            </TextLine>
            <TextLine id="r2l16" custom="readingOrder {index:15;}">
                <Coords points="1802,1935 3004,1933 2910,1884 1803,1892"/>
                <Baseline points="1812,1921 1871,1921 1930,1921 1989,1921 2048,1921 2108,1921 2167,1921 2226,1922 2285,1922 2344,1923 2404,1923 2463,1924 2522,1925 2581,1925 2640,1926 2700,1927 2759,1928 2818,1928 2877,1929 2936,1930 2996,1931"/>
                <TextEquiv>
                    <Unicode>der Niese als Christine ist bekannt und gewürdigt, sie bildet</Unicode>
                </TextEquiv>
            </TextLine>
            <TextLine id="r2l17" custom="readingOrder {index:16;}">
                <Coords points="1799,1971 3007,1959 2869,1925 1799,1928"/>
                <Baseline points="1808,1961 1867,1962 1927,1963 1986,1963 2046,1964 2105,1964 2165,1965 2224,1965 2284,1966 2343,1966 2403,1967 2462,1967 2522,1967 2581,1967 2641,1968 2700,1968 2760,1968 2819,1968 2879,1967 2938,1967 2998,1967"/>
                <TextEquiv>
                    <Unicode>einen scharfen, unbarmherzigen Prüfstein für den — Dichter.</Unicode>
                </TextEquiv>
            </TextLine>
            <TextLine id="r2l18" custom="readingOrder {index:17;}">
                <Coords points="1807,2012 3002,2007 2972,1971 2801,1962 1807,1975"/>
                <Baseline points="1817,2004 1875,2004 1934,2004 1993,2005 2052,2005 2111,2005 2169,2006 2228,2006 2287,2007 2346,2007 2405,2008 2463,2008 2522,2008 2581,2008 2640,2008 2699,2008 2757,2008 2816,2008 2875,2007 2934,2007 2993,2006"/>
                <TextEquiv>
                    <Unicode>In dieser Christine scheidet sich ganz unwillkürlich, wie selbst¬</Unicode>
                </TextEquiv>
            </TextLine>
            <TextLine id="r2l19" custom="readingOrder {index:18;}">
                <Coords points="1803,2044 2999,2075 2975,2011 1803,2016"/>
                <Baseline points="1811,2047 1873,2047 1935,2047 1997,2046 2059,2046 2121,2046 2183,2046 2245,2046 2307,2046 2369,2046 2431,2046 2493,2046 2555,2047 2617,2047 2679,2048 2741,2049 2803,2050 2865,2051 2927,2052 2990,2054"/>
                <TextEquiv>
                    <Unicode>verständlich, das Echte, das Bodenständige, das Wurzelhafte</Unicode>
                </TextEquiv>
            </TextLine>
            <TextLine id="r2l20" custom="readingOrder {index:19;}">
                <Coords points="1809,2089 2975,2113 2992,2074 1810,2048"/>
                <Baseline points="1819,2087 1877,2087 1935,2087 1993,2087 2051,2087 2109,2087 2167,2087 2226,2087 2284,2087 2342,2087 2400,2087 2458,2087 2516,2087 2574,2087 2633,2088 2691,2089 2749,2090 2807,2091 2865,2093 2923,2094 2982,2097"/>
                <TextEquiv>
                    <Unicode>des Charakters von dem Gekünstelten und Anempfundenen,</Unicode>
                </TextEquiv>
            </TextLine>
            <TextLine id="r2l21" custom="readingOrder {index:20;}">
                <Coords points="1810,2128 3005,2147 3005,2104 2888,2090 1810,2108"/>
                <Baseline points="1819,2128 1877,2129 1936,2129 1995,2129 2054,2129 2113,2129 2172,2129 2230,2129 2289,2128 2348,2128 2407,2128 2466,2127 2525,2127 2584,2127 2642,2128 2701,2128 2760,2129 2819,2130 2878,2132 2937,2134 2996,2137"/>
                <TextEquiv>
                    <Unicode>mit dem Schnitzler sein „süßes Mädel“ desgleichen ausgestattet</Unicode>
                </TextEquiv>
            </TextLine>
            <TextLine id="r2l22" custom="readingOrder {index:21;}">
                <Coords points="1808,2169 3013,2172 3013,2140 2754,2125 1808,2132"/>
                <Baseline points="1817,2172 1876,2172 1935,2172 1995,2172 2054,2172 2113,2171 2173,2171 2232,2171 2291,2171 2351,2171 2410,2171 2469,2172 2529,2172 2588,2172 2647,2172 2707,2173 2766,2173 2825,2174 2885,2175 2944,2175 3004,2176"/>
                <TextEquiv>
                    <Unicode>hat. Am stärksten wirkten auch heute die tragischen Accente</Unicode>
                </TextEquiv>
            </TextLine>
            <TextLine id="r2l23" custom="readingOrder {index:22;}">
                <Coords points="1815,2212 3031,2224 3031,2167 1815,2175"/>
                <Baseline points="1823,2214 1882,2213 1942,2212 2002,2212 2062,2212 2122,2212 2182,2212 2242,2212 2302,2213 2362,2213 2422,2214 2481,2215 2541,2215 2601,2216 2661,2216 2721,2217 2781,2217 2841,2217 2901,2217 2961,2217 3021,2216"/>
                <TextEquiv>
                    <Unicode>des Schlußactes. Ueberraschend gut fand sich das übrige?</Unicode>
                </TextEquiv>
            </TextLine>
            <TextLine id="r2l24" custom="readingOrder {index:23;}">
                <Coords points="1813,2240 1973,2271 2903,2255 3041,2294 3042,2218 1813,2226"/>
                <Baseline points="1823,2256 1883,2256 1943,2256 2004,2256 2064,2255 2125,2255 2185,2254 2246,2254 2306,2253 2367,2253 2427,2253 2487,2252 2548,2253 2608,2253 2669,2254 2729,2255 2790,2256 2850,2259 2911,2261 2971,2265 3032,2268"/>
                <TextEquiv>
                    <Unicode>Ensemble des Raimund=Theaters mit dem Werke ab. Nur hie</Unicode>
                </TextEquiv>
            </TextLine>
            <TextLine id="r2l25" custom="readingOrder {index:24;}">
                <Coords points="1803,2287 2998,2307 2976,2259 1803,2252"/>
                <Baseline points="1812,2298 1870,2298 1929,2297 1988,2297 2047,2297 2106,2296 2164,2296 2223,2295 2282,2295 2341,2295 2400,2295 2458,2295 2517,2295 2576,2295 2635,2295 2694,2296 2752,2297 2811,2298 2870,2299 2929,2301 2988,2302"/>
                <TextEquiv>
                    <Unicode>und da mahnte ein überhastetes Tempo, ein verschlucktes Wort</Unicode>
                </TextEquiv>
            </TextLine>
            <TextLine id="r2l26" custom="readingOrder {index:25;}">
                <Coords points="1808,2328 2990,2345 2990,2299 1808,2303"/>
                <Baseline points="1817,2340 1875,2339 1933,2338 1991,2338 2050,2338 2108,2338 2166,2338 2224,2338 2283,2338 2341,2339 2399,2339 2457,2340 2516,2340 2574,2341 2632,2341 2690,2341 2749,2341 2807,2341 2865,2340 2923,2340 2982,2339"/>
                <TextEquiv>
                    <Unicode>an die naturgemäße Verheerung, die das ständige Possen¬</Unicode>
                </TextEquiv>
            </TextLine>
            <TextLine id="r2l27" custom="readingOrder {index:26;}">
                <Coords points="1810,2374 2989,2400 2989,2348 2889,2341 1810,2351"/>
                <Baseline points="1819,2384 1877,2383 1935,2383 1993,2382 2051,2381 2109,2381 2167,2381 2225,2381 2283,2381 2341,2381 2399,2381 2457,2381 2515,2381 2573,2381 2631,2381 2689,2381 2747,2382 2805,2382 2863,2382 2921,2382 2979,2382"/>
                <TextEquiv>
                    <Unicode>Repertoire im Gefolge hat. Fräulein Reingruber, Frau</Unicode>
                </TextEquiv>
            </TextLine>
            <TextLine id="r2l28" custom="readingOrder {index:27;}">
                <Coords points="1830,2424 2215,2445 2649,2411 2984,2445 2984,2389 2911,2385 1830,2384"/>
                <Baseline points="1840,2423 1896,2423 1953,2423 2010,2423 2067,2423 2124,2423 2180,2424 2237,2424 2294,2424 2351,2424 2408,2424 2464,2424 2521,2424 2578,2424 2635,2425 2692,2425 2748,2425 2805,2425 2862,2426 2919,2426 2976,2426"/>
                <TextEquiv>
                    <Unicode>Anatour und Herr Lackner waren mit erfolgreichem</Unicode>
                </TextEquiv>
            </TextLine>
            <TextLine id="r2l29" custom="readingOrder {index:28;}">
                <Coords points="2992,2444 3008,2438 3024,2447 3034,2441 3049,2444 3061,2437 3070,2442 3086,2438 3118,2454 3129,2452 3127,2406 3092,2406 3047,2387 3042,2393 3033,2391 3026,2399 3019,2393 3010,2399 2990,2398"/>
                <Baseline points="3001,2433 3030,2432 3060,2431 3090,2430 3120,2430"/>
                <TextEquiv>
                    <Unicode>asive</Unicode>
                </TextEquiv>
            </TextLine>
            <TextLine id="r2l30" custom="readingOrder {index:29;}">
                <Coords points="1711,2451 1739,2446 1745,2451 1754,2449 1761,2456 1770,2451 1786,2454 1802,2450 1800,2404 1781,2406 1761,2394 1752,2394 1745,2402 1722,2388 1709,2388"/>
                <Baseline points="1719,2439 1756,2437 1793,2437"/>
                <TextEquiv>
                    <Unicode>Für</Unicode>
                </TextEquiv>
            </TextLine>
            <TextLine id="r2l31" custom="readingOrder {index:30;}">
                <Coords points="1817,2451 2988,2467 2988,2430 2651,2416 2301,2452 1817,2428"/>
                <Baseline points="1825,2467 1882,2466 1940,2465 1998,2465 2055,2465 2113,2465 2171,2465 2228,2465 2286,2465 2344,2465 2402,2465 2459,2466 2517,2466 2575,2467 2632,2468 2690,2468 2748,2469 2805,2469 2863,2470 2921,2470 2979,2471"/>
                <TextEquiv>
                    <Unicode>Eifer bei der Sache. .. In der kritischen Scene des ersten</Unicode>
                </TextEquiv>
            </TextLine>
            <TextLine id="r2l32" custom="readingOrder {index:31;}">
                <Coords points="2990,2481 3009,2481 3027,2474 3041,2480 3050,2476 3064,2480 3068,2476 3102,2480 3102,2441 3073,2441 3065,2435 3050,2448 3034,2440 3015,2446 3008,2438 2999,2446 2990,2445"/>
                <Baseline points="2998,2471 3029,2471 3060,2472 3092,2471"/>
                <TextEquiv>
                    <Unicode>rto.</Unicode>
                </TextEquiv>
            </TextLine>
            <TextLine id="r2l33" custom="readingOrder {index:32;}">
                <Coords points="1824,2511 2962,2522 2992,2464 1824,2472"/>
                <Baseline points="1833,2508 1890,2508 1948,2508 2005,2509 2063,2508 2120,2508 2178,2508 2235,2508 2293,2508 2350,2507 2408,2507 2466,2507 2523,2507 2581,2507 2638,2507 2696,2508 2753,2508 2811,2509 2868,2511 2926,2513 2984,2514"/>
                <TextEquiv>
                    <Unicode>Actes, da der betrogene Ehemann das Gelage der jungen</Unicode>
                </TextEquiv>
            </TextLine>
            <TextLine id="r2l34" custom="readingOrder {index:33;}">
                <Coords points="2988,2520 3009,2518 3018,2523 3036,2523 3052,2514 3076,2519 3089,2510 3112,2510 3112,2482 3071,2477 3030,2479 3027,2475 3007,2482 2998,2473 2987,2473"/>
                <Baseline points="2997,2513 3023,2511 3050,2511 3076,2512 3103,2511"/>
                <TextEquiv>
                    <Unicode>lbar</Unicode>
                </TextEquiv>
            </TextLine>
            <TextLine id="r2l35" custom="readingOrder {index:34;}">
                <Coords points="1818,2549 3148,2548 2983,2507 1818,2510"/>
                <Baseline points="1827,2550 1892,2550 1958,2550 2023,2549 2089,2549 2155,2550 2220,2550 2286,2550 2351,2550 2417,2551 2483,2551 2548,2552 2614,2552 2679,2552 2745,2553 2810,2553 2876,2553 2942,2553 3007,2553 3073,2552 3139,2552"/>
                <TextEquiv>
                    <Unicode>Leute und der beiden süßen Mädel stört, mag Dieser oder) oraas.</Unicode>
                </TextEquiv>
            </TextLine>
            <TextLine id="r2l36" custom="readingOrder {index:35;}">
                <Coords points="1825,2592 2982,2596 2982,2559 2908,2578 2867,2545 1825,2559"/>
                <Baseline points="1833,2592 1890,2592 1947,2593 2004,2593 2061,2594 2118,2594 2175,2594 2232,2594 2289,2594 2346,2594 2403,2594 2460,2593 2517,2593 2574,2594 2631,2594 2688,2594 2745,2595 2802,2595 2859,2596 2916,2598 2974,2599"/>
                <TextEquiv>
                    <Unicode>Jener sich der Urpremière der „Liebelei“ im Burgtheater er¬</Unicode>
                </TextEquiv>
            </TextLine>
            <TextLine id="r2l37" custom="readingOrder {index:36;}">
                <Coords points="1819,2634 2852,2649 3122,2628 3163,2589 1819,2606"/>
                <Baseline points="1828,2637 1894,2635 1960,2634 2026,2633 2093,2633 2159,2633 2225,2634 2291,2635 2358,2635 2424,2636 2490,2637 2556,2637 2623,2638 2689,2637 2755,2637 2821,2635 2888,2633 2954,2630 3020,2627 3086,2622 3153,2616"/>
                <TextEquiv>
                    <Unicode>innert haben, als Mitterwurzer diese Rolle, die kaum ein ist das</Unicode>
                </TextEquiv>
            </TextLine>
            <TextLine id="r2l38" custom="readingOrder {index:37;}">
                <Coords points="2998,2670 3012,2666 3030,2673 3074,2665 3089,2670 3096,2666 3105,2673 3112,2666 3142,2662 3151,2670 3174,2666 3173,2641 3158,2645 3132,2626 3093,2622 3070,2636 3040,2630 3026,2637 2998,2634"/>
                <Baseline points="3007,2657 3033,2658 3059,2658 3086,2657 3112,2656 3138,2656 3165,2655"/>
                <TextEquiv>
                    <Unicode>es den</Unicode>
                </TextEquiv>
            </TextLine>
            <TextLine id="r2l39" custom="readingOrder {index:38;}">
                <Coords points="1735,2697 2958,2686 2997,2636 1735,2649"/>
                <Baseline points="1743,2684 1805,2682 1867,2680 1929,2679 1992,2678 2054,2678 2116,2677 2178,2677 2241,2677 2303,2677 2365,2678 2427,2678 2490,2678 2552,2678 2614,2678 2676,2678 2739,2678 2801,2678 2863,2677 2925,2676 2988,2675"/>
                <TextEquiv>
                    <Unicode>Abor Dutzend Sätze enthält, spielte. Wie er das Zimmer betrat, mit</Unicode>
                </TextEquiv>
            </TextLine>
            <TextLine id="r2l40" custom="readingOrder {index:39;}">
                <Coords points="1729,2728 2988,2733 2988,2682 1729,2695"/>
                <Baseline points="1738,2722 1800,2721 1862,2720 1924,2719 1986,2719 2048,2719 2110,2718 2172,2718 2234,2718 2296,2718 2358,2718 2420,2718 2482,2718 2544,2719 2606,2719 2668,2720 2730,2720 2792,2721 2854,2721 2916,2722 2978,2722"/>
                <TextEquiv>
                    <Unicode>Abor verkniffenem Mund, den Rockkragen aufgestülpt, die Hände tief</Unicode>
                </TextEquiv>
            </TextLine>
            <TextLine id="r2l41" custom="readingOrder {index:40;}">
                <Coords points="1817,2754 2990,2778 2990,2735 2919,2719 1817,2733"/>
                <Baseline points="1825,2762 1882,2761 1940,2761 1998,2760 2056,2760 2114,2760 2172,2760 2229,2760 2287,2760 2345,2760 2403,2760 2461,2760 2519,2760 2577,2761 2634,2761 2692,2762 2750,2763 2808,2763 2866,2764 2924,2765 2982,2766"/>
                <TextEquiv>
                    <Unicode>in die Taschen des Ueberziehers vergraben, da genugte sein</Unicode>
                </TextEquiv>
            </TextLine>
            <TextLine id="r2l42" custom="readingOrder {index:41;}">
                <Coords points="2994,2790 3008,2795 3015,2789 3045,2790 3052,2795 3080,2784 3102,2794 3144,2787 3173,2792 3172,2753 3145,2754 3113,2733 3078,2747 3056,2751 3051,2746 3041,2756 3030,2750 3019,2759 2993,2759"/>
                <Baseline points="3003,2783 3029,2783 3056,2782 3083,2782 3109,2781 3136,2780 3163,2779"/>
                <TextEquiv>
                    <Unicode>end die</Unicode>
                </TextEquiv>
            </TextLine>
            <TextLine id="r2l43" custom="readingOrder {index:42;}">
                <Coords points="1817,2802 2989,2799 2989,2764 1817,2756"/>
                <Baseline points="1827,2801 1884,2802 1942,2802 1999,2803 2057,2803 2115,2803 2172,2803 2230,2803 2288,2803 2345,2803 2403,2803 2461,2803 2518,2803 2576,2803 2634,2803 2691,2803 2749,2803 2807,2803 2864,2803 2922,2803 2980,2803"/>
                <TextEquiv>
                    <Unicode>Erscheinen, um den Zuschauer in jene athemraubende, be¬</Unicode>
                </TextEquiv>
            </TextLine>
            <TextLine id="r2l44" custom="readingOrder {index:43;}">
                <Coords points="3008,2832 3034,2826 3060,2837 3095,2832 3107,2822 3154,2826 3162,2816 3172,2816 3171,2794 3153,2797 3117,2789 3102,2798 3088,2786 3052,2795 3005,2786"/>
                <Baseline points="3017,2824 3046,2825 3075,2823 3104,2820 3133,2817 3163,2815"/>
                <TextEquiv>
                    <Unicode>rgen¬</Unicode>
                </TextEquiv>
            </TextLine>
            <TextLine id="r2l45" custom="readingOrder {index:44;}">
                <Coords points="3097,2849 3108,2847 3117,2851 3126,2849 3131,2854 3135,2852 3149,2865 3151,2863 3152,2865 3163,2865 3163,2833 3154,2833 3149,2828 3142,2828 3135,2824 3117,2826 3110,2833 3097,2831"/>
                <Baseline points="3107,2843 3155,2843"/>
                <TextEquiv>
                    <Unicode>**</Unicode>
                </TextEquiv>
            </TextLine>
            <TextLine id="r2l46" custom="readingOrder {index:45;}">
                <Coords points="1731,2842 2979,2854 2979,2806 2920,2801 1731,2817"/>
                <Baseline points="1739,2845 1800,2845 1862,2845 1923,2845 1985,2846 2046,2846 2108,2845 2169,2845 2231,2845 2292,2845 2354,2845 2415,2845 2477,2845 2538,2844 2600,2844 2661,2844 2723,2844 2784,2844 2846,2843 2907,2843 2969,2843"/>
                <TextEquiv>
                    <Unicode>Inha klemmende Sicherheit zu versetzen, daß die Schicksalswürfel</Unicode>
                </TextEquiv>
            </TextLine>
            <TextLine id="r2l47" custom="readingOrder {index:46;}">
                <Coords points="2999,2874 3030,2874 3051,2863 3062,2869 3086,2865 3097,2874 3115,2865 3147,2871 3147,2846 3117,2842 3104,2830 3056,2837 3046,2828 3033,2826 2999,2835"/>
                <Baseline points="3009,2862 3034,2861 3060,2859 3085,2858 3111,2859 3137,2865"/>
                <TextEquiv>
                    <Unicode>eitung</Unicode>
                </TextEquiv>
            </TextLine>
            <TextLine id="r2l48" custom="readingOrder {index:47;}">
                <Coords points="1737,2907 2898,2906 2976,2896 2976,2851 1737,2855"/>
                <Baseline points="1745,2886 1806,2887 1867,2888 1928,2888 1989,2889 2050,2889 2111,2889 2172,2889 2233,2889 2294,2889 2356,2888 2417,2888 2478,2888 2539,2887 2600,2887 2661,2887 2722,2887 2783,2886 2844,2886 2905,2887 2967,2887"/>
                <TextEquiv>
                    <Unicode>blädes Helden gefallen seien. ... Als Lever de rideau wurde</Unicode>
                </TextEquiv>
            </TextLine>
            <TextLine id="r2l49" custom="readingOrder {index:48;}">
                <Coords points="2985,2915 3005,2918 3024,2906 3042,2911 3077,2902 3129,2902 3141,2909 3155,2897 3173,2898 3172,2866 3128,2874 3115,2865 3101,2875 3085,2865 3062,2871 3052,2863 3025,2874 2983,2860"/>
                <Baseline points="2994,2900 3022,2898 3050,2898 3078,2897 3106,2897 3134,2894 3163,2891"/>
                <TextEquiv>
                    <Unicode>laftliche</Unicode>
                </TextEquiv>
            </TextLine>
            <TextLine id="r2l50" custom="readingOrder {index:49;}">
                <Coords points="1737,2925 2991,2944 2981,2886 1737,2896"/>
                <Baseline points="1745,2927 1806,2928 1868,2929 1930,2930 1992,2930 2054,2931 2116,2931 2177,2931 2239,2931 2301,2931 2363,2931 2425,2931 2487,2930 2549,2930 2610,2930 2672,2930 2734,2929 2796,2929 2858,2929 2920,2929 2982,2929"/>
                <TextEquiv>
                    <Unicode>wock heute am Raimund=Theater eine einactige Harmlosigkeit von</Unicode>
                </TextEquiv>
            </TextLine>
            <TextLine id="r2l51" custom="readingOrder {index:50;}">
                <Coords points="2997,2944 3018,2948 3024,2942 3043,2943 3072,2962 3098,2950 3140,2961 3150,2949 3178,2948 3177,2907 3138,2909 3109,2901 3075,2903 3056,2911 2996,2912"/>
                <Baseline points="3005,2937 3032,2938 3059,2938 3087,2937 3114,2935 3141,2933 3169,2931"/>
                <TextEquiv>
                    <Unicode>ese Mit¬</Unicode>
                </TextEquiv>
            </TextLine>
            <TextLine id="r2l52" custom="readingOrder {index:51;}">
                <Coords points="1735,2971 2994,2986 2994,2944 2932,2929 1735,2930"/>
                <Baseline points="1744,2964 1806,2966 1868,2968 1930,2970 1992,2971 2054,2972 2116,2973 2178,2973 2240,2973 2302,2974 2364,2974 2426,2974 2488,2974 2550,2973 2612,2973 2674,2973 2736,2973 2798,2972 2860,2972 2922,2972 2984,2972"/>
                <TextEquiv>
                    <Unicode>Lebe Beatrice Dovsky, „Olga's Spitzbube“, gegeben. Die Autorin,</Unicode>
                </TextEquiv>
            </TextLine>
            <TextLine id="r2l53" custom="readingOrder {index:52;}">
                <Coords points="1730,3016 2884,3037 2997,3034 2998,2988 1730,2971"/>
                <Baseline points="1739,3002 1801,3005 1864,3008 1926,3011 1989,3013 2051,3014 2114,3016 2176,3016 2239,3017 2301,3017 2364,3017 2426,3016 2489,3016 2551,3016 2614,3015 2676,3015 2739,3015 2801,3015 2864,3015 2926,3015 2989,3016"/>
                <TextEquiv>
                    <Unicode>theil die sich bereits wiederholt im Lustspiel nicht ohne Erfolg ver¬</Unicode>
                </TextEquiv>
            </TextLine>
            <TextLine id="r2l54" custom="readingOrder {index:53;}">
                <Coords points="1825,3063 2956,3070 3002,3056 3002,3003 1825,3020"/>
                <Baseline points="1834,3060 1892,3060 1950,3060 2008,3060 2066,3060 2124,3060 2182,3060 2240,3060 2298,3060 2356,3060 2414,3060 2472,3059 2530,3059 2588,3059 2646,3059 2704,3059 2762,3059 2820,3058 2878,3058 2936,3057 2994,3056"/>
                <TextEquiv>
                    <Unicode>sucht hat, wirkte heute selbst als Darstellerin mit. Ihr</Unicode>
                </TextEquiv>
            </TextLine>
            <TextLine id="r2l55" custom="readingOrder {index:54;}">
                <Coords points="1822,3086 2049,3120 3010,3103 2990,3054 1822,3063"/>
                <Baseline points="1831,3100 1889,3100 1947,3100 2006,3100 2064,3099 2123,3099 2181,3100 2240,3100 2298,3100 2357,3100 2415,3100 2473,3100 2532,3100 2590,3100 2649,3101 2707,3101 2766,3101 2824,3101 2883,3101 2941,3101 3000,3101"/>
                <TextEquiv>
                    <Unicode>Schwank spielt in der „nächsten Zukunft", und Fräulein</Unicode>
                </TextEquiv>
            </TextLine>
            <TextLine id="r2l56" custom="readingOrder {index:55;}">
                <Coords points="1829,3140 3013,3153 2990,3101 1829,3108"/>
                <Baseline points="1838,3137 1896,3139 1954,3139 2012,3140 2071,3141 2129,3141 2187,3141 2246,3141 2304,3141 2362,3141 2421,3141 2479,3141 2537,3141 2595,3141 2654,3141 2712,3141 2770,3141 2829,3141 2887,3141 2945,3142 3004,3142"/>
                <TextEquiv>
                    <Unicode>Dovsky verkörpert den ersten weiblichen Vertheidiger in</Unicode>
                </TextEquiv>
            </TextLine>
            <TextLine id="r2l57" custom="readingOrder {index:56;}">
                <Coords points="1824,3198 3012,3208 3012,3149 2927,3137 2052,3164 1824,3134"/>
                <Baseline points="1833,3183 1891,3184 1950,3185 2008,3185 2067,3185 2125,3185 2184,3185 2242,3185 2301,3184 2359,3184 2418,3184 2476,3183 2535,3183 2593,3182 2652,3182 2710,3182 2769,3182 2827,3182 2886,3183 2944,3184 3003,3185"/>
                <TextEquiv>
                    <Unicode>Strafsachen, dessen Beredtsamkeit einem Spitzbuben den Frei¬</Unicode>
                </TextEquiv>
            </TextLine>
            <TextLine id="r2l58" custom="readingOrder {index:57;}">
                <Coords points="1833,3231 2898,3221 3000,3249 3000,3197 2934,3185 1833,3194"/>
                <Baseline points="1843,3229 1900,3228 1957,3228 2015,3228 2072,3227 2130,3227 2187,3226 2244,3226 2302,3226 2359,3226 2417,3225 2474,3225 2531,3225 2589,3225 2646,3225 2704,3225 2761,3226 2818,3226 2876,3227 2933,3227 2991,3228"/>
                <TextEquiv>
                    <Unicode>spruch und die Freiheit verschafft hat. Der Spitzbube wird von</Unicode>
                </TextEquiv>
            </TextLine>
            <TextLine id="r2l59" custom="readingOrder {index:58;}">
                <Coords points="1834,3277 2993,3288 2993,3247 2897,3220 1834,3237"/>
                <Baseline points="1843,3270 1900,3270 1957,3269 2014,3269 2071,3268 2128,3268 2185,3267 2242,3267 2299,3267 2356,3267 2414,3266 2471,3266 2528,3266 2585,3266 2642,3266 2699,3266 2756,3266 2813,3266 2870,3266 2927,3266 2985,3266"/>
                <TextEquiv>
                    <Unicode>seinem Anwalt und dessen Mann, der natürlich das Kind</Unicode>
                </TextEquiv>
            </TextLine>
            <TextLine id="r2l60" custom="readingOrder {index:59;}">
                <Coords points="1824,3313 2999,3331 2999,3286 2884,3267 1824,3270"/>
                <Baseline points="1834,3315 1891,3313 1949,3312 2007,3312 2065,3311 2123,3310 2181,3310 2238,3310 2296,3309 2354,3309 2412,3309 2470,3309 2528,3309 2586,3310 2643,3310 2701,3310 2759,3310 2817,3311 2875,3311 2933,3311 2991,3311"/>
                <TextEquiv>
                    <Unicode>wiegen und die Wirthschaft besorgen muß, zu Tisch geladen.</Unicode>
                </TextEquiv>
            </TextLine>
            <TextLine id="r2l61" custom="readingOrder {index:60;}">
                <Coords points="1825,3360 2998,3354 2909,3310 1825,3313"/>
                <Baseline points="1834,3354 1891,3354 1949,3354 2007,3354 2065,3353 2122,3353 2180,3353 2238,3352 2296,3352 2353,3351 2411,3351 2469,3351 2527,3350 2584,3350 2642,3350 2700,3350 2758,3350 2815,3351 2873,3351 2931,3352 2989,3353"/>
                <TextEquiv>
                    <Unicode>Das gibt eine ganz nette Soloscene des Herrn Thaller,</Unicode>
                </TextEquiv>
            </TextLine>
            <TextLine id="r2l62" custom="readingOrder {index:61;}">
                <Coords points="1821,3400 3001,3421 2990,3355 1821,3359"/>
                <Baseline points="1830,3397 1888,3397 1946,3396 2004,3396 2062,3395 2120,3395 2178,3395 2237,3394 2295,3394 2353,3394 2411,3394 2469,3393 2527,3393 2585,3393 2644,3393 2702,3393 2760,3393 2818,3393 2876,3393 2934,3393 2993,3393"/>
                <TextEquiv>
                    <Unicode>die vom Publicum mit freundlichem Beifall ausgenommen</Unicode>
                </TextEquiv>
            </TextLine>
            <TextLine id="r2l63" custom="readingOrder {index:62;}">
                <Coords points="1825,3450 2680,3458 3005,3446 3005,3410 1824,3400"/>
                <Baseline points="1834,3441 1892,3439 1950,3438 2008,3437 2066,3436 2124,3435 2182,3435 2241,3435 2299,3435 2357,3434 2415,3434 2473,3434 2531,3434 2589,3434 2648,3434 2706,3434 2764,3434 2822,3434 2880,3433 2938,3432 2997,3431"/>
                <TextEquiv>
                    <Unicode>wurde. Zum Schlusse schleudert der Dieb dem weiblichen Ver¬</Unicode>
                </TextEquiv>
            </TextLine>
            <TextLine id="r2l64" custom="readingOrder {index:63;}">
                <Coords points="1814,3478 2993,3485 2993,3442 2890,3430 1814,3445"/>
                <Baseline points="1823,3482 1881,3481 1939,3480 1997,3479 2055,3478 2113,3478 2171,3478 2229,3477 2287,3477 2345,3477 2404,3477 2462,3477 2520,3477 2578,3477 2636,3477 2694,3476 2752,3476 2810,3475 2868,3475 2926,3474 2985,3473"/>
                <TextEquiv>
                    <Unicode>theidiger das Geständniß seiner Schuld und außerdem den</Unicode>
                </TextEquiv>
            </TextLine>
            <TextLine id="r2l65" custom="readingOrder {index:64;}">
                <Coords points="1829,3527 2970,3530 2998,3473 1829,3476"/>
                <Baseline points="1838,3524 1895,3522 1953,3521 2010,3520 2068,3519 2125,3519 2183,3518 2240,3518 2298,3518 2355,3518 2413,3518 2471,3519 2528,3519 2586,3519 2643,3519 2701,3519 2758,3518 2816,3518 2873,3517 2931,3516 2989,3515"/>
                <TextEquiv>
                    <Unicode>blutigen Vorwurf ins Gesicht, Frau Doctor habe gefärbtes</Unicode>
                </TextEquiv>
            </TextLine>
            <TextLine id="r2l66" custom="readingOrder {index:65;}">
                <Coords points="1838,3569 3004,3560 3004,3525 2952,3519 1838,3525"/>
                <Baseline points="1847,3567 1904,3566 1961,3563 2019,3562 2076,3561 2134,3560 2191,3560 2248,3559 2306,3559 2363,3559 2421,3559 2478,3559 2535,3560 2593,3560 2650,3560 2708,3560 2765,3560 2822,3561 2880,3560 2937,3560 2995,3560"/>
                <TextEquiv>
                    <Unicode>Haar, und weinend sinkt die Unglückliche ihrem geduldigen</Unicode>
                </TextEquiv>
            </TextLine>
            <TextLine id="r2l67" custom="readingOrder {index:66;}">
                <Coords points="1837,3613 2850,3619 2999,3611 2999,3569 1836,3571"/>
                <Baseline points="1845,3603 1902,3604 1959,3604 2016,3604 2074,3604 2131,3603 2188,3603 2245,3602 2303,3601 2360,3601 2417,3600 2474,3599 2532,3598 2589,3598 2646,3597 2703,3597 2761,3597 2818,3598 2875,3599 2932,3600 2990,3602"/>
                <TextEquiv>
                    <Unicode>Gatten in die auffangbereiten Arme. An Beifall mangelte es</Unicode>
                </TextEquiv>
            </TextLine>
            <TextLine id="r2l68" custom="readingOrder {index:67;}">
                <Coords points="1835,3653 2924,3659 3004,3647 3004,3606 1835,3614"/>
                <Baseline points="1843,3647 1900,3646 1958,3645 2015,3644 2073,3643 2131,3643 2188,3642 2246,3642 2304,3642 2361,3641 2419,3642 2477,3642 2534,3642 2592,3643 2650,3643 2707,3644 2765,3645 2823,3646 2880,3647 2938,3648 2996,3649"/>
                <TextEquiv>
                    <Unicode>nicht, und der — Lorbeerkränze waren so viele und so große,</Unicode>
                </TextEquiv>
            </TextLine>
            <TextLine id="r2l69" custom="readingOrder {index:68;}">
                <Coords points="1822,3698 2417,3683 2538,3719 2747,3686 2944,3720 3013,3708 3014,3648 1822,3659"/>
                <Baseline points="1832,3689 1890,3687 1949,3685 2007,3683 2066,3682 2125,3682 2183,3681 2242,3681 2300,3681 2359,3681 2418,3681 2476,3682 2535,3683 2593,3683 2652,3684 2711,3685 2769,3686 2828,3687 2886,3688 2945,3689 3004,3690"/>
                <TextEquiv>
                    <Unicode>daß Autorin und Darstellerin Beide auf ihre Rechnung ge¬</Unicode>
                </TextEquiv>
            </TextLine>
            <TextLine id="r2l70" custom="readingOrder {index:69;}">
                <Coords points="1820,3750 1862,3736 1893,3750 1915,3733 1942,3747 1981,3731 2024,3746 2097,3739 2164,3752 2259,3716 2259,3694 2046,3687 1998,3703 1932,3681 1907,3701 1819,3696"/>
                <Baseline points="1829,3727 1855,3730 1881,3731 1908,3731 1934,3731 1960,3731 1987,3729 2013,3729 2040,3727 2066,3726 2092,3725 2119,3723 2145,3723 2171,3722 2198,3722 2224,3723 2251,3725"/>
                <TextEquiv>
                    <Unicode>kommen sein dürften.</Unicode>
                </TextEquiv>
            </TextLine>
            <TextEquiv>
                <Unicode>Telephon 12801.
Alex. Weigl’s Unternehmen für Zeitungs-Ausschnitte
Na10a „OBSERVEP“
Nr. 3

L. österr. behördl. oonc. Bureau für Zeitungsberichte u. Personalnachrichten
Wien, IX/, Türkenstrasse 17.
— Filiale in Budapest: „Figyelö“ -
Vertretungen in Berlin, Chicago, Genf, London, Newyork, Paris, Rom, Stockholm.
NeusFresPr823e, Wien
Ausschnitt aus:
W 100 2
vom:
[Raimund=Theater.] An dieser Bühne wurde
Theute Arthur Schnitzler's „Liebelei“ gegeben. Die Leistung
der Niese als Christine ist bekannt und gewürdigt, sie bildet
einen scharfen, unbarmherzigen Prüfstein für den — Dichter.
In dieser Christine scheidet sich ganz unwillkürlich, wie selbst¬
verständlich, das Echte, das Bodenständige, das Wurzelhafte
des Charakters von dem Gekünstelten und Anempfundenen,
mit dem Schnitzler sein „süßes Mädel“ desgleichen ausgestattet
hat. Am stärksten wirkten auch heute die tragischen Accente
des Schlußactes. Ueberraschend gut fand sich das übrige?
Ensemble des Raimund=Theaters mit dem Werke ab. Nur hie
und da mahnte ein überhastetes Tempo, ein verschlucktes Wort
an die naturgemäße Verheerung, die das ständige Possen¬
Repertoire im Gefolge hat. Fräulein Reingruber, Frau
Anatour und Herr Lackner waren mit erfolgreichem
asive
Für
Eifer bei der Sache. .. In der kritischen Scene des ersten
rto.
Actes, da der betrogene Ehemann das Gelage der jungen
lbar
Leute und der beiden süßen Mädel stört, mag Dieser oder) oraas.
Jener sich der Urpremière der „Liebelei“ im Burgtheater er¬
innert haben, als Mitterwurzer diese Rolle, die kaum ein ist das
es den
Abor Dutzend Sätze enthält, spielte. Wie er das Zimmer betrat, mit
Abor verkniffenem Mund, den Rockkragen aufgestülpt, die Hände tief
in die Taschen des Ueberziehers vergraben, da genugte sein
end die
Erscheinen, um den Zuschauer in jene athemraubende, be¬
rgen¬
**
Inha klemmende Sicherheit zu versetzen, daß die Schicksalswürfel
eitung
blädes Helden gefallen seien. ... Als Lever de rideau wurde
laftliche
wock heute am Raimund=Theater eine einactige Harmlosigkeit von
ese Mit¬
Lebe Beatrice Dovsky, „Olga's Spitzbube“, gegeben. Die Autorin,
theil die sich bereits wiederholt im Lustspiel nicht ohne Erfolg ver¬
sucht hat, wirkte heute selbst als Darstellerin mit. Ihr
Schwank spielt in der „nächsten Zukunft", und Fräulein
Dovsky verkörpert den ersten weiblichen Vertheidiger in
Strafsachen, dessen Beredtsamkeit einem Spitzbuben den Frei¬
spruch und die Freiheit verschafft hat. Der Spitzbube wird von
seinem Anwalt und dessen Mann, der natürlich das Kind
wiegen und die Wirthschaft besorgen muß, zu Tisch geladen.
Das gibt eine ganz nette Soloscene des Herrn Thaller,
die vom Publicum mit freundlichem Beifall ausgenommen
wurde. Zum Schlusse schleudert der Dieb dem weiblichen Ver¬
theidiger das Geständniß seiner Schuld und außerdem den
blutigen Vorwurf ins Gesicht, Frau Doctor habe gefärbtes
Haar, und weinend sinkt die Unglückliche ihrem geduldigen
Gatten in die auffangbereiten Arme. An Beifall mangelte es
nicht, und der — Lorbeerkränze waren so viele und so große,
daß Autorin und Darstellerin Beide auf ihre Rechnung ge¬
kommen sein dürften.</Unicode>
            </TextEquiv>
        </TextRegion>
    </Page>
</PcGts>
