<?xml version="1.0" encoding="UTF-8" standalone="yes"?>
<PcGts xmlns="http://schema.primaresearch.org/PAGE/gts/pagecontent/2013-07-15" xmlns:xsi="http://www.w3.org/2001/XMLSchema-instance" xsi:schemaLocation="http://schema.primaresearch.org/PAGE/gts/pagecontent/2013-07-15 http://schema.primaresearch.org/PAGE/gts/pagecontent/2013-07-15/pagecontent.xsd">
    <Metadata>
        <Creator>prov=University of Rostock/Institute of Mathematics/CITlab/Gundram Leifert/gundram.leifert@uni-rostock.de:name=ONB_Newseye_GT_M1+(htr_id=10810)::::v=2.4.2
prov=University of Rostock/Institute of Mathematics/CITlab/Tobias Gruening/tobias.gruening@uni-rostock.de:name=de.uros.citlab.module.baseline2polygon.B2PSeamMultiOriented:v=2.4.2
prov=University of Rostock/Institute of Mathematics/CITlab/Tobias Gruening/tobias.gruening@uni-rostock.de:name=/mnt/transkribus/LA/DEA/URO/LA_news_onb_att.pb:de.uros.citlab.segmentation.CITlab_LA_ML:v=2.4.2
Transkribus</Creator>
        <Created>2019-10-07T12:03:56.256+02:00</Created>
        <LastChange>2019-10-09T19:35:49.656+02:00</LastChange>
        <TranskribusMetadata docId="223992" pageId="9510006" pageNr="1813" tsid="16685066" status="IN_PROGRESS" userId="40391" imgUrl="https://files.transkribus.eu/Get?id=YNPHOYVEKTZXNWBBFZVNVTWX&amp;fileType=view" xmlUrl="https://files.transkribus.eu/Get?id=APAPUUCUSSOBKEYJYGCQRGUY" imageId="6198708"/>
    </Metadata>
    <Page imageFilename="223992_1813.jpeg" imageWidth="3344" imageHeight="4224">
        <ReadingOrder>
            <OrderedGroup id="ro_1711446481258" caption="Regions reading order">
                <RegionRefIndexed index="0" regionRef="r1"/>
                <RegionRefIndexed index="1" regionRef="r2"/>
                <RegionRefIndexed index="2" regionRef="r3"/>
            </OrderedGroup>
        </ReadingOrder>
        <TextRegion orientation="0.0" id="r1" custom="readingOrder {index:0;}">
            <Coords points="277,154 277,212 682,212 682,154"/>
            <TextLine id="r1l1" custom="readingOrder {index:0;}">
                <Coords points="293,183 645,191 688,182 688,162 639,141 591,139 562,119 501,138 454,116 414,141 374,143 323,122 293,126"/>
                <Baseline points="298,177 323,176 349,175 374,175 400,174 426,174 451,174 477,175 502,175 528,176 554,176 579,176 605,177 630,178 656,178 682,178"/>
                <TextEquiv>
                    <Unicode>Lrebeler</Unicode>
                </TextEquiv>
            </TextLine>
            <TextLine id="r1l2" custom="readingOrder {index:1;}">
                <Coords points="271,218 321,206 471,236 554,207 613,219 684,205 685,181 271,175"/>
                <Baseline points="277,193 302,195 327,196 352,196 377,197 402,198 427,199 452,199 478,200 503,200 528,201 553,201 578,201 603,201 628,201 653,202 679,202"/>
                <TextEquiv>
                    <Unicode></Unicode>
                </TextEquiv>
            </TextLine>
            <TextEquiv>
                <Unicode>Lrebeler
</Unicode>
            </TextEquiv>
        </TextRegion>
        <TextRegion orientation="0.0" id="r2" custom="readingOrder {index:1;}">
            <Coords points="848,81 848,241 1266,241 1266,81"/>
            <TextLine id="r2l1" custom="readingOrder {index:0;}">
                <Coords points="843,187 1198,201 1272,187 1273,140 1250,147 1211,125 1148,141 1088,123 1022,148 978,131 893,146 844,119"/>
                <Baseline points="848,181 874,181 900,183 926,184 952,185 978,186 1004,188 1030,188 1057,189 1083,190 1109,191 1135,191 1161,191 1187,191 1213,190 1239,190 1266,188"/>
                <TextEquiv>
                    <Unicode>box 13/5</Unicode>
                </TextEquiv>
            </TextLine>
            <TextEquiv>
                <Unicode>box 13/5</Unicode>
            </TextEquiv>
        </TextRegion>
        <TextRegion orientation="0.0" id="r3" custom="readingOrder {index:2;}">
            <Coords points="1920,230 1920,4071 2853,4071 2853,230"/>
            <TextLine id="r3l1" custom="readingOrder {index:0;}">
                <Coords points="1917,246 2296,276 2737,255 2737,223 2666,180 1999,187 1917,221"/>
                <Baseline points="1923,256 1963,256 2003,257 2044,257 2084,257 2125,257 2165,257 2206,256 2246,256 2287,256 2327,255 2367,255 2408,255 2448,254 2489,254 2529,254 2570,253 2610,253 2651,253 2691,253 2732,253"/>
                <TextEquiv>
                    <Unicode>„OBSERVER</Unicode>
                </TextEquiv>
            </TextLine>
            <TextLine id="r3l2" custom="readingOrder {index:1;}">
                <Coords points="2017,318 2620,320 2689,307 2689,267 2515,265 2455,285 2017,272"/>
                <Baseline points="2023,306 2056,307 2089,307 2122,307 2155,308 2188,308 2221,308 2254,308 2287,309 2320,309 2353,309 2386,309 2419,308 2452,308 2485,308 2518,308 2551,307 2584,307 2617,307 2650,306 2683,306"/>
                <TextEquiv>
                    <Unicode>I. österr. behördl. konzessioniertes</Unicode>
                </TextEquiv>
            </TextLine>
            <TextLine id="r3l3" custom="readingOrder {index:2;}">
                <Coords points="1976,356 2578,371 2729,342 2729,297 2578,333 1976,315"/>
                <Baseline points="1981,354 2018,355 2055,355 2092,355 2129,356 2166,356 2203,357 2241,357 2278,357 2315,358 2352,358 2389,358 2426,358 2463,358 2501,357 2538,357 2575,356 2612,355 2649,354 2686,354 2724,352"/>
                <TextEquiv>
                    <Unicode>Unternehmen für Zeitungs-Ausschnitte</Unicode>
                </TextEquiv>
            </TextLine>
            <TextLine id="r3l4" custom="readingOrder {index:3;}">
                <Coords points="2045,418 2110,437 2204,421 2248,437 2280,420 2357,437 2559,419 2641,434 2641,395 2533,361 2479,382 2045,381"/>
                <Baseline points="2051,416 2080,418 2109,419 2138,419 2167,420 2197,420 2226,420 2255,420 2284,420 2313,420 2343,420 2372,420 2401,420 2430,419 2459,419 2489,419 2518,419 2547,419 2576,419 2605,419 2635,420"/>
                <TextEquiv>
                    <Unicode>WIEN, I., WOLLZEILE 11</Unicode>
                </TextEquiv>
            </TextLine>
            <TextLine id="r3l5" custom="readingOrder {index:4;}">
                <Coords points="2111,462 2150,485 2361,471 2548,482 2591,469 2591,445 2559,434 2111,438"/>
                <Baseline points="2117,473 2143,473 2169,473 2195,472 2221,472 2247,472 2273,471 2299,471 2325,470 2351,470 2377,470 2403,470 2429,470 2455,470 2481,470 2507,471 2533,471 2559,472 2585,473"/>
                <TextEquiv>
                    <Unicode>TELEPHON R-23-0-43</Unicode>
                </TextEquiv>
            </TextLine>
            <TextLine id="r3l6" custom="readingOrder {index:5;}">
                <Coords points="1918,612 2268,620 2303,613 2303,569 2276,578 2240,559 2182,577 2105,559 1999,578 1952,562 1917,568"/>
                <Baseline points="1923,604 1949,604 1976,604 2003,604 2029,604 2056,603 2083,603 2110,602 2136,602 2163,602 2190,601 2216,601 2243,601 2270,602 2297,603"/>
                <TextEquiv>
                    <Unicode>Ausschnitt aus:</Unicode>
                </TextEquiv>
            </TextLine>
            <TextLine id="r3l7" custom="readingOrder {index:6;}">
                <Coords points="2253,756 2276,760 2303,740 2379,735 2432,749 2460,736 2483,742 2505,726 2583,724 2579,671 2532,661 2514,669 2455,651 2410,680 2373,667 2319,689 2262,675 2246,682"/>
                <Baseline points="2257,739 2283,738 2310,738 2337,736 2363,734 2390,732 2417,729 2443,726 2470,723 2497,721 2523,719 2550,716 2577,715"/>
                <TextEquiv>
                    <Unicode>Der Tag, Wien</Unicode>
                </TextEquiv>
            </TextLine>
            <TextLine id="r3l8" custom="readingOrder {index:7;}">
                <Coords points="2177,823 2251,838 2292,828 2311,811 2376,812 2411,827 2427,813 2452,810 2452,752 2436,754 2406,737 2378,746 2357,737 2337,747 2302,739 2273,761 2225,739 2177,739"/>
                <Baseline points="2183,805 2209,806 2235,806 2261,806 2288,805 2314,804 2340,803 2367,803 2393,804 2419,806 2446,809"/>
                <TextEquiv>
                    <Unicode>11. SEP.</Unicode>
                </TextEquiv>
            </TextLine>
            <TextLine id="r3l9" custom="readingOrder {index:8;}">
                <Coords points="1913,852 1930,848 1966,862 2076,859 2078,779 2054,781 2046,789 2016,783 1996,796 1977,784 1952,797 1915,785"/>
                <Baseline points="1920,825 1945,823 1970,823 1995,823 2020,824 2045,825 2071,828"/>
                <TextEquiv>
                    <Unicode>vom:</Unicode>
                </TextEquiv>
            </TextLine>
            <TextLine id="r3l10" custom="readingOrder {index:9;}">
                <Coords points="2078,998 2343,1011 2433,991 2483,1013 2513,993 2648,1014 2727,1005 2728,957 2636,927 2369,949 2205,933 2184,950 2079,927"/>
                <Baseline points="2084,987 2115,989 2147,991 2179,993 2211,994 2243,995 2275,996 2307,997 2339,997 2371,998 2403,998 2434,998 2466,999 2498,999 2530,999 2562,998 2594,998 2626,998 2658,998 2690,998 2722,997"/>
                <TextEquiv>
                    <Unicode>Als Regisseur bei Pitoeff</Unicode>
                </TextEquiv>
            </TextLine>
            <TextLine id="r3l11" custom="readingOrder {index:10;}">
                <Coords points="2103,1060 2798,1078 2826,1071 2827,1029 2574,1007 2363,1032 2104,1020"/>
                <Baseline points="2109,1048 2144,1052 2180,1055 2215,1058 2251,1060 2287,1062 2322,1064 2358,1065 2393,1065 2429,1066 2465,1066 2500,1066 2536,1066 2571,1065 2607,1065 2643,1065 2678,1065 2714,1064 2749,1065 2785,1065 2821,1065"/>
                <TextEquiv>
                    <Unicode>* Gegenwärtig weilt Walter Resch, ein</Unicode>
                </TextEquiv>
            </TextLine>
            <TextLine id="r3l12" custom="readingOrder {index:11;}">
                <Coords points="2060,1104 2143,1113 2203,1087 2246,1109 2519,1114 2626,1089 2713,1116 2820,1107 2832,1068 2060,1060"/>
                <Baseline points="2065,1097 2103,1097 2141,1097 2179,1097 2217,1097 2255,1098 2293,1098 2331,1099 2369,1100 2407,1101 2445,1102 2483,1102 2521,1103 2559,1104 2597,1104 2635,1104 2673,1104 2711,1104 2749,1103 2787,1101 2826,1100"/>
                <TextEquiv>
                    <Unicode>junger Wiener, der zweite Regisseur</Unicode>
                </TextEquiv>
            </TextLine>
            <TextLine id="r3l13" custom="readingOrder {index:12;}">
                <Coords points="2062,1135 2781,1150 2822,1147 2823,1106 2062,1111"/>
                <Baseline points="2068,1135 2105,1135 2142,1134 2180,1134 2217,1134 2255,1134 2292,1134 2330,1134 2367,1134 2405,1135 2442,1135 2479,1135 2517,1136 2554,1136 2592,1137 2629,1137 2667,1138 2704,1138 2742,1139 2779,1140 2817,1140"/>
                <TextEquiv>
                    <Unicode>Pitoeffs, zu kurzem Aufenthalt in Wien</Unicode>
                </TextEquiv>
            </TextLine>
            <TextLine id="r3l14" custom="readingOrder {index:13;}">
                <Coords points="2078,1162 2170,1186 2567,1176 2715,1197 2835,1156 2078,1140"/>
                <Baseline points="2083,1173 2120,1173 2157,1172 2194,1172 2232,1172 2269,1172 2306,1172 2344,1172 2381,1172 2418,1172 2456,1173 2493,1174 2530,1174 2567,1175 2605,1176 2642,1177 2679,1178 2717,1178 2754,1179 2791,1180 2829,1182"/>
                <TextEquiv>
                    <Unicode>In einem Gespräch äußerte sich Regisseun</Unicode>
                </TextEquiv>
            </TextLine>
            <TextLine id="r3l15" custom="readingOrder {index:14;}">
                <Coords points="2050,1212 2697,1223 2697,1186 2577,1172 2502,1191 2354,1175 2177,1188 2078,1159 2051,1174"/>
                <Baseline points="2056,1209 2087,1210 2119,1211 2151,1212 2183,1213 2214,1213 2246,1214 2278,1214 2310,1215 2341,1215 2373,1215 2405,1215 2437,1216 2468,1216 2500,1216 2532,1216 2564,1216 2595,1217 2627,1217 2659,1218 2691,1218"/>
                <TextEquiv>
                    <Unicode>Resch über die Arbeit bei Pitoeff:</Unicode>
                </TextEquiv>
            </TextLine>
            <TextLine id="r3l16" custom="readingOrder {index:15;}">
                <Coords points="1983,1257 2071,1288 2782,1296 2836,1281 2837,1237 1983,1240"/>
                <Baseline points="1988,1262 2030,1266 2072,1269 2114,1273 2156,1275 2198,1276 2240,1278 2283,1279 2325,1279 2367,1279 2409,1280 2451,1279 2493,1279 2535,1279 2578,1279 2620,1280 2662,1280 2704,1281 2746,1282 2788,1284 2831,1286"/>
                <TextEquiv>
                    <Unicode>* Seit einem Jahr arbeite ich bei Pitoeff</Unicode>
                </TextEquiv>
            </TextLine>
            <TextLine id="r3l17" custom="readingOrder {index:16;}">
                <Coords points="1947,1326 2859,1329 2859,1303 2803,1288 1947,1292"/>
                <Baseline points="1953,1320 1998,1321 2043,1322 2088,1323 2133,1324 2178,1325 2223,1326 2268,1327 2313,1327 2358,1328 2403,1329 2448,1329 2493,1329 2538,1330 2583,1330 2628,1330 2673,1330 2718,1330 2763,1330 2808,1329 2853,1329"/>
                <TextEquiv>
                    <Unicode>Eigentlich wollte ich Journalist werden und hatte</Unicode>
                </TextEquiv>
            </TextLine>
            <TextLine id="r3l18" custom="readingOrder {index:17;}">
                <Coords points="1951,1382 2727,1396 2832,1375 2832,1348 2787,1338 2175,1350 1952,1327"/>
                <Baseline points="1957,1369 2000,1371 2044,1372 2087,1374 2131,1375 2174,1376 2218,1376 2261,1377 2305,1377 2348,1377 2392,1378 2435,1378 2479,1377 2522,1377 2566,1377 2609,1377 2653,1377 2696,1377 2740,1377 2783,1377 2827,1377"/>
                <TextEquiv>
                    <Unicode>den Ehrgeiz, Pitoeff zu interviewen. Das Inter¬</Unicode>
                </TextEquiv>
            </TextLine>
            <TextLine id="r3l19" custom="readingOrder {index:18;}">
                <Coords points="1939,1407 2003,1431 2832,1426 2832,1400 2779,1387 1939,1392"/>
                <Baseline points="1944,1418 1988,1419 2032,1419 2076,1420 2120,1421 2164,1421 2208,1422 2252,1423 2296,1424 2340,1425 2385,1425 2429,1426 2473,1426 2517,1427 2561,1427 2605,1427 2649,1426 2693,1426 2737,1425 2781,1424 2826,1423"/>
                <TextEquiv>
                    <Unicode>view wurde von den Zeitungen abgelehnt, aber</Unicode>
                </TextEquiv>
            </TextLine>
            <TextLine id="r3l20" custom="readingOrder {index:19;}">
                <Coords points="1948,1465 2838,1477 2780,1429 2634,1452 1948,1429"/>
                <Baseline points="1953,1467 1997,1467 2041,1468 2085,1468 2129,1469 2173,1470 2217,1470 2261,1471 2305,1471 2349,1472 2393,1472 2437,1472 2481,1473 2525,1473 2569,1473 2613,1473 2657,1473 2701,1472 2745,1472 2789,1471 2833,1471"/>
                <TextEquiv>
                    <Unicode>ich bin gleich beim Theater geblieben und habe</Unicode>
                </TextEquiv>
            </TextLine>
            <TextLine id="r3l21" custom="readingOrder {index:20;}">
                <Coords points="1936,1506 2710,1541 2831,1516 2820,1485 1936,1477"/>
                <Baseline points="1942,1514 1986,1515 2030,1516 2074,1516 2118,1517 2163,1517 2207,1518 2251,1518 2295,1519 2339,1519 2384,1519 2428,1519 2472,1519 2516,1519 2560,1519 2605,1519 2649,1519 2693,1519 2737,1519 2781,1519 2826,1519"/>
                <TextEquiv>
                    <Unicode>bei den großen Premieren der abgelaufenen</Unicode>
                </TextEquiv>
            </TextLine>
            <TextLine id="r3l22" custom="readingOrder {index:21;}">
                <Coords points="1946,1563 2830,1573 2819,1534 1946,1522"/>
                <Baseline points="1952,1559 1995,1560 2039,1561 2082,1562 2126,1563 2170,1564 2213,1565 2257,1566 2300,1567 2344,1568 2388,1569 2431,1569 2475,1570 2518,1570 2562,1570 2606,1570 2649,1570 2693,1570 2736,1569 2780,1568 2824,1567"/>
                <TextEquiv>
                    <Unicode>Saison mitgemacht: „Liebelei“ („Amourette“),</Unicode>
                </TextEquiv>
            </TextLine>
            <TextLine id="r3l23" custom="readingOrder {index:22;}">
                <Coords points="1941,1612 2134,1616 2187,1640 2208,1623 2309,1629 2310,1575 2239,1567 2070,1585 2012,1570 1983,1576 1956,1601 1941,1595"/>
                <Baseline points="1947,1615 1972,1612 1998,1610 2023,1609 2049,1609 2074,1609 2100,1610 2125,1610 2151,1612 2176,1613 2202,1614 2227,1614 2253,1614 2278,1612 2304,1610"/>
                <TextEquiv>
                    <Unicode>„Wildente“ („Can###</Unicode>
                </TextEquiv>
            </TextLine>
            <TextLine id="r3l24" custom="readingOrder {index:23;}">
                <Coords points="2570,1622 2597,1623 2613,1613 2636,1622 2675,1612 2701,1629 2726,1620 2760,1630 2776,1625 2804,1638 2836,1623 2836,1595 2784,1576 2762,1592 2750,1582 2726,1588 2676,1569 2622,1569 2595,1587 2570,1588"/>
                <Baseline points="2575,1616 2600,1615 2626,1614 2651,1614 2677,1614 2702,1615 2728,1615 2753,1616 2779,1617 2804,1617 2830,1617"/>
                <TextEquiv>
                    <Unicode>und Ronald</Unicode>
                </TextEquiv>
            </TextLine>
            <TextLine id="r3l25" custom="readingOrder {index:24;}">
                <Coords points="1940,1659 2246,1697 2349,1658 2714,1680 2835,1667 2836,1646 2613,1613 2531,1640 2412,1619 2181,1639 2118,1615 1940,1636"/>
                <Baseline points="1946,1659 1990,1659 2034,1658 2078,1658 2122,1658 2166,1658 2210,1658 2255,1659 2299,1660 2343,1660 2387,1661 2431,1662 2475,1663 2519,1664 2564,1665 2608,1666 2652,1667 2696,1668 2740,1669 2784,1670 2829,1670"/>
                <TextEquiv>
                    <Unicode>Mackenzies „Musical Chaire“ („La Polka de</Unicode>
                </TextEquiv>
            </TextLine>
            <TextLine id="r3l26" custom="readingOrder {index:25;}">
                <Coords points="1943,1719 1988,1728 2009,1717 2027,1724 2061,1717 2149,1723 2149,1695 2123,1690 2106,1675 2071,1664 2031,1663 2013,1674 1978,1668 1964,1681 1943,1681"/>
                <Baseline points="1949,1704 1976,1703 2004,1703 2032,1702 2059,1701 2087,1702 2115,1703 2143,1706"/>
                <TextEquiv>
                    <Unicode>chaises“).</Unicode>
                </TextEquiv>
            </TextLine>
            <TextLine id="r3l27" custom="readingOrder {index:26;}">
                <Coords points="1978,1765 2649,1783 2824,1760 2824,1735 2713,1708 2658,1741 1979,1727"/>
                <Baseline points="1984,1759 2025,1760 2067,1760 2109,1761 2151,1761 2192,1762 2234,1762 2276,1763 2318,1763 2359,1764 2401,1764 2443,1764 2485,1764 2526,1765 2568,1765 2610,1765 2652,1765 2693,1765 2735,1766 2777,1766 2819,1766"/>
                <TextEquiv>
                    <Unicode>Im Gegensatz zu Stanislawsky, der für ein</Unicode>
                </TextEquiv>
            </TextLine>
            <TextLine id="r3l28" custom="readingOrder {index:27;}">
                <Coords points="1947,1805 2731,1831 2831,1825 2832,1781 1947,1772"/>
                <Baseline points="1953,1805 1996,1805 2040,1806 2083,1807 2127,1808 2171,1809 2214,1809 2258,1810 2301,1811 2345,1812 2389,1812 2432,1813 2476,1813 2519,1814 2563,1814 2607,1814 2650,1814 2694,1815 2737,1815 2781,1814 2825,1814"/>
                <TextEquiv>
                    <Unicode>Stück oft über hundert Proben benötigt, wird</Unicode>
                </TextEquiv>
            </TextLine>
            <TextLine id="r3l29" custom="readingOrder {index:28;}">
                <Coords points="1945,1860 2550,1881 2832,1857 2751,1819 1946,1826"/>
                <Baseline points="1951,1852 1994,1853 2038,1853 2082,1854 2126,1856 2169,1856 2213,1857 2257,1858 2301,1859 2344,1860 2388,1861 2432,1861 2476,1862 2519,1862 2563,1862 2607,1862 2651,1861 2694,1861 2738,1859 2782,1858 2826,1856"/>
                <TextEquiv>
                    <Unicode>bei Pitoeff verhältnismäßig wenig geprobt; aller¬</Unicode>
                </TextEquiv>
            </TextLine>
            <TextLine id="r3l30" custom="readingOrder {index:29;}">
                <Coords points="1943,1907 2834,1908 2834,1885 2683,1866 2308,1885 1943,1864"/>
                <Baseline points="1949,1902 1995,1903 2041,1904 2087,1905 2134,1906 2180,1906 2226,1907 2272,1907 2319,1908 2365,1908 2411,1908 2457,1909 2504,1909 2550,1909 2596,1909 2642,1908 2689,1908 2735,1908 2781,1908 2828,1907"/>
                <TextEquiv>
                    <Unicode>dings sehr intensiv. Die Probenarbeit für eine</Unicode>
                </TextEquiv>
            </TextLine>
            <TextLine id="r3l31" custom="readingOrder {index:30;}">
                <Coords points="1945,1961 2830,1973 2820,1919 1945,1909"/>
                <Baseline points="1951,1948 1994,1949 2038,1950 2082,1951 2125,1952 2169,1952 2213,1953 2256,1953 2300,1954 2344,1954 2388,1954 2431,1955 2475,1955 2519,1955 2562,1955 2606,1956 2650,1956 2693,1956 2737,1957 2781,1957 2825,1958"/>
                <TextEquiv>
                    <Unicode>Novität nimmt durchschnittlich drei Wochen in</Unicode>
                </TextEquiv>
            </TextLine>
            <TextLine id="r3l32" custom="readingOrder {index:31;}">
                <Coords points="1943,2007 2779,2019 2833,1974 1943,1964"/>
                <Baseline points="1948,1997 1994,1997 2040,1997 2086,1998 2133,1998 2179,1999 2225,1999 2271,2000 2318,2001 2364,2001 2410,2002 2456,2003 2503,2003 2549,2004 2595,2004 2641,2004 2688,2004 2734,2003 2780,2003 2827,2002"/>
                <TextEquiv>
                    <Unicode>Anspruch. Pitoeff ist stets sein eigener Aus¬</Unicode>
                </TextEquiv>
            </TextLine>
            <TextLine id="r3l33" custom="readingOrder {index:32;}">
                <Coords points="1939,2056 2517,2048 2617,2074 2826,2053 2793,2015 1940,2014"/>
                <Baseline points="1945,2047 1988,2046 2032,2046 2076,2045 2120,2045 2163,2045 2207,2046 2251,2046 2295,2047 2338,2047 2382,2048 2426,2049 2470,2049 2513,2050 2557,2050 2601,2051 2645,2051 2688,2051 2732,2051 2776,2050 2820,2049"/>
                <TextEquiv>
                    <Unicode>stattungschef. Er entwirft jede Dekoration und</Unicode>
                </TextEquiv>
            </TextLine>
            <TextLine id="r3l34" custom="readingOrder {index:33;}">
                <Coords points="1930,2098 2780,2121 2832,2065 1930,2068"/>
                <Baseline points="1935,2096 1979,2095 2024,2094 2068,2094 2113,2094 2157,2094 2202,2094 2246,2094 2291,2095 2335,2096 2380,2096 2425,2097 2469,2097 2514,2098 2558,2098 2603,2099 2647,2099 2692,2099 2736,2098 2781,2098 2826,2097"/>
                <TextEquiv>
                    <Unicode>jedes Kostüm. Damit seine Weisungen möglichst</Unicode>
                </TextEquiv>
            </TextLine>
            <TextLine id="r3l35" custom="readingOrder {index:34;}">
                <Coords points="1945,2144 2737,2166 2830,2154 2831,2118 1945,2112"/>
                <Baseline points="1951,2145 1994,2142 2038,2141 2082,2140 2125,2139 2169,2139 2213,2139 2256,2139 2300,2140 2344,2141 2388,2141 2431,2143 2475,2144 2519,2145 2562,2146 2606,2146 2650,2147 2693,2147 2737,2148 2781,2148 2825,2147"/>
                <TextEquiv>
                    <Unicode>genau befolgt werden, klebt er auf einen Pappen¬</Unicode>
                </TextEquiv>
            </TextLine>
            <TextLine id="r3l36" custom="readingOrder {index:35;}">
                <Coords points="1946,2192 2838,2198 2818,2154 2626,2175 2514,2152 2484,2175 2365,2143 1946,2151"/>
                <Baseline points="1951,2191 1995,2189 2039,2189 2083,2188 2127,2188 2171,2188 2215,2188 2259,2188 2303,2189 2347,2190 2391,2191 2435,2191 2479,2192 2523,2193 2567,2194 2611,2195 2655,2195 2699,2196 2743,2196 2787,2195 2832,2195"/>
                <TextEquiv>
                    <Unicode>deckel Kulissen und Prospekte, so wie er sie für</Unicode>
                </TextEquiv>
            </TextLine>
            <TextLine id="r3l37" custom="readingOrder {index:36;}">
                <Coords points="1935,2234 2775,2262 2828,2233 2829,2195 1936,2206"/>
                <Baseline points="1941,2235 1985,2235 2029,2235 2073,2235 2117,2235 2161,2235 2205,2236 2249,2236 2293,2237 2337,2237 2382,2238 2426,2238 2470,2239 2514,2240 2558,2240 2602,2241 2646,2241 2690,2242 2734,2243 2778,2243 2823,2243"/>
                <TextEquiv>
                    <Unicode>die Aufführung wünscht. Nach dieser Vorlage</Unicode>
                </TextEquiv>
            </TextLine>
            <TextLine id="r3l38" custom="readingOrder {index:37;}">
                <Coords points="1934,2283 2823,2289 2823,2232 2775,2262 1935,2248"/>
                <Baseline points="1940,2286 1983,2285 2027,2284 2071,2284 2115,2283 2159,2283 2203,2283 2246,2283 2290,2283 2334,2284 2378,2284 2422,2285 2466,2285 2510,2286 2553,2287 2597,2287 2641,2289 2685,2289 2729,2290 2773,2291 2817,2292"/>
                <TextEquiv>
                    <Unicode>führen wir dann diese Pläne aus. Ich sage wir,</Unicode>
                </TextEquiv>
            </TextLine>
            <TextLine id="r3l39" custom="readingOrder {index:38;}">
                <Coords points="1944,2335 2688,2352 2790,2343 2819,2292 2557,2317 2418,2288 1944,2294"/>
                <Baseline points="1949,2331 1992,2331 2035,2331 2078,2330 2121,2330 2165,2330 2208,2330 2251,2330 2294,2330 2337,2330 2381,2331 2424,2331 2467,2331 2510,2332 2553,2332 2597,2333 2640,2333 2683,2334 2726,2334 2769,2335 2813,2335"/>
                <TextEquiv>
                    <Unicode>denn der Oberregisseur Léonard und ich sind</Unicode>
                </TextEquiv>
            </TextLine>
            <TextLine id="r3l40" custom="readingOrder {index:39;}">
                <Coords points="1934,2383 2720,2400 2814,2389 2815,2354 1934,2343"/>
                <Baseline points="1939,2376 1982,2376 2026,2375 2069,2375 2113,2376 2156,2376 2200,2376 2243,2377 2287,2377 2330,2378 2374,2378 2417,2379 2461,2380 2504,2381 2548,2382 2591,2382 2635,2383 2678,2384 2722,2385 2765,2386 2809,2387"/>
                <TextEquiv>
                    <Unicode>beim Hämmern, Sägen und Pinseln selbst tüchtig</Unicode>
                </TextEquiv>
            </TextLine>
            <TextLine id="r3l41" custom="readingOrder {index:40;}">
                <Coords points="1941,2420 2092,2444 2486,2432 2531,2454 2813,2428 2804,2403 2670,2391 1942,2388"/>
                <Baseline points="1947,2424 1990,2423 2033,2422 2076,2422 2119,2422 2162,2422 2205,2423 2248,2423 2291,2424 2334,2425 2377,2426 2420,2427 2463,2428 2506,2429 2549,2429 2592,2430 2635,2430 2678,2431 2721,2430 2764,2430 2807,2429"/>
                <TextEquiv>
                    <Unicode>am Werk. Bühnenarbeiter in diesem Sinn wer¬</Unicode>
                </TextEquiv>
            </TextLine>
            <TextLine id="r3l42" custom="readingOrder {index:41;}">
                <Coords points="1927,2472 1971,2485 2121,2475 2221,2490 2258,2478 2285,2492 2345,2477 2345,2448 2234,2431 2164,2443 2146,2433 2129,2447 2034,2432 2003,2446 1965,2431 1928,2442"/>
                <Baseline points="1933,2469 1958,2468 1983,2468 2009,2468 2034,2468 2059,2468 2085,2468 2110,2468 2136,2469 2161,2469 2186,2470 2212,2471 2237,2472 2262,2472 2288,2474 2313,2475 2339,2476"/>
                <TextEquiv>
                    <Unicode>den kaum beschäftigt.</Unicode>
                </TextEquiv>
            </TextLine>
            <TextLine id="r3l43" custom="readingOrder {index:42;}">
                <Coords points="1976,2527 2089,2549 2743,2542 2830,2568 2831,2512 2652,2484 2589,2509 1976,2481"/>
                <Baseline points="1982,2527 2024,2527 2066,2527 2108,2528 2150,2528 2192,2529 2234,2530 2277,2531 2319,2532 2361,2532 2403,2533 2445,2534 2487,2535 2529,2535 2572,2536 2614,2536 2656,2536 2698,2536 2740,2536 2782,2535 2825,2534"/>
                <TextEquiv>
                    <Unicode>Pitoeff ist während der Arbeit ziemlich nervös</Unicode>
                </TextEquiv>
            </TextLine>
            <TextLine id="r3l44" custom="readingOrder {index:43;}">
                <Coords points="1939,2574 2673,2600 2826,2589 2827,2555 1939,2551"/>
                <Baseline points="1945,2574 1988,2574 2032,2574 2076,2575 2120,2576 2164,2577 2207,2578 2251,2579 2295,2579 2339,2580 2383,2581 2426,2582 2470,2583 2514,2584 2558,2584 2602,2585 2645,2585 2689,2586 2733,2586 2777,2585 2821,2585"/>
                <TextEquiv>
                    <Unicode>und trinkt fortwährend Mineralwasser; aber bei</Unicode>
                </TextEquiv>
            </TextLine>
            <TextLine id="r3l45" custom="readingOrder {index:44;}">
                <Coords points="1940,2622 2800,2644 2817,2587 1940,2596"/>
                <Baseline points="1946,2623 1989,2623 2032,2623 2075,2623 2118,2624 2162,2625 2205,2626 2248,2627 2291,2629 2334,2630 2378,2631 2421,2632 2464,2633 2507,2634 2550,2635 2594,2635 2637,2635 2680,2634 2723,2634 2766,2632 2810,2631"/>
                <TextEquiv>
                    <Unicode>aller Nervosität ist er immer ruhig und versteht</Unicode>
                </TextEquiv>
            </TextLine>
            <TextLine id="r3l46" custom="readingOrder {index:45;}">
                <Coords points="1941,2672 2805,2691 2815,2638 2410,2635 2323,2663 2232,2625 2045,2627 1941,2651"/>
                <Baseline points="1946,2672 1989,2672 2032,2672 2075,2672 2118,2672 2161,2673 2204,2673 2248,2674 2291,2675 2334,2675 2377,2676 2420,2677 2463,2677 2506,2678 2550,2679 2593,2679 2636,2679 2679,2680 2722,2680 2765,2680 2809,2679"/>
                <TextEquiv>
                    <Unicode>es, die Schauspieler zu führen. Seine Gattin</Unicode>
                </TextEquiv>
            </TextLine>
            <TextLine id="r3l47" custom="readingOrder {index:46;}">
                <Coords points="1939,2721 2832,2734 2832,2692 2787,2682 1939,2693"/>
                <Baseline points="1944,2720 1988,2720 2032,2719 2076,2719 2120,2719 2164,2720 2208,2720 2252,2721 2296,2721 2340,2722 2385,2723 2429,2723 2473,2724 2517,2724 2561,2725 2605,2725 2649,2726 2693,2726 2737,2725 2781,2725 2826,2724"/>
                <TextEquiv>
                    <Unicode>Ludmilla ist die wertvollste Mitarbeiterin des</Unicode>
                </TextEquiv>
            </TextLine>
            <TextLine id="r3l48" custom="readingOrder {index:47;}">
                <Coords points="1931,2765 2081,2791 2147,2766 2577,2788 2720,2768 2815,2799 2805,2736 1932,2740"/>
                <Baseline points="1937,2765 1980,2765 2024,2765 2067,2765 2111,2765 2155,2766 2198,2767 2242,2767 2286,2768 2329,2769 2373,2770 2417,2771 2460,2771 2504,2772 2548,2773 2591,2773 2635,2773 2679,2773 2722,2772 2766,2772 2810,2771"/>
                <TextEquiv>
                    <Unicode>Ensembles. Als Hedwig in der „Wildente“ und</Unicode>
                </TextEquiv>
            </TextLine>
            <TextLine id="r3l49" custom="readingOrder {index:48;}">
                <Coords points="1942,2817 2817,2835 2817,2800 2750,2781 1942,2784"/>
                <Baseline points="1947,2812 1990,2813 2033,2813 2076,2814 2119,2814 2163,2815 2206,2815 2249,2816 2292,2816 2335,2816 2379,2816 2422,2817 2465,2817 2508,2817 2551,2818 2595,2818 2638,2819 2681,2819 2724,2820 2767,2821 2811,2822"/>
                <TextEquiv>
                    <Unicode>als Christine in „Liebelei“ hatte sie ganz großen</Unicode>
                </TextEquiv>
            </TextLine>
            <TextLine id="r3l50" custom="readingOrder {index:49;}">
                <Coords points="1930,2868 2049,2878 2126,2842 2201,2873 2532,2862 2826,2892 2826,2833 2774,2828 1930,2829"/>
                <Baseline points="1935,2862 1979,2861 2023,2861 2067,2861 2112,2861 2156,2862 2200,2862 2245,2862 2289,2863 2333,2863 2378,2864 2422,2864 2466,2865 2510,2865 2555,2865 2599,2866 2643,2866 2688,2866 2732,2865 2776,2865 2821,2865"/>
                <TextEquiv>
                    <Unicode>Erfolg kein Mensch würde ihr ihre sieben</Unicode>
                </TextEquiv>
            </TextLine>
            <TextLine id="r3l51" custom="readingOrder {index:50;}">
                <Coords points="1936,2916 2826,2918 2777,2878 2596,2869 1936,2879"/>
                <Baseline points="1942,2908 1985,2907 2029,2907 2073,2906 2117,2906 2161,2907 2205,2907 2249,2908 2293,2908 2337,2909 2381,2910 2424,2910 2468,2911 2512,2911 2556,2912 2600,2912 2644,2912 2688,2912 2732,2912 2776,2911 2820,2911"/>
                <TextEquiv>
                    <Unicode>Kinder und vor allem eine siebzehnjährige Toch¬</Unicode>
                </TextEquiv>
            </TextLine>
            <TextLine id="r3l52" custom="readingOrder {index:51;}">
                <Coords points="1939,2951 2827,2971 2807,2914 1939,2929"/>
                <Baseline points="1945,2952 1988,2952 2032,2953 2076,2953 2120,2954 2164,2954 2207,2954 2251,2955 2295,2955 2339,2956 2383,2956 2426,2956 2470,2957 2514,2957 2558,2958 2602,2958 2645,2959 2689,2959 2733,2960 2777,2961 2821,2962"/>
                <TextEquiv>
                    <Unicode>ter glauben; voraussichtlich wird sich Nadja</Unicode>
                </TextEquiv>
            </TextLine>
            <TextLine id="r3l53" custom="readingOrder {index:52;}">
                <Coords points="1932,2992 1971,3014 2817,3007 2803,2964 2533,2991 2434,2960 1932,2969"/>
                <Baseline points="1937,3002 1980,3002 2024,3002 2068,3002 2111,3002 2155,3002 2199,3002 2242,3002 2286,3002 2330,3002 2374,3002 2417,3003 2461,3003 2505,3003 2548,3004 2592,3004 2636,3005 2679,3005 2723,3006 2767,3007 2811,3007"/>
                <TextEquiv>
                    <Unicode>Pitoeff auch der Bühne widmen. Als Regisseur</Unicode>
                </TextEquiv>
            </TextLine>
            <TextLine id="r3l54" custom="readingOrder {index:53;}">
                <Coords points="1936,3056 2810,3054 2810,3017 1936,3010"/>
                <Baseline points="1941,3050 1984,3050 2027,3050 2070,3050 2113,3050 2156,3050 2199,3050 2243,3051 2286,3051 2329,3051 2372,3051 2415,3052 2458,3052 2501,3053 2545,3053 2588,3054 2631,3054 2674,3055 2717,3056 2760,3056 2804,3057"/>
                <TextEquiv>
                    <Unicode>hält sich Pitoeff möglichst an den Text, nur dort,</Unicode>
                </TextEquiv>
            </TextLine>
            <TextLine id="r3l55" custom="readingOrder {index:54;}">
                <Coords points="1933,3106 2813,3108 2813,3069 2640,3058 1933,3068"/>
                <Baseline points="1939,3096 1982,3096 2025,3096 2069,3097 2112,3097 2156,3097 2199,3097 2242,3097 2286,3097 2329,3098 2373,3098 2416,3098 2459,3099 2503,3099 2546,3099 2590,3100 2633,3100 2676,3101 2720,3102 2763,3102 2807,3103"/>
                <TextEquiv>
                    <Unicode>wo ihm die Bühne nicht die Möglichkeit gibt, dem</Unicode>
                </TextEquiv>
            </TextLine>
            <TextLine id="r3l56" custom="readingOrder {index:55;}">
                <Coords points="1933,3147 2821,3149 2821,3116 2793,3114 1934,3115"/>
                <Baseline points="1939,3146 1982,3146 2026,3146 2070,3146 2114,3146 2158,3146 2201,3146 2245,3146 2289,3146 2333,3146 2377,3146 2420,3147 2464,3147 2508,3147 2552,3147 2596,3147 2639,3147 2683,3147 2727,3147 2771,3147 2815,3148"/>
                <TextEquiv>
                    <Unicode>Dichter zu folgen, geht er eigene Wege. Leider</Unicode>
                </TextEquiv>
            </TextLine>
            <TextLine id="r3l57" custom="readingOrder {index:56;}">
                <Coords points="1932,3196 2747,3210 2815,3192 2815,3152 1932,3164"/>
                <Baseline points="1937,3191 1980,3190 2024,3190 2067,3190 2111,3190 2155,3191 2198,3191 2242,3192 2285,3192 2329,3193 2373,3194 2416,3194 2460,3195 2503,3195 2547,3195 2591,3195 2634,3195 2678,3195 2721,3195 2765,3194 2809,3193"/>
                <TextEquiv>
                    <Unicode>war „Liebelei“ nicht ganz der große Erfolg, den</Unicode>
                </TextEquiv>
            </TextLine>
            <TextLine id="r3l58" custom="readingOrder {index:57;}">
                <Coords points="1933,3244 2821,3244 2777,3201 1934,3213"/>
                <Baseline points="1939,3239 1982,3238 2026,3237 2070,3237 2114,3237 2158,3237 2201,3237 2245,3238 2289,3238 2333,3239 2377,3240 2420,3241 2464,3242 2508,3242 2552,3243 2596,3243 2639,3243 2683,3243 2727,3243 2771,3242 2815,3241"/>
                <TextEquiv>
                    <Unicode>wir uns erwartet hatten, es kam nur zu 35 Auf¬</Unicode>
                </TextEquiv>
            </TextLine>
            <TextLine id="r3l59" custom="readingOrder {index:58;}">
                <Coords points="1937,3298 2814,3292 2814,3267 2750,3250 2484,3267 2258,3241 2140,3270 1938,3244"/>
                <Baseline points="1943,3289 1986,3289 2029,3289 2072,3288 2116,3288 2159,3288 2202,3288 2245,3288 2289,3288 2332,3288 2375,3289 2418,3289 2462,3289 2505,3289 2548,3290 2591,3290 2635,3290 2678,3291 2721,3291 2764,3291 2808,3292"/>
                <TextEquiv>
                    <Unicode>führungen. Es ist allerdings möglich, daß das</Unicode>
                </TextEquiv>
            </TextLine>
            <TextLine id="r3l60" custom="readingOrder {index:59;}">
                <Coords points="1927,3332 2817,3349 2817,3290 1927,3299"/>
                <Baseline points="1933,3336 1976,3335 2020,3335 2064,3335 2108,3334 2152,3334 2196,3334 2240,3334 2284,3334 2328,3334 2372,3334 2415,3335 2459,3335 2503,3335 2547,3336 2591,3337 2635,3337 2679,3338 2723,3339 2767,3339 2811,3340"/>
                <TextEquiv>
                    <Unicode>überbetonte Wiener Kolorit davan Schuld trug.</Unicode>
                </TextEquiv>
            </TextLine>
            <TextLine id="r3l61" custom="readingOrder {index:60;}">
                <Coords points="1923,3384 2814,3408 2821,3352 1923,3350"/>
                <Baseline points="1928,3383 1972,3382 2016,3382 2061,3382 2105,3382 2149,3382 2194,3382 2238,3382 2282,3383 2327,3383 2371,3383 2415,3384 2460,3384 2504,3384 2548,3385 2593,3385 2637,3385 2681,3386 2726,3386 2770,3386 2815,3386"/>
                <TextEquiv>
                    <Unicode>Das Bestreben, möglichst echt und wienerisch zu</Unicode>
                </TextEquiv>
            </TextLine>
            <TextLine id="r3l62" custom="readingOrder {index:61;}">
                <Coords points="1932,3439 2814,3438 2814,3404 2753,3394 1932,3400"/>
                <Baseline points="1937,3428 1980,3428 2024,3429 2067,3429 2111,3429 2154,3430 2198,3430 2241,3431 2285,3431 2328,3431 2372,3432 2416,3432 2459,3432 2503,3433 2546,3433 2590,3433 2633,3433 2677,3433 2720,3433 2764,3433 2808,3433"/>
                <TextEquiv>
                    <Unicode>wirken, verleitet Pitoeff zu kleinen Übertreibun¬</Unicode>
                </TextEquiv>
            </TextLine>
            <TextLine id="r3l63" custom="readingOrder {index:62;}">
                <Coords points="1939,3485 2814,3488 2814,3459 2698,3439 1939,3443"/>
                <Baseline points="1945,3482 1988,3481 2031,3480 2074,3479 2117,3478 2160,3478 2203,3478 2247,3478 2290,3478 2333,3479 2376,3479 2419,3480 2462,3480 2505,3481 2549,3481 2592,3482 2635,3482 2678,3482 2721,3482 2764,3482 2808,3482"/>
                <TextEquiv>
                    <Unicode>gen. So wurde unter anderem in der Souper¬</Unicode>
                </TextEquiv>
            </TextLine>
            <TextLine id="r3l64" custom="readingOrder {index:63;}">
                <Coords points="1934,3524 2813,3528 2813,3488 1934,3491"/>
                <Baseline points="1939,3531 1982,3530 2025,3529 2069,3528 2112,3528 2156,3527 2199,3527 2243,3527 2286,3527 2330,3527 2373,3528 2416,3528 2460,3528 2503,3529 2547,3529 2590,3529 2634,3530 2677,3530 2721,3530 2764,3530 2808,3530"/>
                <TextEquiv>
                    <Unicode>szene im ersten Akt ziemlich viel musiziert, das</Unicode>
                </TextEquiv>
            </TextLine>
            <TextLine id="r3l65" custom="readingOrder {index:64;}">
                <Coords points="1936,3581 2410,3597 2474,3563 2500,3587 2779,3589 2824,3578 2825,3542 1936,3535"/>
                <Baseline points="1941,3576 1984,3574 2028,3573 2072,3572 2116,3572 2160,3572 2204,3572 2248,3573 2292,3574 2336,3574 2380,3575 2423,3577 2467,3577 2511,3578 2555,3579 2599,3579 2643,3579 2687,3578 2731,3577 2775,3576 2819,3573"/>
                <TextEquiv>
                    <Unicode>Fiakerlied wurde gesungen, man bekam den</Unicode>
                </TextEquiv>
            </TextLine>
            <TextLine id="r3l66" custom="readingOrder {index:65;}">
                <Coords points="1926,3622 2758,3640 2817,3612 2702,3577 2659,3597 1926,3577"/>
                <Baseline points="1931,3623 1975,3621 2019,3620 2063,3619 2107,3618 2151,3618 2195,3619 2239,3619 2283,3620 2327,3620 2371,3621 2415,3622 2459,3623 2503,3623 2547,3624 2591,3624 2635,3624 2679,3623 2723,3622 2767,3620 2811,3619"/>
                <TextEquiv>
                    <Unicode>„Donauwalzer“ und eine Reihe österreichischer</Unicode>
                </TextEquiv>
            </TextLine>
            <TextLine id="r3l67" custom="readingOrder {index:66;}">
                <Coords points="1922,3668 2800,3692 2820,3637 1922,3628"/>
                <Baseline points="1927,3666 1971,3666 2015,3667 2060,3668 2104,3668 2148,3668 2193,3669 2237,3669 2281,3669 2326,3669 2370,3669 2414,3670 2459,3670 2503,3670 2547,3670 2592,3670 2636,3670 2680,3671 2725,3671 2769,3671 2814,3672"/>
                <TextEquiv>
                    <Unicode>Militärmärsche zu hören. Wenn irgend möglich,</Unicode>
                </TextEquiv>
            </TextLine>
            <TextLine id="r3l68" custom="readingOrder {index:67;}">
                <Coords points="1922,3707 2532,3736 2759,3733 2817,3706 2740,3678 1922,3680"/>
                <Baseline points="1927,3712 1971,3713 2015,3713 2059,3714 2103,3714 2148,3715 2192,3715 2236,3716 2280,3717 2324,3717 2369,3718 2413,3718 2457,3718 2501,3719 2545,3719 2590,3719 2634,3719 2678,3719 2722,3719 2766,3719 2811,3719"/>
                <TextEquiv>
                    <Unicode>besorgt Pitoeff auch die Übersetzung der von ihm</Unicode>
                </TextEquiv>
            </TextLine>
            <TextLine id="r3l69" custom="readingOrder {index:68;}">
                <Coords points="1930,3762 2810,3774 2810,3739 2694,3726 1930,3734"/>
                <Baseline points="1936,3762 1979,3761 2022,3760 2066,3759 2109,3759 2153,3759 2196,3760 2239,3761 2283,3761 2326,3762 2370,3763 2413,3764 2456,3765 2500,3766 2543,3767 2587,3767 2630,3767 2673,3767 2717,3767 2760,3766 2804,3764"/>
                <TextEquiv>
                    <Unicode>angenommenen Stücke: „Musioal chairs“ hat er</Unicode>
                </TextEquiv>
            </TextLine>
            <TextLine id="r3l70" custom="readingOrder {index:69;}">
                <Coords points="1940,3819 2818,3823 2760,3776 2732,3795 2678,3771 1940,3773"/>
                <Baseline points="1945,3811 1988,3809 2031,3809 2075,3809 2118,3809 2161,3809 2205,3810 2248,3810 2291,3812 2335,3813 2378,3813 2421,3815 2465,3816 2508,3817 2551,3818 2595,3818 2638,3818 2681,3818 2725,3818 2768,3817 2812,3816"/>
                <TextEquiv>
                    <Unicode>selbst übersetzt und für die französische Bühne be¬</Unicode>
                </TextEquiv>
            </TextLine>
            <TextLine id="r3l71" custom="readingOrder {index:70;}">
                <Coords points="1937,3863 1962,3859 1986,3867 2001,3859 2044,3868 2056,3861 2072,3867 2112,3865 2113,3831 2093,3835 2074,3824 2053,3829 2042,3819 2016,3825 1998,3813 1972,3830 1956,3824 1937,3829"/>
                <Baseline points="1943,3854 1970,3853 1997,3853 2025,3853 2052,3854 2079,3855 2107,3856"/>
                <TextEquiv>
                    <Unicode>arbeitet.</Unicode>
                </TextEquiv>
            </TextLine>
            <TextLine id="r3l72" custom="readingOrder {index:71;}">
                <Coords points="1960,3904 2011,3927 2447,3933 2823,3914 2823,3882 2768,3877 1960,3875"/>
                <Baseline points="1966,3907 2008,3910 2051,3912 2093,3913 2136,3915 2178,3916 2221,3916 2263,3916 2306,3916 2348,3916 2391,3916 2434,3915 2476,3915 2519,3915 2561,3915 2604,3914 2646,3914 2689,3915 2731,3915 2774,3916 2817,3918"/>
                <TextEquiv>
                    <Unicode>Als Regisseur ist er ziemlich autokratisch, wirkt</Unicode>
                </TextEquiv>
            </TextLine>
            <TextLine id="r3l73" custom="readingOrder {index:72;}">
                <Coords points="1925,3959 2825,3972 2825,3947 2740,3921 1925,3933"/>
                <Baseline points="1931,3956 1975,3957 2019,3958 2064,3958 2108,3959 2153,3960 2197,3960 2241,3961 2286,3961 2330,3962 2375,3962 2419,3963 2463,3963 2508,3964 2552,3964 2597,3964 2641,3964 2685,3965 2730,3965 2774,3965 2819,3965"/>
                <TextEquiv>
                    <Unicode>aber dabei nicht im mindesten überheblich. Außer</Unicode>
                </TextEquiv>
            </TextLine>
            <TextLine id="r3l74" custom="readingOrder {index:73;}">
                <Coords points="1934,4016 2702,4027 2812,4010 2813,3978 1934,3976"/>
                <Baseline points="1940,4005 1983,4006 2026,4007 2070,4008 2113,4009 2156,4009 2200,4010 2243,4010 2286,4011 2330,4011 2373,4011 2416,4011 2460,4011 2503,4011 2546,4011 2590,4011 2633,4011 2676,4011 2720,4012 2763,4012 2807,4012"/>
                <TextEquiv>
                    <Unicode>seiner Frau darf ihm niemand etwas sagen; es</Unicode>
                </TextEquiv>
            </TextLine>
            <TextLine id="r3l75" custom="readingOrder {index:74;}">
                <Coords points="1922,4054 2832,4071 2832,4023 2758,4019 1922,4027"/>
                <Baseline points="1927,4053 1974,4053 2021,4053 2068,4053 2116,4054 2163,4055 2210,4056 2258,4056 2305,4057 2352,4058 2400,4059 2447,4060 2494,4060 2542,4060 2589,4060 2636,4060 2684,4059 2731,4057 2778,4055 2826,4053"/>
                <TextEquiv>
                    <Unicode>ist aber selbstverständlich, daß alles ihm folgt.“</Unicode>
                </TextEquiv>
            </TextLine>
            <TextEquiv>
                <Unicode>„OBSERVER
I. österr. behördl. konzessioniertes
Unternehmen für Zeitungs-Ausschnitte
WIEN, I., WOLLZEILE 11
TELEPHON R-23-0-43
Ausschnitt aus:
Der Tag, Wien
11. SEP.
vom:
Als Regisseur bei Pitoeff
* Gegenwärtig weilt Walter Resch, ein
junger Wiener, der zweite Regisseur
Pitoeffs, zu kurzem Aufenthalt in Wien
In einem Gespräch äußerte sich Regisseun
Resch über die Arbeit bei Pitoeff:
* Seit einem Jahr arbeite ich bei Pitoeff
Eigentlich wollte ich Journalist werden und hatte
den Ehrgeiz, Pitoeff zu interviewen. Das Inter¬
view wurde von den Zeitungen abgelehnt, aber
ich bin gleich beim Theater geblieben und habe
bei den großen Premieren der abgelaufenen
Saison mitgemacht: „Liebelei“ („Amourette“),
„Wildente“ („Can###
und Ronald
Mackenzies „Musical Chaire“ („La Polka de
chaises“).
Im Gegensatz zu Stanislawsky, der für ein
Stück oft über hundert Proben benötigt, wird
bei Pitoeff verhältnismäßig wenig geprobt; aller¬
dings sehr intensiv. Die Probenarbeit für eine
Novität nimmt durchschnittlich drei Wochen in
Anspruch. Pitoeff ist stets sein eigener Aus¬
stattungschef. Er entwirft jede Dekoration und
jedes Kostüm. Damit seine Weisungen möglichst
genau befolgt werden, klebt er auf einen Pappen¬
deckel Kulissen und Prospekte, so wie er sie für
die Aufführung wünscht. Nach dieser Vorlage
führen wir dann diese Pläne aus. Ich sage wir,
denn der Oberregisseur Léonard und ich sind
beim Hämmern, Sägen und Pinseln selbst tüchtig
am Werk. Bühnenarbeiter in diesem Sinn wer¬
den kaum beschäftigt.
Pitoeff ist während der Arbeit ziemlich nervös
und trinkt fortwährend Mineralwasser; aber bei
aller Nervosität ist er immer ruhig und versteht
es, die Schauspieler zu führen. Seine Gattin
Ludmilla ist die wertvollste Mitarbeiterin des
Ensembles. Als Hedwig in der „Wildente“ und
als Christine in „Liebelei“ hatte sie ganz großen
Erfolg kein Mensch würde ihr ihre sieben
Kinder und vor allem eine siebzehnjährige Toch¬
ter glauben; voraussichtlich wird sich Nadja
Pitoeff auch der Bühne widmen. Als Regisseur
hält sich Pitoeff möglichst an den Text, nur dort,
wo ihm die Bühne nicht die Möglichkeit gibt, dem
Dichter zu folgen, geht er eigene Wege. Leider
war „Liebelei“ nicht ganz der große Erfolg, den
wir uns erwartet hatten, es kam nur zu 35 Auf¬
führungen. Es ist allerdings möglich, daß das
überbetonte Wiener Kolorit davan Schuld trug.
Das Bestreben, möglichst echt und wienerisch zu
wirken, verleitet Pitoeff zu kleinen Übertreibun¬
gen. So wurde unter anderem in der Souper¬
szene im ersten Akt ziemlich viel musiziert, das
Fiakerlied wurde gesungen, man bekam den
„Donauwalzer“ und eine Reihe österreichischer
Militärmärsche zu hören. Wenn irgend möglich,
besorgt Pitoeff auch die Übersetzung der von ihm
angenommenen Stücke: „Musioal chairs“ hat er
selbst übersetzt und für die französische Bühne be¬
arbeitet.
Als Regisseur ist er ziemlich autokratisch, wirkt
aber dabei nicht im mindesten überheblich. Außer
seiner Frau darf ihm niemand etwas sagen; es
ist aber selbstverständlich, daß alles ihm folgt.“</Unicode>
            </TextEquiv>
        </TextRegion>
    </Page>
</PcGts>
