3436 4224
349 135 726 207 Liebelei
211 141 860 253 5 J
892 124 1322 226 box 13/8
1359 959 1661 1031 CHRONIOUES
2074 969 2198 1056 271
816 1055 2198 1119 douter. A son avis Fritz et Théodore les ont g plaquées ). Mais
817 1108 2199 1156 elle veut en avoir le cceur net, elle va passer chez Théodore pour
819 1144 1292 1217 savoir s’il est rentré.
863 1211 2212 1270 Christine attend. A bout de patience elle veut y aller à son
818 1257 2061 1298 tour, elle se heurte à Mizzie et à Théodore qui rentrent.
862 1291 2188 1355 Théodore est habillé de noir et tres päle. Christine comprend
820 1350 2191 1403 Fritz est mort.., Mais comment? En duel l. Pourquoi ?., Pour
821 1401 2203 1450 une femme l., Pour une autre femme! (ue lui était-elle alors
823 1453 2205 1496 s’il est mort pour une autre femme? li n’a rien compris à son
824 1491 1030 1547 amour!
866 1557 2200 1623 Elle veut le revoir. Théodore la retient. On l’a enterré le
812 1609 2213 1670 matin méme. Mort, enterré! et elle n’en a rien su! Elle vent
819 1662 2121 1724 aller sur sa tombe.,, Cette fois c’est Mizzie qui en empéche.
867 1703 1893 1764 X N’y va pas.,, tu trouverais l’autre peut-étre..
857 1754 2202 1814 Désespérée Christine s’enfuit. Théodore et Mizzie cherchent
822 1802 2213 1859 en vain d la retenir. Ce n’est pas sur la tombe qu’elle va, son
825 1855 2041 1915 vieux père l’a compris. Déf: ant il murmure ces mots:
861 1896 1509 1956 g Elle ne reviendra pas.
865 1954 2199 2029 & Amourette)! Amour et mort. Le thème ne varie guère. II
822 2008 2200 2050 reste au cceur mème de l’ouvre si diverse de Schmitzler: Leit¬
811 2067 2202 2121 motiv sans monotonie qui revient constamment comme reparait
822 2115 2196 2188 dans tous les chefs d’oeuvre de Leonard de Vinci le sourire énig¬
815 2146 1354 2211 matique de la Joconde.
867 2194 2201 2279 Voici quarante ans bientöt que & Liebelei) fut créée an Burg¬
821 2258 2194 2306 theater de Vienne, marquant pour ainsi dire Tavénement de
826 2311 2208 2360 g Jung Wien ), de la jeune école viennoise, et consacrant du
817 2361 2197 2412 jour au lendemain la célébrité d’Arthur Schnitzler. Depuis cette
811 2418 2195 2480 piéce n’a rien perdu de sa fraicheur, de son charme subtil e:
826 2452 1338 2530 de sa poignante vérité.
861 2512 2193 2572 Jamais actrice plus seduisante que Mademoiselle Csepa n’in¬
820 2572 2193 2619 carna le type de la blonde et humoristique petite viennoise,
819 2617 2190 2678 jamais artiste plus émouvante que Paula Fessely ne rendit ä ce
811 2682 2191 2731 point & crédible, le destin tragique de Christine. Jamais la jeu¬
811 2724 2191 2779 nesse dorée de Vienne ne fut mienx interpétée que par la dis¬
817 2767 2202 2807 crête mélancolie de Hans Thimig dans le röle de Fritz, par la
816 2807 2204 2852 charmante désinvolture du debut et le bouleversement final de
814 2863 2197 2922 Heinrich Schnitzler (le fils du grand poête) dans le röle de
823 2910 1064 2978 Théodore.
860 2947 2203 3024 Elles portent des chemisettes de lingerie, des jupes longues
821 3034 2195 3074 et des bas noirs, ces gsüsse Mädel) qui parlent avec enthou¬
813 3069 2195 3114 siasme de l’uniforme à revers jaunes d’un bel officier de dragon.
820 3116 2202 3177 Elles ont des nattes et des petits canotiers perchés sur le haut
819 3169 2210 3240 de leur téte, leurs amants sont des garçons insouciants qui n'ont
814 3215 2217 3297 d’autre préoccupation que l’amour. Et cependant ils ne sont pas
