3484 4320
375 180 1266 235 Anzahl Werke, die auf dramatischen Dichtungen klaf¬
366 219 1256 277 sischer. Meister beruhen. Italiener, Franzosen und
357 261 1262 323 Deutsche haben Texte für ihre Opern aus Schöpfungen
358 291 1249 353 Shakespeares, Goethes, Schillers gezogen, und auch in
356 346 1259 402 unsern Tagen sind es erfolgreiche epische und
366 385 1253 438 dramatische Werke, denen zeitgenössische Tondichter ihre
359 430 1256 493 Textbücher entnommen haben. Ich nenne von jenen
352 471 1258 530 nur Sardou in seiner „Tosca“, Tolstej in seiner „Auf¬
356 511 1254 564 erstehung“, Zola im „Abbé Mouret“ Hofmannsthal
354 560 1260 615 in seiner „Salome“ und „Elektra“. Nun ist gestern
354 594 1249 656 auch Franz Neumann auf der Bühne des Herrn
355 641 1248 701 Gregor mit seiner Oper „Liebelei“ erschienen,
353 688 1264 739 einem Werke, das dem gleichnamigen Schauspiel
359 729 1250 787 Arthur Schnitzlers textlich sein Entstehen ver¬
363 768 1255 828 dankt. Dieses Drama aus der Wiener Sphäre, das
354 816 1258 873 in einer Liebelei der jungen Lebemänner Fritz und
354 862 1251 917 Theodor mit den „süßen“ Wiener Mädels Christine
349 907 1249 956 und Mizzi so fröhlich beginnt und in einem Tuell
351 948 1257 1000 des ersteren mit dem betrogenen Ehemann tregisch
356 992 1251 1039 endet, hat den phantasiereichen Komponisten zu einer
350 1041 1255 1090 musikalischen Illustration seines Inhalts gelockt. Ist
363 1075 1259 1135 aber jedes Schauspiel, das sich als bühnenwirksam
354 1129 1251 1175 erweist, auch geeignet für eine Uimwandlung zur Oper?
360 1158 1261 1224 Bei dem Schauspiel Schnitzlers muß die Frage ver¬
354 1204 1259 1262 neint werden. Waz in dem gesprochenen Dialog
350 1256 1257 1302 selbst in unwesentlichen Momenten natürlich erscheint,
355 1302 1249 1343 wirkt in einer gesanglichen Umkleidung gezwungen,
353 1338 1249 1379 wenn nicht gar lächerlich, und Neumann hat seinen Text
349 1377 1247 1437 wortgetreu dem Drama Schnitzlers eninommen. Diese
351 1420 1257 1476 kurzatmigen, oft nur wenige Worte enthaltenden Sätze,
361 1465 1253 1513 machen in ihrer Vertonung den Eindruck einer
353 1508 1259 1578 meiodischen Engbrüstigkeit. Wo wir die Lungenkraft
365 1556 1258 1604 einer organisch entwickelten, warmblütigen, gesunden
359 1594 1248 1650 Kantilene erwarten, läßt der Komponist seine Sänger
352 1637 1244 1688 in musikalischen Phrasen, in abgerissenen Parlandos
361 1684 1256 1730 sich ergehen. Solcher Sprechgesang wirkt aber auf
364 1718 1260 1777 die Dauer eintönig. Wo diese Deklamationsmusik
354 1768 1255 1823 von wirklichem Gesang unterbrochen wird, wie in
355 1806 1260 1870 dem Liede Christines aus dem Lochheimer Liederbuch
351 1852 1251 1915 und einigen anderen Stücken, atmet der Zuhörer
349 1900 1247 1948 förmlich auf und erquickt sich an innig empfundenen,
356 1939 1245 1982 ausdrucksvollen, schönen Melodien. Solcher er¬
354 1975 1249 2039 frischenden Sätze enthält die Oper leider nicht allzu
350 2016 1264 2087 viele, und wir werden die Befürchtung nicht los, daß
363 2059 1252 2124 es dem Komponisten an der Fähigkeit, gesanglich zu
352 2112 1257 2161 schreiben, überhaupt gebricht. Das ist aber das
363 2154 1255 2209 Charakteristikum des modernen Musikdramas, daß die
361 2200 1247 2259 Singstimmen geringschätzig behandelt werden, und
347 2242 1257 2294 nur das Orchester aus den Schild erhoben wird. Auch
353 2286 1253 2339 in dem Werke Neumanns ist es vornehmlich das
361 2325 1258 2374 Orchester, in dem die eigentliche Begabung des
357 2368 1254 2423 Komponisten zutage tritt. Hier beweist er einen Reich¬
361 2422 1249 2472 tum an Ausdrucksmitteln, die ihre Wirkung nur selten
356 2458 1259 2500 versagen. Für jede Stimmung, für jeden Gefühls¬
362 2502 1259 2553 affekt, im Heitern wie im Ernsten, hat er die ent¬
351 2540 1245 2605 sprechenden instrumentalen Farben auf seiner Palette
366 2595 1255 2639 und das Kolorit ist meist von intensiver Leuchtkraft.
355 2637 1258 2689 Von cein orchestralen Stücken ist das Vorspiel zum
355 2678 1246 2728 dritten Akt, obgleich etwas gedehnt, als ein den
355 2713 1250 2773 tragischen Ausgang kündendes Tongemälde besonders
364 2770 1259 2818 hervorzuheben. In kleineren Formen ist manches
364 2803 1250 2865 heitere Sätzchen Wiener Geblüts von anmutender
357 2847 537 2900 Wirkung.
419 2862 1251 2940 Dieses spezifisch Wiener Gepräge hatte die Gesamt¬
365 2931 1254 2990 iufführung der Oper. Die in d# Verschiedenheit ihres
367 2972 1284 3050 „Tbarakters vort 1s geeichneten Fiauren der
374 3040 1294 3132 Christine und der Mizzi wurden von Maria Labia
385 3087 1277 3163 und Susanne Bachrich musikalisch und schaue
385 3128 1269 3206 spielerisch lebensvoll verkörpert. Namentlich die erstere
392 3166 1286 3237 erhob sich in der kraftvollen Steigerung ihrer Relle
386 3206 1276 3286 bis zur Schlußszene, in der sie den Tod ihres im Duell
395 3258 1275 3323 gefallenen Geliebten erfährt, zu tragischer Höhe. In
400 3292 1273 3364 Jcan Radolovitch als Fritz hatte die Künstle¬
397 3340 1286 3407 rin einen würdigen Partner. Das Abschiedsduett des
393 3378 1277 3456 Liebespaares war von ergreifender Wirkung. Einen
399 3421 1280 3493 liebenswürdigen Bonvivant mit einem Schutz Wiener
399 3480 1286 3541 Gemüt gab Richard Wissiak in seinem Theodor.
404 3512 1287 3574 Rübrend in seiner väterlichen Zärtlichkeit war der alte
405 3565 1281 3620 Weiring Desidor Zadors. Niederschmetternd in
404 3589 1296 3662 der Wucht seiner Darstellung der betrogene Ehemann
408 3638 1289 3711 Karl Armsters in seiner Szene mit Fritz; und
403 3680 1292 3748 eine dem Leben abgelauschte Wiener Klatschbase gab
403 3724 1282 3794 Emma Seebold an der drolligen Frau Binder.
447 3764 1286 3836 Mit einem solchen auf das Subtilste abgetönten
404 3811 1291 3884 Ensemble das Kapellmeister v. Rezniceck musikalisch
407 3851 1291 3928 und Tirektor Gregor als Abschieds=Regisseur
405 3897 1278 3967 szenisch leitete, war ein bedeutender Erfolg zu er¬
413 3941 1287 4013 zielen, und dank dieser ausgezeichneten Darstellung
409 3982 1299 4047 errang ihn die Novität. Das Publikum war begeistert
408 4025 1302 4092 und rief mit den Darstellern den Komponisten un¬
1111 4070 1269 4142 I.L.
403 4082 943 4154 zählige Male vor die Gardine.
1937 234 3051 333 5. Liebelei box 12/1
2309 284 2491 345 Wintitensten
2399 624 2749 722 elepliueieur
1847 696 2618 860 „OBSERVER“
1685 856 2794 922 I. österr. beh. konz. Unternehmen für Zeitungs¬
1890 894 2577 969 Ausschuitte und Bibliographie.
1862 957 2639 1033 Wien, I., Conoordiaplatz 4.
2088 1012 2411 1084 Vertretungen
1687 1055 2797 1118 in Berlin, Brüssel, Budapest, Chicago, Cleveland, Christiania,
1687 1108 2791 1162 Genf, Konenhagen, London, Madrid, Mailand, Minneapolis,
1686 1145 2786 1213 Ne v-Vork, Paris, Rom, San Francisco, Stockholm, St. Peters¬
2086 1190 2399 1243 burg, Toronto.
2041 1228 2452 1291 Oaelienangabe ohme Gewähr.)
1676 1280 2043 1359 Ausschnitt aus
2020 1288 2842 1392 ossische Zeitung, Berlis
1695 1413 1855 1473 vom:
1954 1392 2129 1486 21
2118 1402 2226 1498 911
1703 1449 1979 1510 S
1915 1600 2573 1729 Tbeater und Musik.
2054 1714 2372 1780 Komische Oper.
1648 1751 2825 1829 Freitag, 20. Januar. Zum 1. Male: „Liebelei“. Oper in
1636 1790 2825 1845 3 Akten von Franz Nenmann. Dichtung von Arthur Schnitzler.
1649 1827 2822 1908 Wenn in dem Begriff Komponist etwa das eingeschlossen ist, was
1620 1867 2469 1939 den Dichter vom Schriftsteller unterscheidet, so
2506 1893 2819 1945 ist Herr Franz
1618 1914 2822 1975 Neumann, der gestern nach dem dritten Akt oft, nach dem zweiten
1620 1946 2817 2024 Akt öfter vor der Gardine erscheinen konnte, sicherlich kein
1616 1990 2813 2066 Komponist. Wir haben in der Musik nur dis eine Wort,
1614 2030 2816 2104 auf deutsch Tonsetzer, und müssen, wenn wir betonen wollen,
1619 2073 2819 2140 daß einer, der in Tönen dichtet, ein Dichter ist, ein Berufener und
1617 2103 2820 2169 Auserwählter, Umstände machen. Aber wir haben den Begriff:
1610 2137 2810 2218 Kapellmeistermusik. Herr Neumann schreibt Kapellmeistermusik; er
1603 2191 2824 2255 hat nur im Sinne eine Musik zu schreiben, die dem Zweck ent¬
1613 2217 2803 2285 spricht, die klingt; daß sie nebenbei auch anklingt, liegt in der
1592 2267 2803 2335 Natur der Sache; und daß sie überall auf den Effekt zu¬
1605 2300 2808 2371 geschnitten ist, braucht kaum ausdrücklich erwähnt zu werden.
1596 2337 1982 2392 Dick, schwerflüssig,
1997 2341 2440 2407 süßlich, sentimental
2470 2355 2810 2414 diese Musik;
1702 2374 2810 2438 ihre Grundstimmung. In den lustigen Szenen des ersten
1604 2408 2812 2488 Aktes macht sie Anleihen bei der modernen Operette; Herr Neumann
1603 2449 2814 2533 kann nicht lustig sein, ohne in Polka= oder Walzerrhythmen zu ver¬
1604 2489 2806 2568 fallen. In den dramatischen Szenen vollführen Blechbläser und
1603 2536 2805 2613 Panken einen brünstigen Lärm, verfällt Herr Neumann in eine
1605 2568 2811 2646 Ekstase, die er von den Jungitalienern bezieht. Wollen wir ihn
1598 2613 2792 2688 registrieren, so lassen wir den Namen: Giacomo Puccini fallen. Doch
1593 2647 2805 2720 ist Puccini origineller, feiner, eleganter, dezenter. Auf die Geschicklich¬
1596 2691 2800 2763 keit des Herrn Neumann habe ich hingewiesen, indem ich seine
1601 2723 2796 2806 Musik Kapellmeistermusik nannte. Diese Art von Geschicklichkeit,
1600 2766 2800 2846 diese handwerkerliche Tüchtigkeit darf nicht unterschätzt werden;
1598 2803 2793 2876 immerhin dürfen wir sie gering schätzen. Ich weiß nicht, ob die
1595 2847 2804 2931 Oper „Liebelei“ einen nachhaltigen Erfolg haben wird; wer wollte
1602 2884 2791 2961 sich erdreisten, die Psyche des großen Publikums zu er¬
1593 2921 2796 2997 gründen! In den Bereich der echten, der hohen Kunst gehört
1593 2961 1962 3019 das Werk nicht.
2009 2979 2797 3022 Arthur Schnitzlers bekanntes Drama
1582 3002 2789 3074 einfach herzunehmen und unter Musik zu setzen, ist ein Unternehmen,
1585 3039 2791 3113 das nicht gebilligt werden kann. Die Oper hat andere Gesetze als
1581 3083 2798 3147 das gesprochene Schauspiel. Die realistische Sprache, die Sprache
1584 3115 2792 3197 des Alltags, sträubt sich gegen den Tonfall, den ihr die Musik auf¬
1590 3151 1722 3210 nötigt.
1743 3156 2049 3210 „Sagen Sie,
2049 3170 2783 3231 liebe Christine, haben Sie vielleicht
1584 3198 2776 3273 ein Zündholz?“ Den Erfolg errang nicht der Komponist,
1581 3227 2787 3312 sondern der Dichter. Das Tieftragische, die rührselige
1578 3268 2775 3346 Geschichte von der armen Christiane und dem armen Fritz
1574 3314 2780 3383 schlug kräftig durch. Nur fragte man sich immer: wozu die Musik?
1570 3355 2787 3423 Wozu diese Verzögerung? Die Aufführung war lobenswert.
1575 3388 2786 3463 Maria Labia fand für die Verzweiflung, für den tragischen Schluß
1572 3429 2781 3503 einen ergreifenden Ausdruck. Sobald diese aufechtbare Sängerin
1581 3466 2784 3538 schauspielerisch zu gestalten hat, steht sie auf der Höhe. Jean
1579 3504 2771 3573 Nadolovitch war ein ausgezeichneter Fritz, auch ihm liegt das
1579 3545 2770 3617 Pathos mehr, als der leichte Konversationston; so führte er den zweiten
1567 3588 2763 3658 Akt; so verhalf er ihm zu starker Wirkung. Eine geschlossene und
1572 3616 2772 3696 sehr sympathische Leistung bot Fräulein Susanne Bachrich als
1571 3661 2778 3734 Mizi Schlager; und neben ihr bestand mit Ehren Herr Richard
1554 3692 2768 3769 Wissiak als Theodor Kaiser. Die Herren Desider Zador und
1552 3738 2775 3815 Karl Armster als Haus Weiring und „ein Herr“ bewährten sich
1561 3776 2776 3863 wie gewöhnlich als reife und überlegene Künstler. Am Pulte saß
1549 3815 2775 3896 der treffliche Herr E. N. v. Rezuicek, und für die Inszenierung
1538 3860 2527 3919 hatte Herr Direktor Hans Gregor gesorgt. M. M.
