3436 4352
235 1148 343 1270 #
536 144 636 218 be
686 139 786 215 e1
951 145 1377 238 box 10/1
240 141 805 262 5. Lien1
868 372 1934 535 Oetanbtatt de Isuens
2103 403 3239 623 Ohern. 64% 44. 1924.
402 506 1371 712 En (ebd
2663 600 2836 714 2
1613 675 1775 767 87 7—
2805 599 3005 783 2
1168 748 2174 902 Kunst und Litteratur.
501 864 2825 944 Alle in dieser Rubrik erscheinenden Rezensionen und Anzeigen sind, sofern kein Name oder keine Chiffre beigefügt ist, redaktionell
497 928 2821 994 Dasselbe gilt von allen Artikeln des Feuilletons des „Bund“, so daß anonyme Artikel in der litterarischen Redaktion des „Bund“
1389 968 1930 1037 überhaupt nicht vorkommen.
587 1001 1653 1108 Liebelei. Schauspiel von Arthur Schnitzler.
1666 1026 2822 1089 breitet. Der erste Akt schon läßt das tragische Ende vor¬
486 1062 1041 1128 (Berlin, S. Fischer, 1896.)
1673 1070 2837 1142 aussehen, da der junge Lebemann die Herausforderung des
590 1107 1655 1171 Wir hatten das Vergnügen, bereis vor zwei Jahren,
1667 1116 2845 1180 beleidiglen Gatten während einem Souper empfängt, das
496 1152 1659 1204 als Arthur Schnitzler unter dem Titel: „Anatol“ eine Reihe
1670 1165 2834 1230 er und ein Freund in traulichem Tét „-Tête mit Christine
487 1202 1662 1266 raffiniert feiner Dialoge aus dem „Liebesleben“ großstädti¬
1663 1210 2829 1270 und eren Kamerädin Miezi veranstaltet haben. Wer
492 1240 1659 1297 scher Genußmenschen als Buch erscheinen ließ, auf das
1677 1258 2841 1309 „Anarol“ kennt, kann sich vorstellen, in welchen dem Wiener
485 1286 1663 1352 außerordentliche Talent dieses jungen Wiener Schriftstellers
1675 1294 2842 1344 Leben abgelauschten, charakteristischen und intimen Tönen
493 1339 1657 1394 hinzuweisen Es schien uns bereits damals unzweifelhaft,
1676 1342 2834 1394 dieses Junggesellen= und Grisettenmilieu gemalt ist. Und
493 1376 1665 1428 daß Schnitzler, wenn er innerhalb derselben Beobachtungs¬
1663 1378 2824 1451 welche Reden praktischer Lebensphilosophie da fallen! Z. B.:
494 1413 1655 1485 sphäre einen nicht bloß zur Phantasie und zum Verstand,
1641 1407 2828 1491 Theodor (zu Fritz, mit Anspielung auf dessen Verhältnis
496 1466 1654 1523 sondern auch zum Herzen sprechenden Stoffsfinden sollte,
1751 1485 2737 1537 zur verheirateten Dame, auf Christine deutend):
497 1496 1658 1568 ein Bühnenwerk von Bedeutung schaffen würde. Dies ist
1749 1518 2832 1604 Für so ein süßes Mäderl geb’ ich zehn dämonische
489 1547 1664 1613 nun geschehen. „Liebelei“ hat am deutschen Theater in
1657 1560 1930 1641 Weiber her.
497 1592 1658 1645 Berlin am 4. Februar einen enormen Erfolg davongetragen
2152 1604 2326 1690 Fritz.
505 1644 1662 1701 und alle Zeitungen der deutschen Hauptstadt stimmten so
1751 1661 2420 1740 Das kann man nicht vergleichen.
496 1681 1671 1742 ziemlich darin überein, daß dieses Stück, ähnliche Stim¬
2104 1720 2396 1796 Theodor.
493 1728 1659 1791 mungen vermittelnd wie Halbe's „Jugend“, auch gleich
499 1774 1654 1833 diesem Schauspiel auf lange Zeit hinaus fest auf dem Re¬
1753 1773 2836 1851 Wir hassen nämlich die Frauen, die wir lieben — und
491 1815 1655 1889 pertoire derjenigen Bühnen stehen werde, welche die mo¬
1667 1807 2647 1905 lieben nur die Frauen, die uns gleichgültig sind.
501 1857 1174 1931 derne dramatische Kunst pflegen.
2084 1881 2412 1952 Fritz (lacht).
589 1898 1658 1967 Die Handlung läßt sich kurz dahin zusammenfassen,
1748 1915 2837 2005 An einer andern Stelle macht Theodor diesen etwas
498 1928 1662 2007 daß ein junger Lebemann, der seine Zeit mit Liebeleien
1662 1975 2834 2036 paradox ausgedrückten Gedanken durch folgende Worte klarer:
485 1990 1660 2053 zubringt, an ein gutes, unverdorbenes Mädchen, die Tochter
1674 2036 2826 2093 „Zum Erholen sind die Weiber da; darum bin ich auch
494 2041 1655 2101 eines braven, alten Orchestergeigers, geraten ist, mit der er
1673 2071 2830 2132 immer gegen die sogenannten interessanten. Die Weiber
491 2079 1657 2148 auch nur ein kleines Tächtel-Mächtel anzubandeln vermeint,
1668 2119 2699 2168 haben nicht interessant zu sein, sondern angenehm.
493 2109 1659 2183 während das Mädchen ihm eine tiefe, starke und bis in
1674 2152 2820 2218 Sie sind ja glücklich in ihrer gesunden Menschlichkeit —
486 2167 1652 2219 den Tod getreue Liebe entgegenbringt. Und sie stirbt wirk¬
1666 2211 2826 2280 was zwingt uns denn, sie um jeden Preis zu Dämonen
497 2214 1666 2268 lich daran. Während er nämlich mit Christine tändelte
1659 2243 2271 2323 oder zu Engeln zu machen?“
492 2259 1656 2318 und dabei allerdings auch selbst allmälich Feuer fieng, setzte
1747 2278 2825 2339 Der zweite und der dritte Akt spielen in Christines
489 2296 1653 2350 er eine Liebschaft mit einer verheirateten Frau fort und
1661 2334 2825 2405 Wohnung. Ueber diesen Teil der Dichtung könnte man als
494 2350 1654 2390 wurde von deren Gatten im Duell erschossen. Als nun
1671 2384 2829 2429 Motto schreiben: „Tadle nicht der Nachtigallen bald ver¬
491 2384 1663 2452 das arme Mädchen erfährt, der Mann, der ihr Alles war,
1673 2429 2834 2484 hallend süßes Lied;“ ein Frühlingstraum, wie Fliederduft,
485 2437 1654 2495 habe die Liebe zu ihr nur so nebenher als eine Unterhal¬
1661 2477 2847 2542 verschwebt und nur die weißen Rosen des Grabes bleiben
493 2475 1657 2535 tung aufgefaßt bringt der doppelte Verlust — einmal sein
1661 2516 1835 2576 zurück.
484 2521 1654 2585 Tod, sodann die Entdeckung, daß er ihr niemals ganz ge¬
690 2563 1659 2618 sie um alle Fassung. Sie stürzt fort aus dem
488 2566 707 2618 hörte —
492 2605 1234 2671 Hause des Vaters und dieser weiß -
1247 2609 1656 2669 und wir wissen es
491 2657 1651 2718 mit ihm - daß sie nie mehr zurückkehrt, in den Wellen
493 2696 1654 2762 der Donau wird sie ihr Grab finden. (Ich muß hier ein¬
501 2735 1667 2815 schalten, daß der Theaterberichterstatter der „Vossischen
493 2772 1668 2850 Zeitung", Paul Schlenther, der über Werke der modernen
493 2831 1668 2878 Richtung sehr schön referiert — nicht schnöde, wie metlich
485 2872 1677 2940 über Wildenbruchs Heinriche — seltsamer Weise das Ende
479 2916 1666 2971 der Handlung dahin auslegt, das Mädchen stürze sich „im
494 2959 1669 3025 ersten Aufruhr ihrer Empfindungen viele Stock hoch zum
486 2998 1652 3059 Fenster hinaus“. Das Stück schließt aber damit, daß
490 3051 1659 3111 Christine zum Zimmer hinauseilt. Der Vater, der sie nicht
484 3096 1656 3144 halten konnte, geht mühsam von der Thür bis zum Fenster.
494 3136 1666 3178 „Was will sie... was will sie“ sagt er und sieht durchs
488 3178 1658 3224 Fenster ins Leere. Dann spricht er: „Sie kommt nicht
495 3220 1656 3280 wieder — sie kommt nicht wieder!“ — Er sinkt laut schluch¬
485 3260 1672 3324 zend zu Boden und der Vorhang fällt. Schlenther nimmt
496 3314 1665 3374 also an, der Vater habe sehen können, daß sie sich hinab¬
494 3356 1651 3411 stürzte. Aber die Lage des Zimmers ist vorher als eine
489 3402 1658 3456 zu oberst in dem hohen Hause, über alle Dächer weg bis
485 3444 1660 3501 zum Kahlenberg die Aussicht gewährende geschildert wor¬
485 3489 1663 3549 den, so daß es gar nicht möglich wäre, in die Gasse hinab¬
489 3531 1658 3597 zusehen. Auch heißt es ausdrücklich „sieht ins Leere“. Mit¬
496 3559 1654 3620 hin ist diese Auffassung keine berechtigte, es müßte denn
483 3615 1664 3673 auf dem deutschen Theater der Schluß etwas anders ge¬
491 3657 1664 3720 geben worden sein, als er im Buche steht. Die Darstellerin
502 3708 1660 3767 der Christine war die an Holdseligkeit und bezaubernder
491 3745 1663 3805 Weiblichkeit unter allen lebenden Schauspielerinnen einzige
486 3790 952 3863 Frau Agnes Sorma.)
574 3817 1660 3892 Man sieht aus unserer kurzen Inhaltangabe, daß
494 3854 1664 3943 Schnitzlers Stück trotz dem Titel „Liebelei“ doch ein echtes
489 3926 1658 3975 Liebesdrama ist. Es spielt an ein paar Wiener Maien¬
493 3955 1679 4036 tagen, über die sich eine elegische süß=schmerzliche Stimmung,
