3436 4192
434 119 734 197 Liebele
253 122 822 246 5. L d
957 123 1402 223 box 12/5
912 1226 2621 1300 Fritz. Verliebte sind wie Kinder. Die harmlosesten Scherze entzücken sie. Ihre
932 1288 2618 1347 Verliebtheit selbst ist kindlich, spielerisch. Sie trennen sich, wenn sie einander
923 1354 2636 1426 überdrüssig sind, ohne viel Tränen, um mit lachendem Herzen irgendwo anders
926 1403 2631 1458 hängen zu bleiben. Das waren Mizzi und Theodor: Schmetterlinge, die, ihren
914 1463 2629 1545 Lebensweg von Blume zu Blume taumelnd, sich zufällig getroffen hatten und
918 1514 2634 1593 ein Stückchen des Wegs nun zusammen flogen. Anders dagegen Christine und
929 1578 2629 1668 Fritz. Sie fühlten die Stärke ihrer Liebesleidenschaft und es war fast, als
922 1647 2632 1707 fürchteten sie sich vor einander. Während jene, Theodor und Mizzi, unter den
934 1699 2630 1766 hohen Bäumen, sich griffen und, wie Kinder spielend, die Stille des Waldes mit
917 1751 2626 1815 ihrem Gelächter störten, saben Fritz und Christine still miteinander, Hand in
922 1813 2630 1900 Hand, und küßten sich. — Wirkliche Liebe ist doch immer eine verflucht ernst¬
926 1889 1808 1960 hafte, ja sogar tragische Angelegenheit!
1038 1945 2638 2021 Fritz Lobheimers Dasein ist alse zwei Frauenherzen gewidmet. Hier hält
921 1999 2617 2059 er sich zurück, aus Liebe, aus Furcht vor der schönen Reinheit eines Mädchen¬
931 2052 2631 2125 herzens. Dort geben seine Küsse einer Frau die Erinnerung an vergangene
918 2122 2627 2194 Seiten, in denen sie glücklich gewesen ist! An jene Zeiten in denen
929 2167 2625 2235 sie vielleicht ebenso hätte lieben können, wie Christine. Diese Erinnerungen
930 2234 2626 2304 küßt Frau Schroll von Fritzens Lippen und sie merkt dabei nicht, daß ihr
931 2292 2638 2350 Gemahl auf der Straße steht und scharf zu den Fenstern, hinter denen er
923 2349 2630 2433 betrogen wird, hinaufsieht. Sie knüpft sich gerade den Schleier, Fritz steht am
931 2407 2637 2468 Fenster und sinnt. Als sie zum Abschied ihre Arme noch einmal um seinen
929 2464 2636 2531 Hals legt, erwacht er aus seinem Sinnen, und sein Blick fällt auf Schroll, der
924 2534 2626 2610 gerade in dem dunklen Gang des gegenüberliegenden Hauses verschwindet.
930 2592 2639 2651 Schrecken faßt ihn und die Frau. War er es auch wirklich? Noch kann Fritz
932 2650 2630 2731 es nicht glauben. Er nimmt schneil Hut und Mantel, und während die zitternde
927 2703 2635 2781 Frau oben wartet, eilt er auf die Straße. — Niemand ist zu sehen. Die
935 2765 2637 2836 Haustür schließt sich wieder hinter ihm. Wenige Augenblicke später tritt Frau
929 2820 2634 2901 Schroll tief verschleiert aus dem Hlaus, Fritz ist allein. — Wieder packt die
929 2882 2640 2941 Unruhe ihn. Wenn sie nun doch entdeckt sind? — Er wird seine Schuld zu
934 2962 2656 3045 tragen wissen, wie ein Ehrenmann es eben muß. — Es klingelt. Er schrickt
