3436 4224
431 182 800 261 Liebele
271 185 1414 302 5.— box 11/6
1107 1522 1514 1606 Teisphos 1211.—
589 1668 1313 1772 „SDOERTER
414 1732 1521 1839 1 Isterr. behördl. konz. Unternehmen für Zeltungs-Ausschalne
605 1787 1347 1868 Wien, I., Concordiaplatz 4.
829 1856 1146 1918 Vertretungen
426 1899 1553 1976 in Berlin, Basel, Budapest, Chicago, Cleveland, Christiants.
439 1925 1532 2028 Oenf. Kopenhagen, London, Madrid, Mailand, Minneapolta,
430 1959 1539 2051 New-Vork, Paris, Rom, San Francisco, Stockholm. St. Petere¬
845 2027 1140 2089 burg, Toronto.
771 2066 1214 2137 asellessagab. hn e..
444 2153 884 2232 Ausschnitt aus:
1064 2188 1429 2274 Musik, Berlin
458 2221 1210 2323 vomihs4 ###
1051 2325 1400 2382 B. Watdrann
546 2359 1420 2417 OLN: Die außerordentlichen Vorzüge der
481 2385 1424 2454 I Franz Neumannschen Oper „Liebelei“
489 2446 1407 2496 (nach Schnitzler) traten auch bei der hiesigen
487 2480 1418 2534 Bekannt##it dem nicht minder wertvollen
491 2533 1413 2572 als schönen Werke allgewinnend in die Er¬
495 2570 1411 2610 scheinung. An Erfindung, dramatischer Aus¬
495 2603 1410 2652 druckskraft und absoluter Beherrschung der
489 2641 1413 2697 orchestralen wie vokalen Technik bietet das
495 2692 1425 2740 fesselnd ausgestaltete Werk so Ungewöhnliches,
489 2720 1414 2771 daß seine starke Wirkung auf das Publikum,
487 2759 1427 2838 einschließlich der anspruchsvolleren Fachleute,
491 2840 1409 2906 sehr begreiflich ist. Natürlich hat auch als Ein¬
499 2901 1409 2942 studierer und Leiter Otto Lohse viel für der
489 2926 1422 2987 Oper Eindruckskraft getan. In der trefflichen
507 2973 1426 3018 Gesamtwiedergabe ragte als Christine Claire
500 3010 1415 3064 Dux durch tiefseelisches Erfassen ihrer Aufgabe
506 3050 1256 3107 und überaus reizvollen Gesang hervor.
1095 3083 1394 3137 Paul Hiller
495 3089 1428 3196 röwinenebn: p. Hanntersionis war dld
2650 1522 3027 1606 Telephon 12.801.
2083 1660 2843 1759 JOSSENVEN
1933 1744 3040 1814 1. österr. beh. konz. Unternehmen für Zeitungs¬
2143 1799 2833 1869 Ausschnitte und Bibliographie.
2097 1854 2881 1935 Wien, I., Concordiaplatz 4.
2327 1925 2662 1987 Vertretungen
1935 1950 3025 2034 in Berlin, Brüssel, Budapest, Chicago, Cleveland, Christiania,
1944 2015 3028 2065 Genf, Kopenhagen, London, Madrid, Mailand, Minneapolis,
1929 2053 3045 2091 New-Vork, Paris, Rom, San Francisco, Stockholm, St. Peters¬
2331 2089 2632 2140 burg, Toronto.
2288 2125 2685 2193 Quelienangabe ohne Gewähr.)
1927 2169 2764 2261 Ausschnitt aus Allgemeine 1
2576 2234 2794 2322 Berlin
1963 2388 3110 2494 Im Opernhause machte man am 1. Dezember nach
1902 2420 3106 2529 längerer Zeit wieder einmal die Bekanntschaft einer wirklich
1889 2456 3107 2593 interessanten und wertvollen Neuheit. Franz Neumanns
1891 2519 3096 2615 „Liebelei“ (nach Schnitzler) erzielte als Werk von abso¬
1872 2626 3082 2705 luter Originalität der schönen Erfindung, bedeutender drama¬
1891 2670 3091 2745 tischer Kraft und ein hohes kompositorisches Können bewäh¬
1886 2715 3108 2792 render, feiner Orchestral- und Vokaltechnik einen einhellig
1885 2766 3107 2832 aufs wärmste sich äußernden, durchschlagenden Erfolg. Die
1876 2804 3103 2870 aufs sorglichste vorbereitete Aufführung ließ vorweg Otto
1876 2840 3096 2913 Lohsc, der an des Komponisten Seite sehr gefeiert wurde.
1882 2873 3088 2955 als Mittler einer prachtvollen Orchesterleistung bewundern.
1882 2913 3091 2987 Mit all ihrem Reichtum an Innerlichkeit und dramatischem
1877 2953 2842 3026 Intellekt gab Claire Dux die Christine in
2849 2981 3099 3035 blühendem
1881 2995 3087 3075 Wohllaut. Als Fritz und Theodor sowie als Mizi waren die
1868 3042 3089 3112 Herren Winckelshoff und Liszewsky nebst Frau
1874 3074 2961 3153 Fink sichere Stützen des glücklichen Totaleindrucks.
2702 3144 3107 3227 Paul Hiller.
