3484 4352
442 239 819 307 Liebelei
923 234 1399 328 box 12/5
274 244 827 350 3. Je enennn
455 987 804 1066 schnitt aus:
832 999 1292 1129 Der Dag, Wansin
811 1059 1044 1148 3-52
372 1068 535 1138 vom:
461 1245 1226 1381 Eine Schnißler-Premiere
701 1375 1010 1454 im Jum.
428 1426 1310 1522 Eine Wiyur=Schnitzler=Filmpremiere gab es
388 1480 1307 1561 gestern im Biophon=Theater=Lichtspiel in der Poté¬
393 1516 1300 1601 damer Straße, wo man vor einem geladenen
394 1557 1296 1634 Publikum „Liebelei“, das erste erfolgreiche Büh¬
393 1590 1306 1669 nenwerk des Wienes Dramatikers aufführte. Wie
385 1648 1305 1698 es zu den Schnitzler=Premieren im großen Stil
384 1667 1305 1763 „literarisch“ in den Theatern auszusehen pflegt,
396 1709 1304 1776 so war es gestern im kleinen im Biophon=Licht¬
388 1743 1290 1826 spiel; denn viele bekannte Größen der Berliner
388 1788 1296 1861 Literaturwelt hatten sich eingefunden. Der Wie¬
387 1835 1297 1898 ner Dichter hat das bekannte dreiaktige Schau¬
383 1861 1289 1936 spiel für die Filmbearbeitung einschneidenden
381 1909 1289 1979 äußerlichen Aenderungen unterzogen. Die Technik
385 1940 1276 2019 forderte das, und so sah man eigentlich eine neue
384 1978 1278 2041 Dichtung, die um den alten Kern entstanden war.
384 2015 1283 2078 Neben den Zimmerszenen des Schauspieles gab es
370 2065 1284 2127 echte Kinoszenen mit Ausflügen in die freie Got¬
368 2103 1299 2162 teswelt, und man muß sagen, daß diese Umarbei¬
404 2216 1308 2293 tung der alten Dichtung nicht geschadet hat. Ein
409 2263 1308 2333 echter Filmstoff in der ganzen Idee. gewann das
412 2294 1307 2367 Stück im Zusammenhang, da man, was sonst als
410 2327 1299 2400 schon gewesen der Szene fern gehalten wird, sich
403 2369 1294 2438 hier im Kinostück vor den Augen der Zuschauer
405 2415 1303 2487 entwickeln sah. Der Inhalt wurde dadurch klarer.
401 2445 1298 2523 Die Liebesgeschichte des jungen Wiener Studen¬
397 2486 1297 2564 ten Fritz Lobhaimer mit Christine Weiring, die
391 2530 1291 2598 das von dem jungen Mann oberflächlich ange¬
380 2556 1287 2640 krppfte Verhältnis ernst nimmt, da sie zu ihm
386 2602 1285 2679 eine wirkliche tiefe Liebe faßt, geht ebenso wie
380 2633 1289 2710 im Stück tragisch aus. Auch im Filmspiel stirbt
388 2677 1287 2760 Christine, nachdem Fritz in einem Duell, das um
384 2720 1285 2788 einer anderen Liebesgeschichte willen ausgefochten
377 2755 1285 2831 werden muß, gefallen ist. Man muß hier zur
376 2792 1288 2870 Ehre der Filmbearbeitung sogar sagen, daß das
372 2834 1280 2908 tragische Moment durch die bewegtere Szenen¬
375 2866 1287 2944 folge, durch die von einem Hause zum anderen
364 2924 1283 2978 Hause übergreifende sichtbare Handlung noch
369 2952 1282 3028 stärker in die Erscheinung tritt. Der rührhafte
374 2990 1274 3059 Schluß, der im Theater schon stark wirkte kam
372 3020 1273 3101 denn auch im Lichtspiel, das von der Nordischen
370 3066 1277 3128 Film=Kompagnie, nach Angabe des Dichters, auf¬
369 3111 1274 3161 genommen worden ist, noch mehr heraus. Im
374 3145 1264 3205 ganzen machte sich ein einheitlicher Zug angenehm
369 3178 1268 3235 bemerkbar, und dort wo die Naturaufnahmen aus
356 3221 1268 3284 der Umgegend Wiens und dem Prater mitsprachen,
363 3267 1269 3337 gab es sogar reiche, stimmungerweckende Wir¬
362 3295 1243 3377 kungen, die das Auge erfreuen konnten. W. C. G.
2023 448 3029 583 Husschnitt ausy unel. Zeituntg, Berhie
2047 565 2205 630 Vom:
2538 592 2717 658 3-MR7
2004 640 3007 710 Schfltzlers „Liebelei“ im Film.
1950 704 3111 773 Die—gerste internandnae Filmzeitung“ führte gestern im
1904 751 3110 810 Biophontheater in der Potsdamer Straße Schnitzlers
1908 776 3108 843 Liebelei“ deren Verfilmung an dieser Stelle schon ausführlich
1904 816 3108 884 besprochen wurde, einem großen Kreise geladener Gäste als Kino¬
1904 860 3115 923 drama vor. Nach dem Programm hat der Dichter selbst seine
1905 905 3112 965 meisterhafte Gesellschaftsstudie für das Kino bearbeitet,
1915 950 3115 996 und man merkte es der Bilderfolge wohl an, daß ein
1915 976 3115 1043 feiner, mit den Forderungen verschiedenartiger Technik ver¬
1910 1013 2633 1080 trauter Kopf sich bemüht hat,
2633 1027 3112 1078 das Drama in die
1915 1071 3119 1121 Filmsprache zu übersetzen. Alle sichtbare Aktion ist heraus¬
1913 1089 3115 1145 gedrängt, der Ausdruck feelischer Bewegung dagegen so knapp wie
1906 1138 3121 1193 möglich behandelt. Aehnlich wie in den illustrierten Ausgaben von
1904 1169 3107 1228 Dramen werden bildlich drastische Momente vorgeführt, die im
1918 1217 3115 1261 Stücke selbst nur erzählt oder vorausgesetzt werden. So der ver¬
1909 1241 3109 1307 hängnisvolle Flirt des Helden mit der vornehmen Mondaine, der
1910 1282 3115 1352 in einer Theaterlogen= und Restaurant=Szene anschaulich gemacht wird,
1915 1329 3119 1387 so die Entwicklung des Liebesverhältnisses mit dem volkstämlichen
1911 1370 3116 1408 Mädchen, die sich in stimmungsvollen Landschaften der WienerUm¬
1913 1397 3110 1469 gebung vollzieht, so die Vorbereitungen zum Duell und der Zweie
1920 1451 3105 1504 kampf selbst, die schauerlich höfliche privilegierte Totschlägerei mit
1918 1482 3115 1541 starker Zylinderabnützung wie sie jüngst Sternheim in seinem
1926 1528 3103 1572 Bürger Schippel“ recht glücklich parodiert hat. Mit einiger Kom¬
1915 1544 3111 1620 binationsgabe konnte man, unterstützt durch die transparenten Vor¬
1919 1597 3107 1644 hanginschriften, aus diesen und ähnlichen Bildern die äußere Hand¬
1906 1644 3119 1691 lung des Stückes herauslesen, und für deujenigen, dem das Drama
1918 1680 3116 1723 vertraut ist, hatte es immerhin Reiz, die Situationen und die von
1919 1716 3121 1779 Ort zu Ort führenden Zwischenvorgänge in zumeist geschmackvollen
1915 1753 2516 1813 Bildern aufgerollt zu sehen —
2561 1755 3101 1813 zumal die Darsteller, na¬
1906 1790 3103 1849 imentlich die Herren Psilander und Reenberg und die Damen
1910 1835 3100 1881 Fritz=Petersen und Holch als Vertreter der beiden Liebespaare
1920 1872 3114 1930 und Herr Jacobsen als alter Musikus, ihr Bestes getan hatten, in
1907 1909 3109 1970 Maske und Bewegung zu charakterisieren. Eine Vermittlung der
1919 1946 3101 1990 inneren Handlung ist trotzdem nicht erreicht worden. Das Wesent¬
1921 1986 3110 2048 liche der psychologischen Studie Schnitzlers, die Feinheit der
1911 2012 3114 2089 seelischen Erregungen mit all ihren Uebergängen, das Herauf¬
1914 2066 3119 2114 dämmern und Abklingen der Stimmungen ist auf die Sprache der
1912 2097 3120 2163 Geste nicht zurückzuführen. Die geniale Technik, die durch
1907 2137 3107 2189 Synthese der Momentbilder die äußere Bewegung neu
1920 2187 3108 2239 erschafft, kann in ihrer heutigen Entwicklung — ohne Hilfe der
1906 2212 3108 2277 Sprache — die innere noch nicht wiedergeben. Es handelt sich
1906 2252 3108 2329 auch in dieser neuen Vorführung, zu der der Dramatiker selbst bei¬
1916 2300 3108 2342 getragen hat, doch nur um sehr hübsche bewegte Illustrationen zum
1909 2330 3111 2392 Stücke, nicht um das Stück selbst. Das sehenswerts Kino und das
1907 2377 3107 2445 seelisch ergreifende Drama bleiben bis auf weiteres durch eine starke
1896 2411 2301 2476 Kluft getrennt. —r.
1916 2679 3045 2798 Ausschnitt gL-INER AGBLATT
2723 2803 2787 2848 —
2474 2791 2677 2878 3-M7
1925 2815 2085 2874 vom:
1909 2893 3100 3006 /XX „Liebelei“ im Film. Arthur Schnitzlers Wiener¬
1845 2921 3089 3022 Flegie „Liebelei“, dieses anmutreiche Schäuspiet, bäs vor
1857 3015 3087 3084 einigen Jahren schon veropert wurde, ist nun auch verfilmt wor¬
1859 3034 3070 3128 den. Der Dichter hat an dieser Metamorphose mitgewirkt. und
1847 3075 3083 3173 auf seinen Angaben fußen nun alle Veränderungen, welche nötig
1838 3131 3070 3210 waren, um ein dichterisches Wort in ein bildliches Ereignis um¬
1836 3176 3069 3258 zusetzen. Ihn selbst mag nun der Film interessieren und erfreuen,
1846 3202 3073 3292 wie eine nachträgliche Illustration zu dem Entwurf, den er vor
1838 3255 3071 3329 zwanzig Jahren dem Stück zugrunde gelegt hat. Wer aber das
1836 3274 3061 3385 fertige Schauspiel kennt, und gut kennt, und aus den Händen der
1832 3333 3069 3423 Sorma und der Niese als ein Werk voll milder Rührung ent¬
1832 3382 3092 3474 gegengenommen hat, der wird nun in dem Film kaum mehr als
1804 3484 3035 3554 einen blinden Spiegel dessen sehen, was ihm an dem Sprach¬
1802 3543 3044 3591 künstler Schnitzler besonders lib geworden iste#s ch¬
1816 3589 3035 3634 hier, was immer geschieht: der besonders poetische Wert fällt unter
1808 3613 3035 3665 den Tisch, und es bleibt nur das harte Nebeneinander der Aeußer¬
1816 3665 3038 3715 lichkeiten bestehen. Dabei darf man diesem Film, den eine dänische
1814 3714 3032 3763 Fabrik hergestellt hat und den man gestern zum erstenmal in
1808 3744 3033 3797 einem Kinopalast der Potsdamer Straße sah, nachrühmen, daß er
1815 3774 3050 3830 alle Geschmacklosigkeiten vermeidet. Auch die Effekte werden mit,
1810 3815 3033 3880 knallosem Pulver ins Publikum geschossen, und wenn man die
1817 3863 3035 3908 Geschichte des Wiener Dichters im stummen Spiel nacherzählt
1808 3910 2890 3971 behält, man dabei immer den Hut respektvoll in der Hand.
