3436 4224
194 167 328 252 5.
335 171 715 241 Liebelei
331 216 831 290 nene etentenetensensenene
888 162 1311 260 box 13/8
1454 1047 1911 1134 REVUE DALLEMACNE
973 1047 1118 1143 272
991 1158 2383 1209 Chier, ils sont d’auspurd'hui, ils sont de tous les temps, ces
982 1202 2379 1260 personnages engendrés par le cceur d’un poête, ces personnages
997 1251 2373 1315 auxquels le souffle d’un grand créateur donna la vie en les sou¬
1002 1293 2072 1369 mettant aux lois éternelles qui regissent les ämes.
1828 1331 2236 1411 SUZANNE CLAUSER
1103 1542 2047 1637 L4 PEINTURE ALLEMANDE A PARIS
991 1705 2403 1771 EXPOSITIONS: Walter JON/4S (Galerie Kleinmann) et Carl
1084 1773 1696 1846 R4BUS (Galerie Manteau).
1044 1839 2398 1918 MM. Walter Jonas et Carl Rabus sont de jeunes artistes qui
1005 1911 2392 1975 nous apportent une peinture plus spécifiquement allemande que
1012 1982 2398 2038 celle des autres peintres d’outre-Rhin qui exposèrent l’an der¬
1013 2018 1322 2097 nier à Paris.
1083 2052 2398 2119 M. Walter Jonas fait partie de la Novembergruppes, qui
1015 2103 2396 2166 est comme on le sait le groupe de la Révolution de Novemhre,
1013 2158 2403 2216 et qui compte des artistes comme Paul Klee, Kandinsky, Mies
1024 2212 2405 2272 Van der Rotre, Melzer Hofer etc.., Certains de ceux-ci appartien¬
1017 2246 2403 2318 nent d’ailleurs au groupe adie Brücken, lequel avait rassemblé
1018 2310 2403 2364 Kirchner, Pechstein etc.,, Si l’on ajoute que M. Walter Jonas
1020 2356 2404 2413 se réclame de Kandinsky et de ses théories (Ia structure du ta¬
1027 2409 2412 2459 bleau doit passer avant son objet mème) l’on situera assez bien
1017 2466 2172 2510 la position de ce peintre dans le mouvement actuel.
1055 2491 2407 2560 M. Walter Jonas nous a présenté des ceuvres fougueuses,
1029 2554 2410 2607 remuantes, parfois brutales, riches en couleurs et pleines de
1024 2588 2401 2657 promesses, qui rendent tres sympathique la personnalité de ce
1029 2634 2409 2708 geune peintre. Cet artiste a su garder son tempérament allemand
1027 2678 2416 2768 dans la lumière méridionale de la Corse et de l’Espagne et il
1041 2754 2412 2808 a rapporté de ces deux pays des toiles tourmentées comme la
1040 2790 2423 2856 nature qu'il a transposée et ou l’émotion est traduite à vif dans¬
1041 2831 2421 2895 un échevélement de couleurs. Nous retiendrons aussi les derniers
1038 2882 2413 2954 portraits (La Tireuse de Cartes entre autres) d’une technique
1042 2930 2425 3012 plus modèrée, et qui sont la preuve que l’artiste se dégage des
1032 3002 2417 3052 influences (celle de Pechstein notamment est assez nette dans
1046 3029 2416 3087 certaines ceuvres antérieures). M. Walter Jonas approche peu à
1047 3079 2421 3156 peu de son centre de gravité, et il sera intéressant de voir ce
1047 3149 1704 3217 qu’il nous donnera dici pen.
1105 3170 2429 3258 Nous avons dit que les ceuvres de cette exposition affirment
1040 3221 2424 3285 des promesses. Nous sommes persuadés que ce peintre les tiendra,
1053 3271 2429 3350 Car ea force éclate un peu partout, et lorsqu'il aura discipline
