3484 4256
311 165 719 237 Liebelei
856 166 1302 260 box 12/8
326 219 732 269 —
571 840 1215 930 Hailesche Rachrichter
666 1061 1136 1207 2 6 MALe
632 1262 1052 1399 Volksbühlte.
308 1373 1376 1452 Liebelei, Schauspiel von Arthur Schnitzler.
386 1437 1387 1505 Dem Wiener Dichter sind kürzlich ausAnlaß.,
304 1467 835 1529 seines 60 Gebjrtstages
934 1481 1360 1538 viel schöne Dinge
307 1509 1370 1557 gesagt wordens daß das Erscheinen seines wirkungs¬
310 1563 1361 1620 vollsten und fürzihn bezeichnendsten Stückes im Spiel¬
296 1580 1359 1639 plan der Volkssühne doppelt (nicht bloß um des Ge¬
293 1630 1363 1697 burtstages willen) berechtigt ist. Einer an sich ziem¬
314 1656 836 1736 lich alltäglichen Geschichte
930 1668 1355 1730 doch: „wem sie just
302 1680 504 1751 passieret“
710 1718 1365 1774 durch Herausheben von allerlei
307 1718 1354 1810 kleinen Wesenszügen aus einer Welt, die das Glück
306 1775 1363 1843 nimmt, wo sie es findet, durch Emporwachsen der das
312 1822 1348 1874 Ganze von Anfang an durchwehenden Melancholie zu
305 1864 1362 1935 ergreifender Tragik, dramatisches Blut eingeflößt
305 1900 1353 1950 worden. Dazu die Eigenart der Schnitzlerschen Dar¬
302 1940 1357 1996 stellung, diese weiche leise Art, die sentimentale Heiter¬
299 1967 1363 2042 keit mit lächelnder Wehmut zu mischen weiß; anders,
306 2015 1361 2088 liebenswürdiger wie der norddeutsche Naturalismus,
299 2048 1069 2114 wie Sudermann z. B., dessen „Fritzchen“
1106 2069 1356 2119 eine seiner
297 2085 1352 2172 besten Arbeiten — in der Hauptlinie dem Schnitzler¬
305 2130 950 2187 schen Stück einigermaßen ähnelt.
354 2176 1356 2235 Zwei Studenten aus der Wiener Lebewelt, die am
298 2211 1342 2288 Ende ihrer Studien stehen, Fritz Lobheimer und
293 2257 1352 2306 Theodor Kaiser, haben sich mit Bürgermädchen,
301 2290 1347 2353 Christine Weiring und Mizi Schlager, zusammen¬
303 2327 1348 2375 gefunden. Aber während das Verhältnis Theodors
306 2370 1354 2430 und Mizis jeden Tag schmerzlos gelöst werden könnte,
308 2407 1349 2477 sind Fritz und sein Mädel innerlich eng verbunden.
305 2443 1355 2517 Das Plus der Liebe ist freilich bei Christinen, einem
299 2493 1347 2542 Seelenschößling „vom Stamme jener Asras, welche
297 2516 1341 2583 sterben, wenn sie lieben“; die tief empfindende Natur
300 2565 1341 2608 Christinens, der Fritz ihr Gott, ihre Seligkeit ist, lehnt
288 2610 1342 2664 sich gegen das harte Schicksal auf, das ihr den Ge¬
296 2645 1352 2701 liebten durch ein Duell um die verheiratete Neben¬
292 2683 1350 2727 buhlerin raubi, und so geht das unglückliche Mädchen
294 2711 894 2778 in den — freiwilligen — Tod.
354 2751 1342 2818 Das Spiel, von Eugen Teuscher geleitet, war
294 2789 1343 2861 im ersten Aufzug, dem am meisten von der linden Luft
285 2829 1359 2919 des Wienertums umwehten. trotz allen Bemühens
275 2923 1342 2993 nicht ganz frei von Steifheit, die erst nach und nach
281 2973 1351 3040 wich. Die beiden Liebespaare waren Fritz Hensel
297 3007 1341 3067 (Fritz) und Friedel Doerr (Christine), denen in
287 3057 1317 3099 Ludwig Hartwig (Theodor) und Trude Horn
302 3081 1352 3144 (Mizi, Typ des sog. süßen Mädels) lustige Vertreter
292 3120 1343 3184 des lebensfrohen „Heut ist heut“ gegenüberstanden.
302 3166 1338 3223 Am echtesten wurde die Darstellung da, wo nicht der
288 3205 1345 3259 besondere Schnitzler=Ton gefordert wird, im zweiten
290 3239 1348 3296 und dritten Aufzuge; im zweiten besonders bildete die
297 3272 1343 3344 Unterhaltung Vater Weirings mit der Nachbarsfrau
303 3314 1358 3375 Binder einen Höhepunkt. Die kleine Szene, in der
293 3350 1354 3416 die weitherzige Lebensauffassung eines lachenden
301 3395 1360 3458 Philosophen die Enge pharisäerhafter Korrektheit zu
299 3437 1355 3496 durchbrechen sucht, wurde von Erich Nowack (in vor¬
300 3472 1361 3546 züglicher Maske) und Hermine Ziegler außer¬
295 3518 948 3585 ordentlich hübsch wiedergegeben.
350 3527 1347 3602 Dem tragischen Schluß entsprach die Stille des
306 3597 1356 3659 Hauses; dann setzte Beifall ein zum Dank für die Dar¬
303 3647 483 3702 stellung.
1728 1141 2674 1271 ADOLF SCHUSTERMANN
1645 1239 2744 1343 ZEITUNGSNACHRICHTEN-BUREAU
1811 1318 2589 1407 BFNLIN SO. 16, RUNGESTR 22-24
1736 1415 2732 1501 Zeltugg: Schleswig-Holsteinische Landesteitung¬
2281 1487 2565 1589 Ps40.
1741 1539 2146 1635 Adresse: Kiel
2529 1600 2737 1674 „1
1905 1657 2512 1742 Stadttheater Neumünster.
1605 1733 2785 1778 KLiebelei", Schauspiel in drei Akten von Arthur Schnitzler.
1659 1780 2819 1824 Vos überfülltem Hause ging hier Sonntagabend düs im Jahre
1603 1832 2837 1878 1896 zum ersten Male aufgeführte Schauspiel über die Bretter.
1605 1849 2826 1903 Der Dramatiker Schnitzler. #er über eine gute Bühnentechnik
1610 1899 2824 1955 verfügt, auch oib feiner ###hchologe und Frauenkenner ist, hat in
1609 1934 2830 1981 „Liebelei“ einW geschaffen, das bei jeder Aufführung ein
1607 1973 2831 2024 volles Haus vesdichte. Ein Student hat mit einer verheirateten
1618 2013 2839 2060 Frau ein ernstes Verhältnis. Sein Gefühlsleben nimmt die: Ver¬
1613 2054 2831 2097 hältnis so in Anspruch, daß sein Freund nach Mitteln sinnt, wie er
1602 2092 2836 2139 ihn ablenken kann. Er bringt Fritz mit der Freundin seiner
1611 2127 2827 2176 „Mizi“, ein echtes, fesches Wiener Madel, Christine, eine sinnige.
1616 2168 2832 2220 ernste Natur, zusammen. Diese gewinnt Fritz so lieb, daß sie ihr
1621 2195 2841 2254 Leben für ihn lassen kann. Sie weiß sehr wohl, daß ihre Lieb¬
1613 2238 2844 2298 schaft nicht zum Rechten führen kann. Einmal will sie nur glücklich
1606 2280 2832 2344 gewesen sein, wenn es auch nur vorübergehend sei, um ihr ganzes
1609 2327 2838 2369 Leben davon zehren zu können. Fritz hat eine Ahnung von dem
1609 2375 2839 2402 Seelenzustand des Mädchens, und wenn das andere nicht wäre, hier
1610 2394 2848 2455 könnte er das stille innige Glück finden, das er so sehr braucht. Der
1620 2429 2822 2483 Ehemann hat das Verhaltnis entdeckt, es kommt zum Duell. In
1613 2469 2833 2528 seiner Todesahnung sucht Fritz Christine noch einmal auf. Er
1607 2515 2843 2558 genießt ein Stündchen das ersehnte stille Glück. Dann nimmt er
1610 2549 2842 2604 Abschied, um angeblich eine mehrtägige Reise zu unternehmen
1619 2587 2823 2647 Christine gesteht ihrem alten Vater, einem Violinspieler am The¬
1610 2623 2837 2681 ater, alles. Dieser alte Mann versteht sein Kind und will ihm alle:
1615 2660 2824 2733 Glück gönnen. Er zieht Erkundigungen ein, erfährt von den
1610 2701 2835 2767 Duell und daß Fritz gefallen. Schonend will er es seiner Tochte:
1606 2741 2832 2812 beibringen. Christine, darüber unruhig geworden, springt auf un
1621 2792 2846 2837 will sich selbst Gewißheit verschaffen. Da treten Mizi und seit
1603 2821 2829 2890 Fzsund entgegen und teilen mit, daß er im Duell für eine ander
1606 2857 2813 2916 gefallen. Fraulein Wiese als Gast (Christine) errang eine
1611 2892 2816 2951 großen Erfolg. Herr Krause war ihr als Fritz ein tüchtige
1610 2945 2816 3004 Partner. Fraulein Wulf spielte die Mizi in gewohnter fesche
1612 2986 2833 3028 kecker Weise. Herr Müller=Hamdorf fand sich mit seine
1617 3018 2837 3085 Rolle als Freund vortrefflich ab, ebenso Herr Roebbelen al
1621 3061 1781 3133 Vater.
