3436 4192
234 1099 337 1202 —
381 157 799 241 Liebelei
843 156 1356 277 box 12/4
206 170 802 289 5. LiezeIeT
1381 1122 1467 1226 720
475 1138 1149 1237 Die heutige Nummen#thält:
1468 1165 3319 1254 waren, mit einemmal Musik als neuer Kunstausdruckfassen, daß sie, die dem G
1572 1210 3323 1295 hinzu. Hätte ihn der Dramatiker nötig gehabt, dann wäre nichts gewesen als ein Zeit
461 1213 1582 1320 „Beiträge zur Jahrhundertfeier der
1562 1263 3328 1340 sein Werk eigentlich nur ein halbes gewesen. Hatte er ihn gestorben ist. Solche Wort#
381 1309 1572 1377 Völkerschlacht“: „Die Oktobertage des
1575 1323 3316 1393 aber nicht notig — um so unbegründeter und unorganischer deutschen Bühne schon la
1575 1355 3316 1438 die aufgedrungene Vereinigung. Gibt es doch selbst Speidel von dieser Schluß
377 1378 1576 1460 Jahres 1813.“ Von Feldmarschallentnant
1577 1400 2768 1465 Lyriker, die sich die Mitwirkung des Musikers höflichst
2754 1415 3318 1495 wo die Väter resigniert zu
1575 1456 2759 1525 verbitten und, soweit sie ihr Gedicht für ein vollendetes
384 1452 1575 1550 Johann Cvitkovic. „Fürst Schwarzen¬
2759 1468 3309 1527 Inneren Stadt verderben.
1570 1497 2754 1559 Kunstganze gehalten haben wollen, nicht mit Unrecht.
2754 1524 3319 1585 dem Musiker hingeben kön
383 1515 1575 1623 berg vor dem Siege.“ Von R. Eh.= Seite
1575 1550 2755 1625 Schnitzlers Schauspiel hat in seiner gesamten Szenenfolge,
2751 1559 3327 1649 einen kleinen wegzuwerfe
1569 1603 2760 1666 mit all seiner Prosa, nur mit einigen Dialogkürzungen,
382 1587 691 1669 18 und 19.
2747 1606 2946 1687 lieren?
1570 1639 2754 1724 Musiküberguß erhalten. Man muß an die wohlbekannten
1264 1638 1403 1705 4120
481 1642 701 1730 Ferner:
2836 1641 3321 1732 Die zweite Gefahr war
1574 1692 2751 1757 musikalischen Neigungen des Dichters denken, um sein
2755 1684 3301 1776 anderseits ein Komponist
469 1700 1573 1812 Die 16. Fortsetzung des Romans „Mutter und
1574 1732 2750 1810 Entgegenkommen zu begreifen. Als sich ein begeisterter
2744 1756 3323 1828 nicht achtete und die Hand
1566 1783 2761 1856 Komponist meldet##nag es ihn zu erfahren gelockt haben,
379 1786 1569 1886 Kinder“ von Mrs. Humphry Ward.
2748 1799 3313 1883 leichter zu erklären. Das
1567 1834 2758 1894 wie sich Handlung und Worte seines Schauspiels mit
2740 1836 3311 1919 zurück; die realistische M
374 1844 682 1937 Seite 23.
1561 1890 2756 1948 Musik ausnehmen würden. Hat er doch schon einmal den
2752 1892 3305 1965 erfocht noch immer Siege.
1563 1917 2751 1989 Schleier einer tragischen Heldin an eine Pantomimen¬
2738 1937 3289 2011 Schauspiel, ein klingen
1574 1967 1996 2035 Pierrette verschenkt —
2001 1960 2745 2039 so stark ist sein Interesse für die
2739 1983 3278 2057 ein realistisches Gegenn
783 1891 1223 2086 Feuilleton.
1558 2009 2753 2095 musikalische Bühne. Vielleicht könnte es für diese einen
594 1969 808 2088 67
1203 1892 1560 2113 144
2741 2038 3295 2114 für deutsche Opernbegri
1568 2067 2744 2153 Glücksfall bedeuten, wenn sich Schnitzler zu einem echten
2740 2065 3309 2151 etwas Sensation, schien
760 2061 1197 2156 *Liebelei.
1556 2107 2755 2187 und rechten Opernbuche entschlösse. Zu einem echten und
2742 2124 3282 2192 Freilich die seine Kunst
392 2121 1338 2218 (Oper nach dem gleichnamigen Schauspiel von Arthux
1361 2152 2746 2231 Schuit###rechten Bunde mit der Opernmuse, keiner bloßen
2740 2165 3312 2250 zu adeln, den Alltag poeti
428 2187 1553 2262 Musik von Franz Neumann. Aufführung in dek Voltsoper.)
1560 2201 1766 2280 Liebelei.
2740 2211 3297 2286 #nd das Tragische aus d
451 2242 1572 2313 Arthur Schnitzlers Schauspiel lebte un hatte alle
1639 2242 2746 2325 Schnitzlers Schauspiel wollen wir nicht neuerlich be¬
2742 2264 3317 2336 Damit der Musiker einiger
377 2287 1576 2361 Aussichten weiter zu leben. Wie konnte er sein Werk nur der
1563 2283 2743 2353 sprechen, so überzeugt wir es neuerlich loben. Eine Ueber¬
2744 2321 3301 2387 hätte er, wenn es schon
380 2342 1575 2410 Oper ausliefern Selbstverleugnung solcher Art findet sich
1562 2352 2746 2415 schau, ein Gutachten über Begutachtetes, ist auch im Kunst¬
2737 2369 3283 2428 Puccini selbst oder eige
374 2388 1579 2462 selten bei deutschen Dichtern, eher bei französischen. Die
1560 2391 2748 2457 leben nach den Gesetzen des guten Geschmackes aus¬
2737 2399 3258 2483 Wiener Puccini sein mü
378 2433 1570 2507 Regel ist, daß der Autor nicht gefragt wird; zumeist weil
1562 2446 2742 2498 geschlossen. Der Leser hat ohnehin noch das Meiste im
2731 2448 3248 2524 leicht erst recht eine Umt
378 2480 1565 2556 er, durch längeres Totsein verhindert, gar nicht antworten
1569 2489 2738 2557 Gedächtnis, die Vorgänge wie die Gestalten. Erinnern wir
2737 2512 3283 2586 langt, bevor er die Feder
377 2527 1565 2593 könnte. Der Einbruch des Musikers erfolgte nach älterer
1556 2533 2751 2623 ihn bloß daran, daß der Dichter in „Liebelei“ die
2815 2548 3303 2612 Herr Franz Neumann
371 2572 1573 2645 Praxis zumeist in Werke solcher Dramatiker, die sich nicht
1556 2583 2740 2657 Lieblingsfiguren seiner Anfänge, den jungen Genießer
2730 2581 3236 2674 geboren. Er verleugnet
377 2629 1564 2690 mehr wehren konnten. Dabei kam es regelmäßig zu einer
1560 2630 2732 2698 aus gutem Hause und das mitgenießende und genossene
2732 2638 3307 2715 und man kann ihn einen
376 2683 1564 2739 Umwandlung des Dramas in ein Libretto, zu einer
1559 2684 2739 2746 süße Mädel, beide mit Denken und Empfinden in Wien
2730 2689 3321 2760 musiker mit szenischem Bi
359 2719 1564 2790 Spezisikation des okkupierten Stoffes, wie die Juristen
1559 2731 2739 2804 bodenständig, sich dramatisch auseinandersetzen, ihr tragisches
2732 2732 3307 2813 nennen. Das ist nicht we
361 2769 1567 2848 sagen. Ein Libretto stellt eine artverschiedene Sache vor,
1562 2772 2742 2842 Gesicht zeigen läßt. Zwei Pärchen sind einander gegen¬
2741 2787 3313 2862 voraus. Schon sein Buch
377 2821 1561 2881 der Operntext baut das Drama um, um es für den
1559 2815 2743 2902 übergestellt: Mizzi und Theodor, das leichtlebigere und
2731 2825 3322 2891 auf die im musikalischen
368 2861 1566 2940 Musiker wohnlich zu machen. Die Sonderexistenz des
1551 2869 2742 2939 nüchterne, Christkne und Fritz, das tiefere und sentimen¬
2729 2872 3313 2940 Schwang gekommene Metho
356 2912 1566 2981 Dramas bleibt unberührt. Siehe „Figaro", „Wilhelm
1561 2918 2734 2977 tale. Die letzten beiden gehören zu jenen Schnitzlerschen
2729 2921 3308 2998 nur gerade soviel Musik beizu
365 2965 1567 3031 Tell“, „Othello", von einem drastischen Exempel wie
1562 2967 2742 3027 Charakteren, von denen hübsch gesagt worden ist, daß sie
2730 2970 3309 3048 im Grunde überhaupt i
362 3012 1560 3071 Gounods „Faust“ nicht zu sprechen. Erst in neuerer Zeit
1553 3012 2744 3079 leichtsinnig handeln und schwermütig denken. In die
2728 3018 3304 3090 nennt man das. Eine
367 3044 1551 3117 ist es Mode geworden, wohlbeglaubigte Dramen, so wie
1560 3056 2736 3117 Sphäre leichten Lebensgenusses fallen tragische Schatten.
2733 3061 3313 3140 Komponisten, die nicht zuvi
361 3083 1559 3170 sie aus der Hand des Dichters hervorgegangen sind, als
1558 3111 2731 3173 Fritz, der auch in jenen Gesellschaftskreisen wildert, in
2725 3103 3320 3191 weiß alle Ritzen des Dialog
375 3153 1555 3205 Caneras für die Bestickung mit Musik zu be¬
1557 3153 2737 3204 denen man die Ehe bricht, wenn man liebt, kommt im
2722 3167 3319 3216 hat eben deren. Hierin wie
362 3188 1553 3253 nützen. Ein älteres Beispiel: Heinrich. Zöllners
1546 3207 2726 3251 Duell um: die Tragödie des Lebejünglings, der sich vor¬
2720 3213 3321 3284 Reiz und in der Gefühls
365 3246 1556 3307 „Faust“=Oper; ein jüngeres, sensationelles: „Salome“.
1540 3230 2731 3311 zeitig um das Leben liebelt. Die Tragödie des armen
2717 3261 3318 3325 Komponist von „Beheme
355 3278 1557 3353 Da tritt eben denselben Szenen, eben denselsen Worten,
1540 3305 2724 3371 Mädchens folgt, das sich durch Liebelei um die Liebe be¬
2728 3306 3322 3374 zuahmen, als in seiner Dich
360 3344 3328 3417 die doch ursprünglich durch sich selbst zu wirken bestimmt trogen sieht. Christine geht in den Tod. Sie kann es nicht dieses seines Stils sind in ##
