3484 4256
161 241 693 352 5. Liebelei
285 248 1282 364 box 13/5
1814 177 2638 287 „OBSERVER
1890 263 2587 338 I. österr. behördl. konzessioniertes
1867 308 2632 396 Unternehmen für Zeitungs-Ausschnitte
1943 357 2557 452 WIEN, I., WOLLZEILE 11
2010 421 2487 496 TELEPHON R-23-0-43
1824 556 2210 647 Aussehitt aus:
2058 636 2115 741 M
2271 657 2687 780 ar Jeuranl, Wien
2253 762 2414 868 NOV
1844 783 1988 880 deh:
1834 927 2697 1042 Theater und Kunst.
1808 1054 2713 1189 Konflikt um „Liebelei“.
1809 1177 2728 1241 Raimund=Theater und Autoren verzichten auf
2046 1224 2478 1293 Weihnachtspremiere.
1748 1264 2879 1347 Die als Weihnachtsnovität des Raimund=Theaters
1656 1320 2894 1406 angesetzte Uraufführung der Neufassung der Schnitzlerschen
1661 1382 2892 1440 „Liebelei“ mit der Musik von Oskar Straus, ist aneinem
1655 1428 2882 1487 Konflikt gescheitert, der zwischen der Direktion des
1663 1479 2876 1544 Raimund=Theaters und den Autoren des neuen Librettos ent¬
1666 1527 2881 1592 standen ist. Direktor Dr. Hock beabsichtigt, von einer Aufführung
1659 1580 2889 1637 des Werkes vorderhand abzusehen. Die Auflösung des vor
1654 1633 2884 1687 längerer Zeit abgeschlossenen Vertrages ist nun aus dem Grunde
1646 1678 2880 1745 erfolgt, weil die Autoren die im Kontrakt festgesetzten
1648 1722 2437 1794 Aenderungen nicht vorgenommen haben.
1755 1790 2757 1859 Der Standpunkt des Raimund=Theaters.
1749 1846 2878 1921 Ueber diese aufsehenerregende Theateraffäre macht uns
1648 1912 2876 1966 Direktor Dr. Stephan Hock folgende Mitteilungen: „Ich und
1659 1952 2879 2011 mein Mitdirektor Barnay als Leiter des Raimund=Theaters
1659 2000 2884 2055 haben am 25. Juni einen Vertrag mit den Autoren des Spiels
1653 2049 2883 2102 mit Musik „Liebelei“ Musik von Oskar Straus, abgeschlossen,
1654 2097 2875 2151 in dem sich die Librettisten verpflichteten, gewisse, nach unserer
1659 2141 2889 2200 Ansicht notwendige Aenderungen durchzuführen. Der Umfang
1652 2195 2885 2260 dieser Aenderungen, die also bei Vertragsabschluß verlangt
1655 2239 2886 2287 wurden, war von Direktor Barnay und dem einen der
1644 2284 2886 2340 Librettisten Paul Knepler in einem Gedächtnisprotokoll fest¬
1653 2339 2888 2406 gelegt worden, das ausdrücklich als essentieller Teil des Vertrages
1653 2384 1959 2449 erklärt wurde.
1749 2445 2870 2508 Nachdem wir nun die im Juni besprochenen Aenderungen
1649 2486 2873 2552 des Werkes bis Mitte Oktober nicht erhalten hatten, richteten
1655 2536 2878 2598 wir an die Autoren einen Brief, in dem wir ihnen eine letzte
1645 2578 2877 2644 Frist bis 23. Oktober stellten, da wir sonst das Stück nicht als
1655 2629 2880 2685 Weihnachtsrovität bringen könnten. Eine Komplikation besteht
1654 2687 2877 2746 auch darin, daß vom Landesverteidigungsministerium bezüglich
1658 2729 2885 2794 dieses Stückes ein Verbor der Verwendung von altösterreichischen
1659 2779 2894 2832 Uniformen erlassen wurde und wir den Behörden also das Buch
1652 2832 2893 2893 hätten neuerdings einreichen müssen, was eine abermalige Ver¬
1663 2873 2874 2933 zögerung herbeigeführt hätte. Nachdem auch bis zu diesem
1652 2922 2898 2980 Termin die Aenderungen nicht durchgeführt wurden, erklärten
1652 2969 2863 3031 wir den seinerzeit geschlossenen Vertrag für gelöst, da infolge der
1648 3010 2865 3079 kürzen Zeit eine gründliche Vorbereitung der Operette bis Weih¬
1648 3049 2904 3148 nachten nicht mehr möglich wäre und wir das Werk nur als
1667 3114 2467 3174 Weihnachtsnovität herausbringen können.
1758 3165 2886 3234 Wir waren von Anfang an der Ansicht, daß durch die
1648 3185 2879 3272 Aufführung die Pietät vor dem Schnitzlerschen Werk nicht ver¬
1661 3253 2879 3321 letzt werden könne, wenn sich das Singspiel entweder eng an die
1658 3316 2860 3364 Originalfassung halte oder nur einige Motive der „Liebelei“
1655 3347 2870 3405 als Grundlage für ein neues, heiteres Stück verwendet werden.
1662 3398 2883 3452 Aus diesem Grunde hatten wir auch, was allerdings im Vertrag
1656 3448 2879 3507 nicht aufgenommen worden ist, eine Titeländerung beantragt.
1647 3489 2872 3545 Wie recht wir mit unseren Forderungen hatten, bewies die Ur¬
1656 3540 2877 3601 aufführung des Werkes in Kopenhagen, wo die Kritik den
1651 3567 2877 3642 Autoren und Konponisten fast einmütig den Vorwurf machte,
1656 3631 2878 3711 daß sie aus dem Schauspiel Schnitzlers eine reine Operetie ge¬
1654 3679 1925 3758 macht hätten
1937 3720 2582 3818 Was Oskar Straus sagt.
1765 3795 2886 3849 Oskar Straus, der gestern abend aus Paris, wo er eine
1629 3830 2880 3935 Reihe von Schallplattenaufnahmen seiner Wirke geleitet und
2743 3916 2796 3993 —
1657 3965 2903 4046 außerdem wegen der Pariser Premiere der „Liebelei“ im
1650 4012 2886 4089 Thsatre Pigalle, die im Frühjahr stattfindet, die entsprechenden
1655 4061 2883 4123 Abmachungen getroffen hat, hier eingetroffen ist, äußert iich
1656 4105 2956 4169 einem unserer Mitarbeiter gegenüber über vie gescheiterte Weih¬#
1665 4156 2531 4208 nachtspremiere der Liebelei“ im Raimund=
