3484 4224
-7 1039 85 1107 ari
-2 1096 81 1156 ri
-7 1143 80 1205 Sei
-18 1411 87 1458 elhe
488 167 680 236 Lieb
999 168 1444 252 box 10/3
300 166 887 268 5. Lisselei
2122 983 2756 1061 Auswärtige Staaten.
772 1013 1851 1089 — Vom Abg. Paasche ist mit Unterstützung von 24 Mit¬
1910 1021 3047 1112 Bulgarien. Ueber die Ceremonie der „Umtaufe“
200 1040 629 1131 Freiteg zur Beisetzung
636 1076 1839 1132 gliedern seiner der nationalliberalen, Partei, der Antrag auf Be¬
1846 1075 3059 1159 des bulgarischen Thronfolgers wird in Sofia von
636 1111 1845 1184 seitigung der Creditirung des Eingangszolls bei der Einfuhr von
202 1128 627 1206 Prinzen Friedrich
203 1162 3061 1243 als commandirender! Weizen, Roggen, Hafer, Hülsenfrüchten, Gerste, Raps und Rübsaat) zuständiger Seite die nachstehende Auskunft erteilt: „Wie findet
1859 1211 3065 1311 Lust der Sorgfalt entgegen, sie ahnten, dafs sie nach langer Zeit wieder
636 1262 1855 1345 suchen für die andern, ins Nebenzimmer zu treten. Ein fremder Herr
1852 1252 3072 1355 einmal einen Erfolg in der Tasche trugen. So gelungen humorvoll,
641 1305 1850 1373 tritt über die Schwelle, wie der Gouverneur im Hause des Don Juan.
202 1298 380 1405 att.
645 1339 3055 1415 Und inderthat, aus der äußerst kurzen, aber höchst deter= wie Herr Jarno seinen „Theodor“, Herr Reiche den alten Stadt¬
1849 1333 3058 1429 musikus mit dem warmen väterlichen Herzen, Frl. Marie Mayer die
648 1374 1850 1453 minirten Art des fremden Herrn, welcher Herrn Logheimer
1862 1386 3082 1464 etwas zweifelhafte „Hausfreundin Frau Binder", Frau Gisela
197 1394 325 1467 er.
642 1412 1858 1475 seiner Gattin wegen stellt und ihm die Unvermeidlichkeit des Duells
1858 1423 3049 1496 Schneider die leichte „Mizi“ und Herr Ritter seinen „Logheimer“
186 1428 639 1500 nrich v. Kleist's „Zer¬
638 1456 1862 1532 begreiflich macht, erfahren wir auch den ganzen gefährlichen Roman
1852 1453 3080 1538 spielten haben die Darsteller schon lange nicht bei einer Erstaufführung
186 1488 636 1550 etigen modernen Schau¬
648 1484 1856 1565 des leichtsinnigen Fritz. Der fremde Herr verschwindet nach diesem
1857 1480 3070 1579 das Glück gehabt. Für das dramatische Intermezo im
204 1518 636 1582 hitzler zur Aufführung.
2409 1525 3072 1624 Rissen der markirteste Ver¬
641 1528 1864 1607 dramatisch sehr wirksamen Intermezzo aus dem Stücke, die ungetreue
203 1554 643 1639 Tumuli empörter Ge¬
1855 1555 2431 1628 ersten Acte war in Herrn
2462 1566 3074 1641 gewählt. Rauschender Beifall
646 1566 1855 1639 Gattin tritt glücklicherweise garnicht in den Vordergrund der Scene. Aber
1851 1591 2442 1663 treter des „fremden Herrn“
214 1601 367 1662 Abend.
650 1599 1856 1683 der Zweikampf findet statt, nachdem Fritz im 2. Acte noch Christine
1860 1615 3084 1699 am Schluss der Acte führte zu wiederholten Hervorrufen des Wiener
197 1629 637 1699 Pien und spiegelt mit
648 1650 1864 1726 in der bescheidenen 4 Stock hohen väterlichen Vorstadtwohnung auf¬
202 1664 644 1742 pfindungsvermögen einer
1866 1690 2041 1752 Autors.
649 1692 1862 1765 gesucht, und unter dem Vorwand, für einige Zeit verreisen zu müssen,
1938 1694 3071 1765 Kleist's Lustspiel „ Der zerbrochene Krug“ war zwar
225 1710 638 1777 der jungen Leute, die
644 1720 1856 1809 zärtlichen Abschied von ihr genommen. Der 3. Act bringt den tra¬
1872 1732 3084 1813 nicht die richtige Einleitung für den wesentlich modernen Abend aber
201 1746 650 1818 ie hierbei im Zeitalter des
640 1757 1864 1848 gischen Ausgang. Christine vergeht in Sehnsucht und Ungeduld, und nun
1873 1757 3082 1853 das wunderbare Werk, sorgfältig einstudirt und in der Hauptrolle von
216 1783 651 1857 Anschauungen geleitet
649 1796 1869 1888 bricht die Kunde herein, dass Fritz im Duell erschossen worden ist.
1872 1805 3091 1892 Herrn Müller („Adam"), Marie Meyer („Dörthe"), Helene
201 1834 655 1915 er Frivolität erfüllte
652 1830 1861 1918 Allmählich taucht in der Unglücklichen, die zu verzweifeln droht,
1864 1845 3088 1933 Stagli („Evchen") vortrefflich gespielt, konnte nicht verfehlen, die
225 1875 645 1935 eine zarte weibliche
650 1866 1865 1960 die Wahrheit auf und das schmerzliche Bewusstsein: Ich habe ihn
1867 1886 3080 1978 Gemüter heiter zu spannen, und die Gardine fiel am Schlufs unter
204 1906 651 1969 Ein junges Mädchen mit
649 1909 1866 2006 geliebt und für eine andere ist er in den Tod gegangen!" Von Ver¬
192 1945 653 2017 erzen, dis Tochter eines
1866 1948 2279 2023 allgemeinstem Beifall.
661 1962 1870 2031 zweiflung gepackt, entreißt sie sich den Armen des zärtlichen
194 1985 658 2066 Geliebt von einem jungen
651 1994 1871 2079 schwachen und trostspendenden unglücklichen Vaters und stürzt an Mizi
1978 1984 3094 2088 * Concerte. Gut besucht war am Dinstag in der Sing¬
195 2029 662 2098 von Hause aus allen
664 2029 1877 2117 und Theodor vorüber hinaus, um zu sterben. „Sie kehrt nicht zu¬
1870 2048 3094 2123 akademie das Concert von Rosa Hochmann und Ella Schmöckel.
188 2056 664 2131 Lebemänner von heute
662 2078 1878 2146 rück!“ Mit diesen Worten bricht der schwer geprüfte und verlassene
1872 2082 3089 2156 Erstere zeigte wieder, dass sie ein hübsches Talent und eine gut ge¬
186 2111 657 2174 vird wohl nichts aus
799 2104 1871 2196 Christinens, der sein geliebtes, einziges Kind ver¬
656 2138 816 2196 Vater
1873 2111 3101 2211 schulte Technik besitzt. In der Spohr'schen Gesangscene war freilich
202 2137 662 2214 khr herzensbeklommenen
1734 2148 1868 2208 und
662 2160 1761 2240 geblich aufzurichten bemüht war, trostlos zusammen
1885 2159 3098 2247 zu erkennen, dass die jugendliche Geigerin noch fleißig zu arbeiten und
199 2177 652 2262 ing mit dem feelisch
1123 2192 1883 2268 Dieser Ausgang Christigens mag
960 2206 1115 2277 fällt.
1876 2196 3096 2275 an sich zu feilen hat, um den hohen Anforderungen, die diese schwierige
656 2205 985 2275 der Vorhang
383 2214 659 2289 Irgend ein
205 2226 404 2287 werden.
659 2228 1885 2303 trotz der ergreifenden Tragik verblüffen. War er absolut not¬
1882 2223 3106 2317 Composition stellt, nach allen Richtungen hin zu entsprechen.
193 2257 653 2325 ens, einst dem heiß Ge¬
666 2262 1889 2347 wendig? Nicht nur die zärtlich flehende Liebe des treuen Vaters
1873 2283 3096 2371 Ihr Instrument hat nur flachen und etwas spröden Klang, trotzdem
198 2296 659 2363 verhängnisvoll zerstören.
651 2311 1879 2397 kommt hier, um Christine von dem verzweifelten Schritt zurückzuhalten,
1880 2313 3107 2394 versteht es Frl. Hochmann, einen verhältnismäßig großen Ton zu
197 2337 660 2402 seele ihrer durch und
738 2346 1874 2419 Betracht. Vor allem liegt ja das Bild des schwärmerisch
1887 2357 3099 2435 entfalten. Die Sängerin Frl. Schmöckel war uns neu, und nach
633 2363 751 2439 in
2754 2388 2819 2435 6r
197 2373 660 2443 Er stellungsfreien Modistin,
665 2396 1885 2472 Angebeteten zertrümmert von ihrem Auge. Fritz war der aufrichtigen
1881 2392 3111 2475 ihren Leistengen inden wir ihr Auftreten verfrüht. Ihr kleiner, heller
200 2412 663 2485 zu nehmen gewillt ist und
674 2436 1880 2500 großen Liebe dieses Mädchens nicht wert, die schließlich auch noch mit
1890 2427 3107 2505 Sopuan besitzt wenig Umfang und klingt besonders in der höheren
203 2447 670 2517 ist Theodor Ksiser, der
678 2482 1326 2560 dem freiwilligen Tode besiegelt wird.
1895 2470 3115 2553 Lage scharf und gezwungen. Ihre Technik war nicht übel und in Bezug
194 2488 669 2557 dieser selbst, der mit Be¬
749 2494 1884 2577 Aber der Verfasser hat wohl verstanden, das Publikum zu fesseln,
1890 2514 3116 2591 auf Vortrag war sie sichtlich bemüht, denselben möglichst ausdrucksvoll
193 2526 672 2607 eund sich in aben¬
2203 2550 3118 2617 Die Schüler=Vorstellung der Gesanglehrerin Frau
679 2542 1899 2619 die vollste Teilnahme wachzurufen. Ein fesselndes Wiener Gemälde
1896 2569 2175 2635 zu gestalten. —
197 2564 660 2655 zu ernsten Katastrophen
672 2583 1888 2668 in seinen localen Farben und Stimmungskönen anziehendster Art,
1889 2559 3108 2686 Dr. Kohut=Manstein im Hotel de Rome zeigte einige über¬
214 2607 674 2675 ihres Geliebten hat
676 2621 1899 2689 verwandt mit dem Stile Alphonse Daudet's. Der Verfasser hat
1896 2618 3115 2695 raschende Resultate hinsichtlich des von ihr gepflegten altitalienischen,
212 2642 680 2715 für sie zum tragischen
686 2660 1902 2731 sich mit vollem ethischem Ernste in seine Aufgabe vertieft und
1891 2643 3118 2744 dramatischen Coloraturgesanges. Es fehlt ihr ja auch keineswegs an
197 2695 676 2759 Funggesellenheim des ewig
682 2705 1902 2772 inmitten der realistischen von sonniger Lebenswärme er¬
1899 2689 3119 2779 gut beanlagten Stimmen, doch finden wir, dass im ganzen zu schwierige
199 2728 677 2805 ben Abend. Begegnen der
1366 2739 1891 2800 zur Aufführung gebracht,
677 2752 1380 2814 füllten Detailmalerei eine Gestalt
1895 2739 3116 2811 Aufgaben gestellt wurden. Das zahlreich erschienene Publikum spendete
187 2757 673 2837 Lichte an, man setzt
1369 2769 1906 2847 dem Idealismus ihrer Liebe
679 2782 1389 2858 die über die flache Alltäglichkeit mit
1900 2798 2205 2878 vielen Beifall!
195 2813 677 2871 ielt und getamzt. Der
1384 2794 1900 2881 Frl. Sorma hatte bei der
676 2831 1405 2895 und feelischen Reinheit weit hinaushebt.
191 2843 673 2909 Fröhlichen Paares ist vom
677 2866 1905 2928 Darstellung dieser Christine wieder ihre herrlichen Momente,
2013 2845 3132 2931 *Im Theater Unter den Linden eröffnet am Freitag Frau
193 2881 685 2943 lde fein und charakteristisch
674 2888 1902 2966 wurde aber stellenweise durch das ungewohnte des Wiener
1906 2900 3126 2992 Pettersson=Noxrin ein Gastspiel in der Offenbach'schen Operette „Die
198 2925 690 2993 in dieser Welt. Plötzlich
688 2931 1909 3008 Dialekts in der Fr.iheit ihres künstlerischen Wesens behindert.
1905 2936 3124 3002 schöne Helena". Frau Pettersson=Norrin gilt als die erste Operetten¬
285 2957 677 3037 der schrille Ton
1685 2970 1924 3027 gut ab¬
194 2968 293 3024 ken
684 2955 1698 3063 Die Darstellung war nach allen Seiten hin
192 2999 689 3074 eimal, dann entschließt
201 2974 3130 3107 gleich zurück mit dem Er= gerundet und wirksam. Aus allen Mitspielenden leuchtete die 1 sängerin Schwedens, beherrscht jedoch vollkommen die deutsche Sprache.
773 3068 2009 3311 Lateg
