3484 4320
269 238 480 314 Lieb
525 242 695 313 lei
310 297 813 346 —.—
823 241 1280 335 box 12/8
1780 175 2815 230 ernit lichten om met den onmtddellijk voortgegetten
1781 214 2814 261 gelachtegang, nu hij het alles allern had ie zegzen.
1775 252 2438 292 de aundacht tegemoet te konten.
1821 276 2822 332 Met het eerste stukje der Lebendige Stunden
1778 314 2819 379 (nit 1901) dat den titel geefr aan het kwartet, waar
1774 365 2823 417 het ten onzent door meer dan éen gezelschap gespecl¬
1773 402 2822 452 1e Literatur bet eind van vormt, is Dr.Schnitzler
1759 424 2832 487 so voordrachten begonnen. Fel tast hi: daar kunste¬
1771 466 2826 522 naars-zelfzucht aan. In een voorstad van Weenen
1772 513 2829 576 ##en klein rüke-lui's-huis. De tuinman werkt in den
1758 549 2817 600 zuin: de oude heer Hausdorfer komt het huis uit en
1772 590 2834 642 vertelt den deod der ran Hofrätin“, Deze was con
1767 628 2838 669 verlaten vreuw, haar man liep weg met een andere.
1775 658 2851 710 Toen toonde Häusdorfer zich uaar vriend. Hoeveel
1768 692 2830 764 hij voor de doode geweest is erkent dankbaar
1765 744 2840 798 Ieinrich, haar zoon, die, terüg van cen reis, ook den
1767 774 2819 826 ruin in komu Wij hebben dl over Heinrich gehoord
1757 819 2828 862 in het gesprek van Hausdorfer met den tuinman. Hos
1767 852 2825 911 jong Heinrich nog zij, er wordt vaak van hem in de
1755 891 2818 929 kranten gerept en de menschen spreken over hem.
1752 931 2818 978 „Haben Sie, vraagt Hausdorfer aan den fuinman,
1763 958 2827 1019 denn nie den Schein um seinen Kopf bemerkt?“ En
1760 1000 2823 1044 wanneer de tuinman vreemd daarvan opkijkt:
1768 1033 2820 1082 „Haben S’ keine Angst, Borromäus, ich red’ von
1754 1077 2821 1117 keinem wirklichen Schein, nur von einem figür¬
1758 1114 2824 1171 lichen. Sie konnen ihn nicht rehen, Borromäus, ich
1757 1154 2827 1208 auch nicht; aber die Frau Hofrätin hat ihn gesehen'.
1810 1196 2824 1260 Wil de bedroefde oude vriend der veel jongere ge¬
1755 1210 2814 1286 slorven vrouw zeggen, dat zij, de moeder, te veel in
1761 1280 2832 1324 haar zoon zag? Ach, Hausdorfer-zelf weet ook heei
1756 1311 2823 1345 goed: Heinrich is kunstenaar en „ein Dichter — ###
1758 1354 2819 1391 ist schon eine andere Art von Mensch, wie unsereiner“.
1799 1388 2812 1426 Doch nu hij — de tuinman is heengegaan — alleen
1752 1431 2813 1477 ie met den zoon van haar, die hij zoo innig heeft lief¬
1754 1471 2810 1519 gehad, nu komt het van het een op het ander en kan
1759 1507 2817 1553 de oude het geheim nict bewaren, horwel de doode
1747 1546 2805 1584 het hem in een brief heoft verzocht, un zegt hij den
1755 1589 2813 1641 zoon wat die brief verklapt heeft: de goede vrouw,
1757 1618 2806 1669 die, deerlijk krank, toch nog wel drie jaar had kunnen
1748 1664 2808 1709 leven, heeft te veel morfinc ingenomen om haar zoon
1750 1703 2811 1759 van dat moederlijden, dat hem hinderlijk was, te ver¬
1754 1727 2825 1799 Jossen — haar zoon, die immers een kunstenaar is,
1755 1782 2703 1831 die niets hinderlijks om zich heen kan dulden.
1785 1799 2815 1874 Den jongen dit offer der moeder niet gunnend, ver¬
1754 1856 2818 1920 wijt Hausdorfer: — o jjj, je zult er makkelijk over
1756 1899 2814 1943 heen komen, du wirst dich aufraffen! leben! ge¬
1762 1942 2810 1990 stalten! Hochmütig seid ihr, das ist es: hoch¬
1758 1971 2807 2021 mütig, alle, die Grossen wie die Kleinen! Was ist
1756 2009 2811 2071 denn deine ganze Schreiberei, und wenn du das
1744 2066 2803 2106 grösste Genic bist, was ist sie denn gegen so eino
1757 2091 2804 2141 Stunde, so eino lebendige Stunde, in der deine Mutter
1753 2138 2799 2189 hier auf dem Lehnsfuhl gesessen ist und zu uns ge¬
1750 2173 2794 2217 redet hat, oder auch geschwiegen, aber da ist sie ge¬
1754 2207 2567 2257 wesen — da! und sie hat gelebt, gelebt!
1786 2246 2446 2295 En de zoon heeft dit antwoord:
1820 2280 2809 2346 — „Lebendige Stunden? Sie leben doch nicht länger
1741 2325 2803 2363 als der letzte, der sioh ihrer erinnert. Es ist nicht der
1753 2373 2797 2411 schlechteste Beruf, solchen Stunden Dauer zu ver¬
1745 2403 2431 2467 leihen, über ihre Zeit hinaus..
1787 2451 2819 2537 De kostelijke vertelling, welke Schnitzler na de
1743 2521 2802 2558 rustpoos heeft voorgelezen — cen lang stuk, om voor
1738 2552 2790 2594 te lezen, juist als men zelf er de schrijver van is —
1744 2598 2809 2654 treft kunstenaarszelfzucht in anderen toon en brengt
1745 2637 2800 2680 ons bovendien tot wat anders, dezen schrijver zoo wel¬
1743 2673 2793 2713 wertrouwd en waarin hij de Weener Maupassant is:
1746 2709 2802 2760 den wrang-komischen minnestrijd. Na vele, vele jaren
1750 2755 2808 2802 heeft Fräulein Hell, de opera-ster, de smeekingen van
1750 2791 2794 2841 Baron von Lieseburgh verhoord en den volgenden
1748 2830 2796 2886 ochtend maakt hij nu plannen, nog een jaar of vier
1751 2869 2795 2917 theater dan zal Kläre wel willen trouwen.... Nog
1745 2907 2803 2969 wat jaren en hij betaalt met het leven de tiding,
1755 2944 2484 2999 waarom zij hem ecns verhoord heeft.
1796 2987 2796 3035 Vöör de pauze, na Lebendige Stunden heeft
1742 3018 2789 3086 de schrifver den cersten Einakter uit den Cyelus
1749 3054 2796 3105 Anatol voorgelezen en hiermee het motief behan¬
1746 3105 2786 3146 deld, den meesten menschen hier vam hem bekend, daar
1739 3145 2788 3183 het stukje niet brengt in di sfeer van Minnespel
1743 3173 2791 3230 (het door Mijnssen vertaalde Liebelei), doch daar¬
1740 3234 2790 3270 van rept als ran iets begeerlijks, althans dat de mon¬
1739 3255 2787 3309 daine benijdt, die Anatol op straat ontmoet. Want zij
1743 3299 2795 3358 zelve mist den moed, de kracht om te minnen vant
1743 3337 2790 3386 „süsses Mädel“. Het kwam ons voor, dat de voorle¬
1735 3374 2796 3431 zing hiervan het meest op het anditorium ingewerkt
1737 3415 2780 3457 heeft. En toch, hoe sober is de stof, niets gebeurt er,
1728 3454 2783 3502 wwee menschen praten, daags vöör Kerstmis cen
1735 3491 2793 3554 straat-ontmoeting. Waarom kent ons tooneel zulk
1737 3546 2791 3588 werk nict? Is het bezwaar het innig-mondaine, waar¬
1732 3557 2793 3622 wan de uitbeelding beslist-noodig is? Of alweer dit,
1740 3616 2787 3661 dat er niets gebeurt? De voorlezing gaf nochtans al
1740 3658 2789 3705 „werking“! We zagen twee werelden, volheid en
1729 3689 2777 3736 leegheid, volheid met weemoed van iets bontstondigs,
1737 3729 2235 3795 leegheid als het ergere.
1771 3787 2783 3851 Het talrijke publiek, dat Schnitzler's eerste voor¬
1739 3842 2793 3882 dracht heeft aangehoord (ook het tooneel was verte¬
1735 3877 2774 3928 genwoordigd, o. a. door den beer en mevrouw Chris¬
1728 3915 2779 3968 piin) heeft den vermaarden schrijver de hulde ge¬
1733 3951 2780 4003 bracht, waar hij recht op heeft: hij, 206 modern en
1735 3992 2815 4051 toch 266 mensch, z00 penetrant en ragfisn ievens, vank
1738 4047 2480 4104 gonder te spreken de dingen zeggend.
2816 3914 2852 3974 1
