3436 4256
444 178 770 248 iebelei
899 175 1370 268 box 10/7
250 175 836 283 5. 11
841 950 1247 1020 Telefon 12801.
562 1034 1581 1145 Unternehmen für Zeitungs-Ausschnitte.
1446 1097 1632 1162 Ausschnitt
728 1127 1722 1268 „OBSERVER“ Nr. 26
317 1245 1720 1336 L. österr. behördl. conc. Bureau für Zeitungsberichte u. Personalnachrich
514 1317 1614 1426 Wien, IX/1. Türkenstrasse 17.
745 1412 1377 1492 Filiale in Budapest: „Figyelé“
429 1473 1689 1562 Vertretungen in Berlin, Chicago, London, Newyork, Paris, Stockholm.
344 1574 1507 1679 Ausschnitt aus: 7/64 Terure
1470 1601 1732 1742 Bee
344 1763 728 1889 vom 7/87)
572 1933 1679 2013 Herr Jaruo hat sich gegen das Ende seiner so erfolgreichen
502 1992 1666 2063 Sommerdirektion verpflichtet gefühlt, Arthur Schnitzler's „Liebelei“
497 2019 1672 2113 noch in seinen Spielplan aufzunehmen. Der reiche Beifall nach der
508 2066 1674 2133 gestrigen Aufführung hat bewiesen, daß das Publikum ihm dafür
502 2100 1684 2161 Dank weiß. Es giebt heutzutage wenig gastirende Künstlerinnen,
512 2163 1686 2203 welche die Christine, diese so einfache und schlichte, und in ihrer
511 2165 1694 2241 schlichten Beicheidenheit so echte und wahre Mädchengestalt nicht
511 2209 1684 2284 spielen. Vor wenigen Monaten hatte Adele Sandrock das
496 2264 1691 2330 Experiment unternommen sie uns vorzuführen. Was ihr,
498 2301 1686 2363 der Heroine mit gewaltigem Schritt und dem Medusenantlitz
492 2325 1694 2384 mit Aufbietung aller der erfahrenen Künstlerin zu Gebote
490 2362 1693 2433 stehenden Bühnentechnik nicht gelungen ist, das erreichte gestern
487 2403 1681 2454 Hansi Niese mit den denkbar einfachsten Mitteln: Man
496 2436 1679 2513 glaubte ihr ihre Christine. Und darauf kommt es gerade bei dieser
495 2477 1680 2535 Rolle so sehr an; dieses einfache Mädchen aus dem Volke kann nicht
497 2515 1689 2592 mit schauspielerischer Kunst allein, es muß mit vollstem Gefühl und
495 2548 1685 2632 inneriter Ueberzeugung gespielt werden. Vielleicht gab Hausi Niese die
505 2592 1686 2642 Cbristine etwas zu ernst, aber schließlich brachte sie gerade dadurch den
505 2626 1680 2696 Gegensatz des wahrhaft liebenden Mädchens gegenüber dem flatterhaften
504 2671 1679 2728 Liebhaber, der keine Liebe, nur Liebelet kennt, zu packendem Ausdruck.
510 2704 1678 2772 Ueberwältigend war ihr Schmerz, als sie den Tod des von ihr Ge¬
496 2730 1689 2819 liebten erfährt. als ihr kund wird, daß er um eine andere den Tod
506 2780 1696 2835 hat leiden müssen. Für die Bitterniß der so schmählich in ihrer ehr¬
498 2814 1689 2884 lichen Liebe Getäuschten fand sie ergreifende Töne. Das ganze Spiel
501 2852 1689 2931 war, wie man es bei dieser Künstlerin nicht anders gewöhnt ist, bis
501 2891 1690 2963 in die kleinste Einzelheit durchdacht. Herr Walden, welcher den
518 2932 1696 3005 Fritz spielte, brachte die innere Haltlosigkeit, die kühle Blasirtheit und
517 2966 1698 3048 die dazwischen zuweilen aufblitzende Idee von einer wahren Liebe,
504 3001 1691 3089 endlich die inneren Qualen beim Hereinbrechen der Katastrophe sehr
515 3045 1689 3117 gut zum Ausdruck. Herrn Jarno's lustiger Theodor Kaiser ist in
383 3079 494 3148 Für
511 3071 1767 3142 Berlin genügend bekannt. Eine vorzügliche Leistung in Spiel und fire
467 3120 1742 3216 o. Maske bot Herr Link als Christinen's Vater, und Fräulein Krißk).
468 3149 1757 3255 war eine so lustige und fesche Mizi, wie sie nur an der schöneng ar¬
1474 3170 1780 3256 G. S.  aus
502 3212 1135 3284 blauen Donau umherlaufen kann.
1426 3228 1572 3290 100.—
436 3237 582 3313 „ 1000
516 3262 1769 3346 Im Gegensatze zu anderen Bureaux für Zeitungsausschnitte iste#
404 3311 1769 3399 Abonnement durch keine bestimmte Zeitdauer begrenzt; — auch stcht es#
392 3361 1697 3433 Abonnenten frei die aufgegebenen Themen zu ergänzen oder zu ändern.
2313 1034 2737 1100 Telefon 12801.
2045 1116 3055 1228 Unternehmen für Zeitungs-Ausschnitte.
2933 1156 3123 1240 Ausschalit
2941 1195 3213 1331 Nr. 27
2206 1191 2850 1343 „OBSERVER“
1745 1223 2048 1343 90105
1817 1334 3278 1422 I. österr. behördl. conc. Bureau für Zeitungsberichte u. Personalnachrichten
2011 1400 3093 1489 Wien, IX/1. Türkenstrasse 17.
2234 1471 2883 1578 Filiale in Budapest: „Figyelé“
1918 1543 3197 1640 Vertretungen in Berlin, Chicago, London, Newyork, Paris, Stockholm.
1824 1669 3023 1766 Ausschnitt aus: Gtedyaen-4r
2960 1716 3286 1804 J
1832 1849 2205 1946 vom 2
2343 2026 2768 2110 Neues Theater.
2215 2067 3015 2156 Zum ersten Mgle= „Liebelei“ Schau¬
2057 2110 3016 2205 spiel in deer Aufzügen von Arthur Schnitzler. Hierauf:
2076 2164 3018 2243 „Abschiedssouper“. Schwank in einem Aufzug
2082 2201 3020 2279 von Arthur Schnitzler. — Das Trio: Hansi Niese,
2080 2237 3029 2322 Adolf Link und Josef Jarns vereinte Mittwoch seine
2820 2279 3028 2339 Schnitzlers
2311 2290 2738 2354 gemeinsamer Witkung
2072 2309 2292 2369 Kräfte zu
2076 2327 3028 2393 beiden bühnengerechten Stücken „Liebelei" und „Ah¬
2085 2355 2900 2435 schiedssouper“. Das „Abschiedssouper“ steht
2088 2385 3040 2477 seit längerer Zeit auf dem Repertoire des Theaters am
2098 2433 3033 2507 Schiffbauerdamm. Frl. Niese spielt die Annie nach
2089 2479 3035 2551 kecker Soubrettenart und nicht ohne Eindruck zu machen.
2091 2517 3040 2595 Für die Christine in der „Liebelei“ ist sie zu derb in
2096 2552 3032 2634 Erscheinung und Stimme, zu sehr Naturkind, um die
2088 2600 3029 2663 träumerisch weiche und sentimentale Mädchenseele über¬
2085 2636 3040 2715 zeugend darzustellen. Es wird sich schwerlich eine feschere
2085 2670 3044 2741 Sennerin finden als Fräulein Niese, aber Christine ist
2099 2707 3033 2788 ein zartes Stadtkind mit einem unerschöpflichen Fonds
2093 2754 3039 2810 hingebender Liebe; und für dies Geschöpf, das ganz
2093 2784 3040 2870 Empfindung, Weichheit und Aufopferung ist, zeichnet die
2086 2840 3042 2903 Wiener Schauspielerin die Linien zu stark und grob. Immer¬
2092 2863 3047 2946 hin war der Versuch anerkennenswert. Fräulein Niese lieferte
2093 2907 3042 2975 den Beweis, daß sie selbst in Rollen, die ihr keineswegs
2101 2944 3052 3020 günstig liegen, standhalten kann, und mehr bedarf es
2104 2984 3061 3044 nicht, um ihre schauspielerische Ehre zu retten. Das
2104 3032 3038 3096 Ensemble war recht gut in „Liebelei“. Frl. Krip war
2103 3060 3053 3131 ganz brauchbar in der Rolle der leichtfertig frivolen
2111 3107 3043 3166 Modistin, Herr Jarno stellte mit untrüglicher
3071 3133 3270 3215 inelusive
1880 3139 3051 3237 Für 50 Zei Sicherheit eines flotten jungen Lebemann auf die
2115 3184 3040 3244 Bühne, und Herr Adolph Link war ausgezeichnet als
3087 3198 3247 3242 Porto.
1952 3209 2064 3257 100
3082 3231 3256 3287 Zahlbar
2114 3228 3050 3286 alter ehrlicher Violinspieler. Die Vorstellung war gut
1953 3245 2071 3299 200
3063 3276 3290 3327 im Voraus.
2105 3260 3048 3336 besucht; das Gastspiel der beliebten Wiener Künstlerin
1962 3290 2078 3339 500
2114 3295 3051 3379 neigt sich dem Ende zu und übt daher um so stärkere
1915 3332 2088 3403 „ 1000
2122 3355 2420 3414 Anziehungskraft.
2007 3357 3341 3441 Im Gescheätze' zu anderen Bureaux fur Zeitungsausschnitte ist das
1889 3394 3330 3494 Abonnement durch keine bestimmte Zeitdauer begrenzt; — auch steht es den
1890 3444 3196 3538 Abonnenten frei die aufgegebenen Themen zu ergänzen oder zu ändern.
