3484 4256
448 116 722 186 Liebel
975 118 1419 202 box 12/7
281 102 939 234 8. Bnnc1
418 304 807 414 -7. 4. 1978
651 386 1139 507 Die Zeit, Wien
416 465 644 549 ——
462 530 528 575 *9
453 550 1208 647 Theater und Klenit.
426 622 1313 712 d. Burgtheater. Gastspiel Emmerich
326 675 1305 768 [Reimersz „Liebelei“ von Artur
739 715 1304 776 Also Reimers der andere
336 728 681 795 Scuiher
331 770 1307 822 känn auch das. Der Fritz in der „Liebelei“ ist
328 800 1307 876 ein eleganter junger Mann aus guter
339 851 1309 921 Familie; der Fritz von gestern abend war aus
341 887 1311 959 guter Familie, war Mann, war jung — mit der
335 922 1312 1009 Eleganz war es so, so; aber mit eleganten
336 979 1314 1051 Schneiderpuppen ist das Buratheater ander¬
336 1010 1311 1093 weitig versehen. Statt des in der Tiefe seiner
346 1040 1316 1130 Höhlung unendlich wurstigen Fritz, den unser
341 1117 1305 1175 beliebter Gekasch auf wohlgebügelte Hosenbeine
341 1152 1323 1226 stellt, gibt Emmerich Reimers einen gemütvoll
333 1196 1304 1270 veranlagten ganzen Kerl, etwas schwerblütig,
652 1239 1317 1305 mit einer Physiognomie, mit
345 1255 656 1315 etwas eckig —
333 1287 1308 1347 Eigenleben. Ein gewisser Hang zum Herum¬
348 1325 1309 1392 lümmeln ist leicht verziehen; eine gewisse lehr¬
344 1377 1311 1437 hafte Deutlichkeit der Nuancen muß noch ab¬
342 1421 1318 1482 geschliffen werden; wenn dieser Fritz, was ihm
347 1460 1307 1525 fortwährend passiert, sich beherrschen, verstellen
345 1498 1314 1575 muß, beherrscht und verstellt sich Herr Reimers
341 1548 1315 1622 geradezu krampfhaft. Da hätte ein feinfühliger
346 1583 1320 1663 moderner Regisseur noch manches zu bilden
1066 1633 1321 1689 nur der
342 1639 1068 1702 und zu erziehen — aber, wenn
1078 1676 1316 1731 An Stelle
343 1682 1038 1753 Regisseur da ist, es steht dafür. —
339 1723 1313 1800 des kranken Girardi gab Herr Baum¬
1116 1763 1315 1825 gab die
389 1766 1113 1835 artner den alten Violinspieler:
1188 1806 1321 1864 Das,
349 1813 1112 1873 Giraddi-Rolle wie eine Blasel=Rolle.
353 1854 1320 1925 Publikum benahm sich ungemein freundlich
356 1906 1230 1966 begen den jungen Gast des Burgkheaters.
831 1991 1225 2119 9- S 1919
465 2057 1157 2201 Brünner Murgenpost
439 2239 1259 2349 Theater, tinust uud Tirernenr.
928 2337 1340 2409 Brünn, 3. Mai.
378 2372 1368 2458 (Brünner Stadttheater.) Zugunsten der Tages¬
392 2424 1377 2501 ustätte Hutterteich fanden sich gestern mehrere
362 2466 1375 2546 #glieder des k. k. Hofburgtheaters zu einem Ge¬
319 2517 1376 2588 #mtgostspiele ein. Zur Aufführung gelangten das
313 2581 1369 2644 Schauspiel „Liebelei“ von Schnitzlanund das
305 2617 1367 2691 Mondscheinszenchen „Herbstzauber“ von Pres¬
298 2668 1366 2737 ber. In dem Schauspiele interessieren den Zuschauer
307 2715 1339 2769 am meisten das Liebespaar „Christine=Fritz" und
295 2738 1369 2813 dann die resolute Freundin „Mizzi Schlager“ Fräu¬
301 2782 1372 2857 lein Mayen (Christine) bot eine sympathische Lei¬
298 2829 1370 2908 stung; im dritten Akte, in dem sie volles, kräftiges
296 2888 1376 2955 Temperament entfoltete, wirkte sie auch durch ein¬
310 2937 1376 2998 drucksvolles Mienenspiel. Ungemein wirkungsvoll
308 2981 1371 3020 und lebenswahr war die „Mizzi“, des Fräuleins
297 3029 1371 3083 Kutschera, wesensecht in jedem Zuge. Herrn
311 3069 1370 3127 Rombergs „Fritz Lobheimer“ war unwienerisch
314 3116 1363 3162 farblos geraten und schien von der Ahnung des be¬
301 3153 1376 3202 fürchteten Zweikampfs zu sehr niedergedrückt. Herr
303 3208 1360 3260 Huber packte seine Rolle, den „Theodor Kaiser“,
311 3256 1371 3302 anfangs recht frisch an, ließ jedoch im dritten Akte
301 3297 1386 3356 merklich nach. Herr Baumgartner bemühte sich
306 3334 1366 3394 um den „Hans Weiring“, ohne jedoch die Rolle zu
309 3376 1374 3437 vertiefen. Die kleine Rolle des „Herrn“ gab Herr
302 3428 1366 3480 Herterich. Von unseren einbeimischen Kröfien
310 3471 1349 3533 wirkte Frau Wiesner als „Katharina Binder“
309 3517 1372 3576 verdienstlich mit. Das kleine Stückchen „Herbst¬
310 3562 1370 3619 zauber“ wurde von Herrn Romberg (Pierrot)
305 3614 1369 3661 und Fräulein Mayen (Colomhine) nicht frisch ge¬
304 3650 1380 3723 geben zu ihnen gesellte sich Herr Herterich als
307 3696 1365 3749 „Stathe des Dionysos“ Namentlich Fräulein
312 3747 1370 3801 Mayen errang durch die reizende Schalkhaftigkeit,
309 3797 1372 3840 mit der sie ihre Rolle ausstattete, großen Beifall.
302 3835 1376 3893 Das Haus war ausverkauft und rief die Darsteller
304 3878 907 3950 wiederholt vor die Nampe.
2072 1363 2762 1455 Tagesbote aus Mähren u. Seh ##
2345 1420 2541 1487 Brünr¬
1938 1414 2346 1539 4- 5. 1918
1906 1586 2909 1728 Theater, Kunst und Literatur.
2029 1693 2848 1801 Liebelei. — Herbsisauber.
1829 1760 3006 1867 F#hmi=Gaftiztel von ##ihe# ey Fefburgtheaters. P.
1824 1848 3018 1902 Dr. H. F. #wohl nicht die legttime
1793 1886 3013 1957 Christine der Bußgtheate eaufführung, aber man entschließt sich
1799 1925 3018 1996 gern, sie dafür zu nehmen; ihre Christine ist weich und an¬
1803 1959 3030 2036 schmiegsam, das richtige süße Wiener Mädel, warm und herzlich
1804 2001 3030 2071 im schlichten Bekenntnisse ihrer Liebe. Ungewichtig gab sich ihr
1789 2043 3028 2119 jäher Schmerzausbruch, und gingen da auch vielleicht noch ein
1793 2078 3025 2147 paar leise Anklänge von Bühnenpathos mit, so verriet sich doch
1795 2117 3025 2186 in allem so innerliches Mitleben und Mitschwingen, daß und diese
1791 2154 3024 2222 Christine die freundlichste überraschung des Gesamtgastspielen
1801 2209 3024 2276 wurde. Von der Rolle des Weiring hat nach Girardis frühem
1803 2238 3018 2307 Scheiden Herr Baumgartner Besitz genommen; glaubhafte¬
1805 2280 2972 2344 sich seldst bescheidendes Alter, das sich mühelos in die Figur 5
1812 2316 3019 2385 kleinen, rechtschaffenen Musikers zu finden weiß. Der resolute¬
1804 2357 3026 2433 Mizzi Schlager des Fräuleins Kutschera gebrach es wel
1817 2403 3029 2470 mitunter an innerer Lustigkeit und Leichtlebigkeit, ebenso wir
1805 2434 3014 2518 ehrem Gegenspiel, dem sonst recht wienerischen Theobor de¬
1814 2476 3010 2567 Herrn Huber. Herr Romberg hat nichts von einem Fri#
1824 2516 3022 2597 Lobheimer — nicht Haltung, nicht Stimmung, nicht Dial##
1824 2553 3020 2640 Herr Herterich gab seiner kleinen Szene mehr Pathos, al¬
1829 2592 3021 2665 Schnitzlers „Liebelei“ verirägt. Unsere Wiesner vermocht¬
1823 2637 3001 2711 sich als Frau Binder recht gut zur Geltung zu bringen.
1828 2670 3028 2756 Ließ uns „Liebelei“ den rechten, festen Zug vermissen, so durst#
1835 2713 3030 2791 sich Presbers Mondscheinsgenchen „Herbstzauber“ auch im volle
1828 2754 3033 2836 Mondlicht sehen lassen. Fräulein Mayen bewegte sich mit al
1818 2788 3026 2887 der neckischen Anmut einer Colombine, plaubernd und singen
1825 2838 3028 2909 und zu baechantischer Schwärmerei verzückt, Herr Rombers
1828 2873 3032 2950 hier recht auf seinem Platze, hatte die schlenkernde, kecke, leicht
1836 2916 3034 2997 Komik des Pierrot und Herterich gab sich als Dionysos gan
1835 2960 2921 3037 statuenhaft auch im gehobenen. klingenden Sprechton.
1842 3013 3049 3075 Stück junges Burgtheater dieses „Szenchen“ und ein richtige
2648 3066 2703 3135 45
1836 3060 2299 3123 rechtschaffenes dazu. ###
