<?xml version="1.0" encoding="UTF-8" standalone="yes"?>
<PcGts xmlns="http://schema.primaresearch.org/PAGE/gts/pagecontent/2013-07-15" xmlns:xsi="http://www.w3.org/2001/XMLSchema-instance" xsi:schemaLocation="http://schema.primaresearch.org/PAGE/gts/pagecontent/2013-07-15 http://schema.primaresearch.org/PAGE/gts/pagecontent/2013-07-15/pagecontent.xsd">
    <Metadata>
        <Creator>prov=University of Rostock/Institute of Mathematics/CITlab/Gundram Leifert/gundram.leifert@uni-rostock.de:name=ONB_Newseye_GT_M1+(htr_id=10810)::::v=2.4.2
prov=University of Rostock/Institute of Mathematics/CITlab/Tobias Gruening/tobias.gruening@uni-rostock.de:name=de.uros.citlab.module.baseline2polygon.B2PSeamMultiOriented:v=2.4.2
prov=University of Rostock/Institute of Mathematics/CITlab/Tobias Gruening/tobias.gruening@uni-rostock.de:name=/mnt/transkribus/LA/DEA/URO/LA_news_onb_att.pb:de.uros.citlab.segmentation.CITlab_LA_ML:v=2.4.2
Transkribus</Creator>
        <Created>2019-10-07T11:57:57.727+02:00</Created>
        <LastChange>2019-10-09T11:29:39.062+02:00</LastChange>
        <TranskribusMetadata docId="223992" pageId="9508927" pageNr="1116" tsid="16647119" status="IN_PROGRESS" userId="40391" imgUrl="https://files.transkribus.eu/Get?id=ZRXYRAIOIJRLLFXPYAEIOFVS&amp;fileType=view" xmlUrl="https://files.transkribus.eu/Get?id=XURJPQWOPDRBMIZXGRYDZSNW" imageId="6198009"/>
    </Metadata>
    <Page imageFilename="223992_1116.jpeg" imageWidth="3436" imageHeight="4192">
        <ReadingOrder>
            <OrderedGroup id="ro_1711446153518" caption="Regions reading order">
                <RegionRefIndexed index="0" regionRef="r1"/>
            </OrderedGroup>
        </ReadingOrder>
        <TextRegion orientation="0.0" id="r1" custom="readingOrder {index:0;}">
            <Coords points="215,230 215,3366 3324,3366 3324,230"/>
            <TextLine id="r1l1" custom="readingOrder {index:0;}">
                <Coords points="231,262 779,258 778,190 489,192 418,200 385,229 348,229 293,191 231,191"/>
                <Baseline points="245,252 271,254 297,254 323,256 349,257 375,258 401,258 427,259 453,259 479,259 505,258 531,258 557,257 583,257 609,256 635,255 661,254 687,253 713,252 739,251 765,250"/>
                <TextEquiv>
                    <Unicode>5. Liebelei</Unicode>
                </TextEquiv>
            </TextLine>
            <TextLine id="r1l2" custom="readingOrder {index:1;}">
                <Coords points="597,303 805,302 942,258 1053,283 1114,255 1175,289 1383,267 1381,194 1175,193 1123,221 977,199 908,236 595,246"/>
                <Baseline points="610,277 648,276 686,274 724,273 762,271 800,270 838,268 876,266 914,265 952,264 990,263 1028,261 1066,260 1104,258 1142,258 1180,256 1218,256 1256,255 1294,254 1332,253 1370,253"/>
                <TextEquiv>
                    <Unicode># bos 12/4</Unicode>
                </TextEquiv>
            </TextLine>
            <TextLine id="r1l3" custom="readingOrder {index:2;}">
                <Coords points="409,285 425,285 430,279 435,284 451,282 485,299 500,283 524,280 523,246 502,252 489,239 466,240 453,253 408,254"/>
                <Baseline points="421,273 451,275 481,275 511,271"/>
                <TextEquiv>
                    <Unicode>— K. </Unicode>
                </TextEquiv>
            </TextLine>
            <TextLine id="r1l4" custom="readingOrder {index:3;}">
                <Coords points="432,1207 541,1227 567,1207 669,1216 687,1203 885,1219 935,1212 936,1149 769,1136 703,1167 607,1137 529,1159 506,1141 433,1145"/>
                <Baseline points="446,1199 471,1198 496,1198 521,1197 546,1197 571,1197 596,1197 621,1197 646,1198 671,1198 696,1198 721,1199 746,1200 771,1200 796,1201 821,1201 846,1202 871,1203 896,1203 921,1204"/>
                <TextEquiv>
                    <Unicode>uelenangabe onne Gewahr.)</Unicode>
                </TextEquiv>
            </TextLine>
            <TextLine id="r1l5" custom="readingOrder {index:4;}">
                <Coords points="814,1259 973,1253 986,1264 1004,1264 1039,1239 1052,1240 1053,1214 1027,1213 1017,1202 988,1201 970,1190 927,1215 816,1207"/>
                <Baseline points="827,1244 853,1245 879,1246 906,1247 932,1247 958,1248 985,1248 1011,1249 1038,1252"/>
                <TextEquiv>
                    <Unicode>Wienan D###e!</Unicode>
                </TextEquiv>
            </TextLine>
            <TextLine id="r1l6" custom="readingOrder {index:5;}">
                <Coords points="202,1319 347,1294 497,1319 725,1276 1163,1288 1161,1207 1093,1199 1027,1250 841,1242 778,1207 432,1256 200,1243"/>
                <Baseline points="215,1285 261,1287 308,1288 355,1288 402,1287 448,1286 495,1285 542,1283 589,1281 635,1278 682,1276 729,1273 776,1272 822,1270 869,1268 916,1267 963,1267 1009,1268 1056,1269 1103,1271 1150,1274"/>
                <TextEquiv>
                    <Unicode>sschnitt aus: Mistrieries wine: Baudhlatt</Unicode>
                </TextEquiv>
            </TextLine>
            <TextLine id="r1l7" custom="readingOrder {index:6;}">
                <Coords points="797,1328 822,1338 843,1336 853,1344 878,1330 897,1349 948,1322 975,1318 976,1287 939,1296 932,1288 906,1287 901,1281 885,1288 867,1274 862,1279 833,1278 820,1267 799,1274"/>
                <Baseline points="810,1319 835,1320 860,1320 885,1321 910,1322 935,1324 960,1327"/>
                <TextEquiv>
                    <Unicode>Wien</Unicode>
                </TextEquiv>
            </TextLine>
            <TextLine id="r1l8" custom="readingOrder {index:7;}">
                <Coords points="210,1413 317,1394 343,1414 468,1409 574,1381 614,1393 660,1378 658,1321 585,1313 518,1344 489,1327 397,1320 318,1368 281,1348 208,1351"/>
                <Baseline points="222,1386 248,1389 275,1391 301,1392 328,1392 354,1391 381,1390 407,1388 434,1386 460,1384 487,1382 513,1380 540,1379 566,1378 593,1378 619,1379 646,1380"/>
                <TextEquiv>
                    <Unicode>n: 153411912.</Unicode>
                </TextEquiv>
            </TextLine>
            <TextLine id="r1l9" custom="readingOrder {index:8;}">
                <Coords points="1214,1452 3325,1495 3287,1401 1215,1408"/>
                <Baseline points="1228,1453 1332,1455 1436,1455 1540,1456 1644,1457 1749,1457 1853,1457 1957,1457 2061,1457 2165,1457 2270,1457 2374,1458 2478,1458 2582,1459 2686,1461 2791,1463 2895,1465 2999,1468 3103,1471 3207,1476 3312,1480"/>
                <TextEquiv>
                    <Unicode>wollte. Gewit: Strauß hat vom Texie der Wildeschen, Dreiklaugs mit zweimaligem Secondsturz ist äußerst def</Unicode>
                </TextEquiv>
            </TextLine>
            <TextLine id="r1l10" custom="readingOrder {index:9;}">
                <Coords points="784,1462 797,1461 810,1467 822,1477 826,1471 832,1476 845,1474 840,1420 824,1419 822,1422 817,1422 808,1415 800,1419 798,1416 779,1418"/>
                <Baseline points="797,1465 830,1462"/>
                <TextEquiv>
                    <Unicode>147</Unicode>
                </TextEquiv>
            </TextLine>
            <TextLine id="r1l11" custom="readingOrder {index:10;}">
                <Coords points="311,1522 396,1530 421,1514 448,1524 504,1491 537,1497 569,1480 563,1434 525,1444 514,1458 497,1447 453,1458 433,1442 421,1448 409,1439 304,1462"/>
                <Baseline points="323,1511 349,1511 375,1509 401,1505 427,1500 453,1495 479,1491 505,1488 531,1489 557,1493"/>
                <TextEquiv>
                    <Unicode></Unicode>
                </TextEquiv>
            </TextLine>
            <TextLine id="r1l12" custom="readingOrder {index:11;}">
                <Coords points="561,1525 618,1522 634,1532 686,1508 748,1505 777,1526 824,1510 879,1520 902,1517 902,1485 821,1478 763,1437 737,1437 724,1451 709,1438 672,1441 633,1477 560,1478"/>
                <Baseline points="573,1501 599,1502 625,1502 652,1502 678,1501 705,1501 731,1500 757,1499 784,1499 810,1499 837,1499 863,1500 890,1502"/>
                <TextEquiv>
                    <Unicode>„Liebent.</Unicode>
                </TextEquiv>
            </TextLine>
            <TextLine id="r1l13" custom="readingOrder {index:12;}">
                <Coords points="1244,1505 3324,1540 3324,1490 3027,1466 1244,1469"/>
                <Baseline points="1258,1495 1360,1496 1463,1496 1565,1496 1668,1497 1771,1498 1873,1498 1976,1499 2078,1500 2181,1501 2284,1502 2386,1503 2489,1504 2591,1506 2694,1507 2797,1509 2899,1511 3002,1513 3104,1515 3207,1518 3310,1520"/>
                <TextEquiv>
                    <Unicode>„Salome“, der Hofmannsthalschen „Elektra“ kein Wort wirkungsvoll. Hier meldet sich schon das dah</Unicode>
                </TextEquiv>
            </TextLine>
            <TextLine id="r1l14" custom="readingOrder {index:13;}">
                <Coords points="1240,1554 3239,1556 3122,1505 1240,1505"/>
                <Baseline points="1252,1534 1350,1537 1449,1539 1548,1540 1646,1542 1745,1542 1844,1543 1942,1544 2041,1544 2140,1545 2239,1545 2337,1545 2436,1545 2535,1546 2633,1546 2732,1547 2831,1548 2929,1549 3028,1550 3127,1552 3226,1555"/>
                <TextEquiv>
                    <Unicode>weggelassen. Aber erstens war's auch nicht schön und  dramatische Talent des Komponisten. Er vermeidet</Unicode>
                </TextEquiv>
            </TextLine>
            <TextLine id="r1l15" custom="readingOrder {index:14;}">
                <Coords points="3229,1577 3253,1574 3273,1582 3284,1582 3292,1574 3326,1577 3326,1535 3305,1538 3300,1532 3255,1527 3242,1517 3229,1517"/>
                <Baseline points="3241,1564 3277,1562 3313,1564"/>
                <TextEquiv>
                    <Unicode>(9</Unicode>
                </TextEquiv>
            </TextLine>
            <TextLine id="r1l16" custom="readingOrder {index:15;}">
                <Coords points="235,1562 1228,1592 1229,1517 1201,1511 736,1536 534,1493 447,1523 236,1497"/>
                <Baseline points="249,1556 297,1557 345,1557 393,1558 442,1559 490,1560 538,1561 587,1563 635,1564 683,1565 732,1566 780,1567 828,1568 876,1569 925,1569 973,1569 1021,1569 1070,1569 1118,1568 1166,1567 1215,1566"/>
                <TextEquiv>
                    <Unicode>Oper in drei Akten (nach dem gleichnamigen Schauspiel</Unicode>
                </TextEquiv>
            </TextLine>
            <TextLine id="r1l17" custom="readingOrder {index:16;}">
                <Coords points="1237,1587 2188,1600 2248,1590 2249,1543 1238,1538"/>
                <Baseline points="1250,1581 1299,1580 1348,1580 1397,1580 1446,1580 1496,1580 1545,1581 1594,1581 1643,1582 1692,1583 1742,1584 1791,1584 1840,1585 1889,1586 1938,1587 1988,1587 2037,1587 2086,1588 2135,1588 2184,1588 2234,1587"/>
                <TextEquiv>
                    <Unicode>nicht immer erträglich, dann aber ist es doch Straußens</Unicode>
                </TextEquiv>
            </TextLine>
            <TextLine id="r1l18" custom="readingOrder {index:17;}">
                <Coords points="2234,1584 3240,1602 3240,1557 2235,1542"/>
                <Baseline points="2248,1586 2297,1589 2346,1590 2395,1591 2444,1591 2493,1592 2542,1592 2591,1591 2640,1591 2689,1591 2738,1590 2787,1590 2836,1589 2885,1589 2934,1590 2983,1590 3032,1591 3081,1592 3130,1594 3179,1597 3228,1599"/>
                <TextEquiv>
                    <Unicode>überflüssigen Lärm, wird knapp und prägnant im</Unicode>
                </TextEquiv>
            </TextLine>
            <TextLine id="r1l19" custom="readingOrder {index:18;}">
                <Coords points="270,1604 1201,1628 1201,1575 1107,1567 271,1559"/>
                <Baseline points="284,1592 329,1595 374,1598 419,1600 464,1602 510,1603 555,1604 600,1605 645,1606 690,1606 736,1606 781,1607 826,1607 871,1607 916,1606 962,1606 1007,1606 1052,1606 1097,1607 1142,1607 1188,1608"/>
                <TextEquiv>
                    <Unicode>Artur Schnitzlers) von Franz Neumanz.</Unicode>
                </TextEquiv>
            </TextLine>
            <TextLine id="r1l20" custom="readingOrder {index:19;}">
                <Coords points="3237,1620 3261,1622 3276,1614 3281,1619 3292,1616 3297,1621 3323,1618 3322,1576 3293,1574 3285,1582 3277,1580 3275,1583 3259,1575 3236,1574"/>
                <Baseline points="3251,1611 3281,1609 3311,1609"/>
                <TextEquiv>
                    <Unicode>der</Unicode>
                </TextEquiv>
            </TextLine>
            <TextLine id="r1l21" custom="readingOrder {index:20;}">
                <Coords points="1226,1611 1336,1642 2243,1626 2227,1587 1227,1587"/>
                <Baseline points="1239,1625 1288,1625 1338,1625 1387,1625 1437,1625 1486,1625 1536,1626 1585,1626 1635,1626 1684,1626 1734,1627 1783,1627 1833,1627 1882,1627 1932,1627 1981,1627 2031,1627 2080,1627 2130,1627 2179,1626 2229,1626"/>
                <TextEquiv>
                    <Unicode>ureigenster Stil gewesen, dem die einzigartige Technik</Unicode>
                </TextEquiv>
            </TextLine>
            <TextLine id="r1l22" custom="readingOrder {index:21;}">
                <Coords points="2245,1629 3235,1651 3236,1601 2245,1595"/>
                <Baseline points="2257,1627 2305,1629 2353,1631 2401,1632 2450,1633 2498,1634 2546,1635 2595,1635 2643,1636 2691,1636 2740,1636 2788,1636 2836,1636 2884,1636 2933,1637 2981,1637 3029,1637 3078,1637 3126,1638 3174,1639 3223,1640"/>
                <TextEquiv>
                    <Unicode>Ausdruck. In den chromatischen Läufen flammt die</Unicode>
                </TextEquiv>
            </TextLine>
            <TextLine id="r1l23" custom="readingOrder {index:22;}">
                <Coords points="3236,1666 3283,1659 3296,1667 3307,1664 3314,1656 3327,1655 3326,1616 3282,1618 3276,1613 3261,1624 3248,1616 3235,1617"/>
                <Baseline points="3250,1654 3282,1654 3314,1652"/>
                <TextEquiv>
                    <Unicode>auf</Unicode>
                </TextEquiv>
            </TextLine>
            <TextLine id="r1l24" custom="readingOrder {index:23;}">
                <Coords points="341,1652 1235,1671 1235,1611 341,1621"/>
                <Baseline points="354,1651 397,1653 440,1655 484,1656 527,1658 571,1659 614,1660 657,1661 701,1662 744,1663 788,1663 831,1663 874,1663 918,1663 961,1663 1005,1662 1048,1662 1091,1661 1135,1659 1178,1658 1222,1656"/>
                <TextEquiv>
                    <Unicode>Durch Artur Schnitzlers =Liebelei“</Unicode>
                </TextEquiv>
            </TextLine>
            <TextLine id="r1l25" custom="readingOrder {index:24;}">
                <Coords points="1232,1691 1331,1666 2246,1675 2246,1631 1232,1615"/>
                <Baseline points="1246,1663 1295,1663 1344,1664 1393,1665 1443,1666 1492,1667 1541,1668 1591,1668 1640,1669 1689,1670 1739,1671 1788,1671 1837,1672 1886,1672 1936,1673 1985,1673 2034,1673 2084,1672 2133,1672 2182,1671 2232,1670"/>
                <TextEquiv>
                    <Unicode>des genialen Komponisten zustatten kam. Das Unheil</Unicode>
                </TextEquiv>
            </TextLine>
            <TextLine id="r1l26" custom="readingOrder {index:25;}">
                <Coords points="2243,1671 3242,1687 3242,1645 3159,1634 2244,1640"/>
                <Baseline points="2256,1670 2304,1671 2353,1674 2401,1675 2450,1676 2499,1677 2547,1678 2596,1679 2644,1679 2693,1679 2742,1680 2790,1680 2839,1680 2887,1680 2936,1680 2985,1680 3033,1680 3082,1680 3130,1680 3179,1680 3228,1680"/>
                <TextEquiv>
                    <Unicode>Erragung der Szene auf, glüht haßerfüllt in breiten</Unicode>
                </TextEquiv>
            </TextLine>
            <TextLine id="r1l27" custom="readingOrder {index:26;}">
                <Coords points="230,1708 1153,1721 1228,1712 1229,1675 231,1643"/>
                <Baseline points="242,1695 290,1695 339,1696 388,1697 436,1698 485,1699 534,1700 582,1701 631,1703 680,1704 729,1705 777,1706 826,1707 875,1708 923,1708 972,1709 1021,1709 1069,1709 1118,1708 1167,1708 1216,1707"/>
                <TextEquiv>
                    <Unicode>zieht ein leiser Ton für den, der heimlich lauscht. Der</Unicode>
                </TextEquiv>
            </TextLine>
            <TextLine id="r1l28" custom="readingOrder {index:27;}">
                <Coords points="1248,1715 2241,1740 2241,1677 2199,1674 1248,1673"/>
                <Baseline points="1262,1705 1310,1707 1358,1708 1406,1709 1455,1710 1503,1711 1551,1712 1599,1712 1648,1712 1696,1712 1744,1712 1792,1712 1841,1712 1889,1712 1937,1713 1985,1713 2034,1713 2082,1713 2130,1713 2178,1714 2227,1714"/>
                <TextEquiv>
                    <Unicode>wird ja immer erst durch die blinde Nachahmung klar</Unicode>
                </TextEquiv>
            </TextLine>
            <TextLine id="r1l29" custom="readingOrder {index:28;}">
                <Coords points="2239,1712 2830,1744 2924,1716 3252,1731 3253,1692 2239,1681"/>
                <Baseline points="2252,1710 2301,1712 2350,1714 2400,1715 2449,1717 2498,1718 2548,1719 2597,1721 2646,1722 2696,1723 2745,1723 2794,1724 2844,1725 2893,1725 2942,1725 2992,1725 3041,1725 3090,1725 3140,1725 3189,1724 3239,1723"/>
                <TextEquiv>
                    <Unicode>Bläserakkorden und löst sich langsam nach dem Ab¬</Unicode>
                </TextEquiv>
            </TextLine>
            <TextLine id="r1l30" custom="readingOrder {index:29;}">
                <Coords points="239,1743 1240,1761 1241,1704 240,1707"/>
                <Baseline points="252,1735 300,1736 349,1738 398,1739 447,1740 496,1742 544,1743 593,1744 642,1745 691,1747 740,1748 788,1749 837,1750 886,1750 935,1751 984,1752 1032,1752 1081,1752 1130,1752 1179,1751 1228,1750"/>
                <TextEquiv>
                    <Unicode>Ton des Wieneriums. Nicht jener der Heutigenstimmung,</Unicode>
                </TextEquiv>
            </TextLine>
            <TextLine id="r1l31" custom="readingOrder {index:30;}">
                <Coords points="1243,1770 1270,1762 1282,1773 1340,1753 1361,1770 1405,1757 1493,1772 1536,1750 1559,1753 1560,1732 1521,1718 1437,1722 1344,1709 1244,1720"/>
                <Baseline points="1258,1749 1284,1748 1310,1748 1336,1748 1363,1748 1389,1749 1415,1749 1441,1750 1468,1751 1494,1752 1520,1753 1547,1754"/>
                <TextEquiv>
                    <Unicode>und erkennbar.</Unicode>
                </TextEquiv>
            </TextLine>
            <TextLine id="r1l32" custom="readingOrder {index:31;}">
                <Coords points="2246,1762 3218,1778 3245,1731 2247,1721"/>
                <Baseline points="2260,1758 2308,1758 2357,1759 2405,1760 2454,1760 2503,1761 2551,1762 2600,1763 2648,1763 2697,1764 2746,1765 2794,1765 2843,1766 2891,1767 2940,1767 2989,1767 3037,1767 3086,1767 3134,1767 3183,1767 3232,1766"/>
                <TextEquiv>
                    <Unicode>gange des „fremden Herrn“ in dem wehmütigen</Unicode>
                </TextEquiv>
            </TextLine>
            <TextLine id="r1l33" custom="readingOrder {index:32;}">
                <Coords points="228,1787 1242,1804 1242,1754 1206,1751 229,1750"/>
                <Baseline points="240,1778 289,1779 338,1779 388,1781 437,1782 487,1783 536,1785 585,1787 635,1788 684,1790 734,1791 783,1793 832,1793 882,1794 931,1795 981,1795 1030,1794 1079,1794 1129,1793 1178,1790 1228,1788"/>
                <TextEquiv>
                    <Unicode>der von  Ouöttern io gerne als die einzig giltige Lebens¬</Unicode>
                </TextEquiv>
            </TextLine>
            <TextLine id="r1l34" custom="readingOrder {index:33;}">
                <Coords points="2242,1799 3234,1834 3289,1833 3290,1788 2242,1765"/>
                <Baseline points="2254,1795 2305,1798 2356,1800 2407,1802 2458,1804 2509,1805 2560,1806 2611,1806 2662,1807 2713,1807 2765,1807 2816,1808 2867,1808 2918,1808 2969,1809 3020,1809 3071,1810 3122,1811 3173,1812 3224,1814 3276,1817"/>
                <TextEquiv>
                    <Unicode>Des-dur, das Priz am Klaviere anstimmt. (Nebenbei der 9</Unicode>
                </TextEquiv>
            </TextLine>
            <TextLine id="r1l35" custom="readingOrder {index:34;}">
                <Coords points="1343,1797 1575,1824 2245,1811 2245,1766 2113,1752 2006,1780 1862,1748 1344,1771"/>
                <Baseline points="1356,1802 1399,1805 1443,1806 1487,1808 1531,1810 1574,1811 1618,1812 1662,1813 1706,1813 1749,1814 1793,1814 1837,1814 1881,1814 1924,1814 1968,1814 2012,1813 2056,1813 2099,1812 2143,1811 2187,1810 2231,1810"/>
                <TextEquiv>
                    <Unicode>Allein es soll Herrn Neumann nicht mehr</Unicode>
                </TextEquiv>
            </TextLine>
            <TextLine id="r1l36" custom="readingOrder {index:35;}">
                <Coords points="234,1835 1232,1847 1233,1795 234,1788"/>
                <Baseline points="246,1822 294,1824 343,1826 392,1828 440,1829 489,1831 538,1832 586,1833 635,1834 684,1835 733,1835 781,1836 830,1836 879,1836 927,1836 976,1836 1025,1836 1073,1836 1122,1835 1171,1835 1220,1834"/>
                <TextEquiv>
                    <Unicode>und Kunstman# der Phäakenstadt bezeichnet wird.</Unicode>
                </TextEquiv>
            </TextLine>
            <TextLine id="r1l37" custom="readingOrder {index:36;}">
                <Coords points="2241,1838 3223,1867 3242,1831 2241,1806"/>
                <Baseline points="2254,1843 2302,1843 2351,1844 2400,1845 2448,1846 2497,1846 2546,1847 2594,1848 2643,1848 2692,1849 2741,1850 2789,1850 2838,1851 2887,1851 2935,1852 2984,1852 3033,1853 3081,1853 3130,1853 3179,1853 3228,1854"/>
                <TextEquiv>
                    <Unicode>erste Moment in dem die nicht unbedeutende melodische</Unicode>
                </TextEquiv>
            </TextLine>
            <TextLine id="r1l38" custom="readingOrder {index:37;}">
                <Coords points="1243,1841 1316,1865 2241,1856 2241,1814 1564,1828 1243,1784"/>
                <Baseline points="1256,1845 1304,1846 1353,1847 1401,1848 1450,1849 1499,1850 1547,1850 1596,1851 1644,1851 1693,1852 1742,1852 1790,1852 1839,1852 1887,1852 1936,1852 1985,1852 2033,1853 2082,1853 2130,1853 2179,1853 2228,1853"/>
                <TextEquiv>
                    <Unicode>Unrecht geschehen, als er verdient. Gerne stellen wir</Unicode>
                </TextEquiv>
            </TextLine>
            <TextLine id="r1l39" custom="readingOrder {index:38;}">
                <Coords points="3238,1871 3254,1871 3259,1876 3296,1875 3301,1880 3304,1877 3306,1880 3317,1871 3319,1874 3335,1874 3334,1845 3318,1845 3305,1838 3279,1841 3268,1831 3261,1831 3256,1837 3237,1837"/>
                <Baseline points="3252,1868 3287,1868 3322,1866"/>
                <TextEquiv>
                    <Unicode>der</Unicode>
                </TextEquiv>
            </TextLine>
            <TextLine id="r1l40" custom="readingOrder {index:39;}">
                <Coords points="238,1871 1236,1886 1236,1844 1124,1827 238,1835"/>
                <Baseline points="251,1868 299,1868 348,1869 396,1870 445,1871 494,1872 542,1873 591,1874 640,1874 688,1875 737,1876 786,1876 834,1877 883,1877 932,1877 980,1877 1029,1877 1078,1877 1126,1876 1175,1876 1224,1875"/>
                <TextEquiv>
                    <Unicode>Im Gegenteil! Die Wonne und Seligkeit des Wiener</Unicode>
                </TextEquiv>
            </TextLine>
            <TextLine id="r1l41" custom="readingOrder {index:40;}">
                <Coords points="2240,1887 3337,1922 3338,1875 3216,1860 2241,1838"/>
                <Baseline points="2252,1885 2305,1887 2359,1888 2412,1890 2466,1891 2519,1891 2573,1892 2626,1892 2680,1892 2733,1892 2787,1893 2841,1893 2894,1893 2948,1894 3001,1896 3055,1897 3108,1899 3162,1901 3215,1904 3269,1907 3323,1912"/>
                <TextEquiv>
                    <Unicode>Begabung #enmanns Gels##heit zur Entfaltung jen</Unicode>
                </TextEquiv>
            </TextLine>
            <TextLine id="r1l42" custom="readingOrder {index:41;}">
                <Coords points="1250,1894 2211,1911 2233,1861 1250,1850"/>
                <Baseline points="1262,1885 1309,1888 1357,1891 1405,1893 1453,1895 1501,1897 1548,1899 1596,1900 1644,1901 1692,1902 1740,1903 1787,1903 1835,1903 1883,1903 1931,1903 1979,1903 2026,1902 2074,1901 2122,1900 2170,1898 2218,1897"/>
                <TextEquiv>
                    <Unicode>die zweifellose Begabung des jungen Komponisten</Unicode>
                </TextEquiv>
            </TextLine>
            <TextLine id="r1l43" custom="readingOrder {index:42;}">
                <Coords points="231,1924 1239,1940 1240,1890 231,1877"/>
                <Baseline points="244,1910 293,1911 342,1912 391,1913 440,1914 489,1914 538,1916 587,1916 636,1917 685,1918 735,1919 784,1919 833,1920 882,1920 931,1921 980,1921 1029,1922 1078,1922 1127,1922 1176,1922 1226,1922"/>
                <TextEquiv>
                    <Unicode>Frühlings, der vom Kahlenberg und Cobenzl leise</Unicode>
                </TextEquiv>
            </TextLine>
            <TextLine id="r1l44" custom="readingOrder {index:43;}">
                <Coords points="2246,1938 3303,1967 3330,1923 2246,1888"/>
                <Baseline points="2258,1929 2310,1931 2363,1932 2416,1933 2469,1934 2522,1935 2575,1935 2628,1935 2681,1936 2734,1936 2787,1936 2839,1936 2892,1937 2945,1938 2998,1938 3051,1940 3104,1941 3157,1943 3210,1946 3263,1949 3316,1952"/>
                <TextEquiv>
                    <Unicode>findet.) Abermals ein paar Walzertakte und mehrfache die</Unicode>
                </TextEquiv>
            </TextLine>
            <TextLine id="r1l45" custom="readingOrder {index:44;}">
                <Coords points="1250,1963 1404,1936 1547,1961 1711,1940 1758,1967 2238,1947 2238,1900 1251,1895"/>
                <Baseline points="1262,1928 1310,1930 1358,1932 1406,1934 1454,1936 1503,1937 1551,1939 1599,1940 1647,1941 1695,1942 1744,1943 1792,1943 1840,1943 1888,1944 1936,1944 1985,1943 2033,1943 2081,1943 2129,1942 2177,1941 2226,1940"/>
                <TextEquiv>
                    <Unicode>fest und möchten sie mit einigen Beispielen belegen:</Unicode>
                </TextEquiv>
            </TextLine>
            <TextLine id="r1l46" custom="readingOrder {index:45;}">
                <Coords points="233,1961 1158,1979 1242,1941 233,1917"/>
                <Baseline points="246,1950 295,1951 344,1953 393,1954 442,1956 491,1957 540,1958 589,1959 638,1960 687,1961 736,1962 785,1962 834,1963 883,1963 932,1964 981,1964 1030,1964 1079,1964 1128,1964 1177,1964 1227,1964"/>
                <TextEquiv>
                    <Unicode>heruntergleitet, durch Straßen und Gassen schwebt und</Unicode>
                </TextEquiv>
            </TextLine>
            <TextLine id="r1l47" custom="readingOrder {index:46;}">
                <Coords points="2239,1980 3164,1979 3323,2013 3323,1961 3212,1941 2239,1931"/>
                <Baseline points="2252,1970 2304,1972 2357,1974 2410,1976 2463,1977 2516,1977 2569,1977 2622,1978 2675,1978 2728,1978 2781,1978 2833,1978 2886,1979 2939,1979 2992,1981 3045,1982 3098,1983 3151,1985 3204,1988 3257,1992 3310,1996"/>
                <TextEquiv>
                    <Unicode>Versuche zum Liebesduett, also zur Cantilene, die aber erst Lu</Unicode>
                </TextEquiv>
            </TextLine>
            <TextLine id="r1l48" custom="readingOrder {index:47;}">
                <Coords points="1352,1992 2246,2007 2246,1950 2001,1966 1845,1941 1759,1967 1715,1940 1352,1943"/>
                <Baseline points="1366,1979 1409,1981 1452,1983 1495,1985 1539,1986 1582,1987 1625,1988 1669,1989 1712,1989 1755,1989 1799,1990 1842,1990 1885,1990 1928,1990 1972,1989 2015,1989 2058,1989 2102,1989 2145,1989 2188,1989 2232,1990"/>
                <TextEquiv>
                    <Unicode>Mit ein paar im Lustspielion gehaltenen</Unicode>
                </TextEquiv>
            </TextLine>
            <TextLine id="r1l49" custom="readingOrder {index:48;}">
                <Coords points="233,2007 1088,2028 1236,2017 1237,1962 234,1953"/>
                <Baseline points="245,1993 296,1995 348,1998 399,1999 451,2001 502,2002 554,2003 605,2004 657,2004 708,2005 760,2005 811,2005 863,2006 914,2006 966,2006 1017,2006 1069,2007 1120,2007 1172,2008 1224,2009"/>
                <TextEquiv>
                    <Unicode>in allen empfindsamen Gemütern das Gefühl des</Unicode>
                </TextEquiv>
            </TextLine>
            <TextLine id="r1l50" custom="readingOrder {index:49;}">
                <Coords points="2249,2020 3242,2030 3242,1988 3164,1980 2249,1978"/>
                <Baseline points="2261,2018 2309,2018 2357,2018 2406,2018 2454,2019 2503,2019 2551,2020 2600,2021 2648,2021 2697,2022 2745,2023 2793,2024 2842,2024 2890,2024 2939,2025 2987,2025 3036,2025 3084,2024 3133,2024 3181,2023 3230,2022"/>
                <TextEquiv>
                    <Unicode>im zweiten Akte Erfüllung finden. Ihn leitet ein</Unicode>
                </TextEquiv>
            </TextLine>
            <TextLine id="r1l51" custom="readingOrder {index:50;}">
                <Coords points="1238,2041 2197,2047 2242,2006 1239,1971"/>
                <Baseline points="1252,2023 1300,2025 1349,2027 1398,2028 1447,2029 1496,2030 1544,2030 1593,2031 1642,2031 1691,2031 1740,2031 1788,2032 1837,2032 1886,2032 1935,2032 1984,2032 2032,2033 2081,2033 2130,2034 2179,2035 2228,2036"/>
                <TextEquiv>
                    <Unicode>Takten sind wir in Fritzens Zimmer. Der Dialog</Unicode>
                </TextEquiv>
            </TextLine>
            <TextLine id="r1l52" custom="readingOrder {index:51;}">
                <Coords points="3229,2040 3252,2041 3259,2047 3277,2050 3291,2044 3301,2051 3309,2047 3322,2049 3328,2013 3299,2008 3291,2010 3284,2003 3271,2007 3254,1991 3249,1995 3236,1993"/>
                <Baseline points="3243,2030 3276,2039 3309,2040"/>
                <TextEquiv>
                    <Unicode>Ver</Unicode>
                </TextEquiv>
            </TextLine>
            <TextLine id="r1l53" custom="readingOrder {index:52;}">
                <Coords points="231,2034 1119,2063 1239,2054 1240,2020 231,2005"/>
                <Baseline points="243,2035 292,2037 341,2040 390,2041 439,2043 488,2044 537,2046 586,2047 635,2048 684,2048 734,2049 783,2049 832,2050 881,2050 930,2050 979,2050 1028,2051 1077,2051 1126,2051 1175,2052 1225,2052"/>
                <TextEquiv>
                    <Unicode>Glückes und der stillen Freude entzündet, dieser</Unicode>
                </TextEquiv>
            </TextLine>
            <TextLine id="r1l54" custom="readingOrder {index:53;}">
                <Coords points="2237,2075 3207,2077 3248,2067 3249,2028 2238,2018"/>
                <Baseline points="2251,2062 2300,2061 2349,2060 2398,2060 2448,2061 2497,2061 2546,2061 2595,2062 2645,2063 2694,2064 2743,2065 2792,2066 2842,2067 2891,2067 2940,2068 2989,2068 3039,2068 3088,2068 3137,2068 3186,2067 3236,2065"/>
                <TextEquiv>
                    <Unicode>famos geführtes Fugato ein, das gewiß die üble</Unicode>
                </TextEquiv>
            </TextLine>
            <TextLine id="r1l55" custom="readingOrder {index:54;}">
                <Coords points="1242,2084 2196,2087 2240,2082 2240,2038 1242,2040"/>
                <Baseline points="1254,2069 1302,2070 1351,2071 1400,2072 1448,2072 1497,2073 1546,2073 1594,2073 1643,2073 1692,2073 1741,2074 1789,2074 1838,2074 1887,2074 1935,2074 1984,2074 2033,2074 2081,2075 2130,2076 2179,2076 2228,2077"/>
                <TextEquiv>
                    <Unicode>zwischen Fritz und Theodor rollt leicht ab, bis bei</Unicode>
                </TextEquiv>
            </TextLine>
            <TextLine id="r1l56" custom="readingOrder {index:55;}">
                <Coords points="230,2093 1223,2110 1242,2051 231,2033"/>
                <Baseline points="244,2081 293,2082 342,2083 391,2085 441,2086 490,2087 539,2088 588,2089 638,2090 687,2091 736,2091 785,2092 835,2092 884,2092 933,2093 982,2093 1032,2093 1081,2093 1130,2093 1179,2093 1229,2093"/>
                <TextEquiv>
                    <Unicode>Unterton schwingt in dem Schnitzlerschen Schauspiel</Unicode>
                </TextEquiv>
            </TextLine>
            <TextLine id="r1l57" custom="readingOrder {index:56;}">
                <Coords points="2244,2102 3187,2125 3260,2118 3261,2063 2244,2063"/>
                <Baseline points="2257,2103 2306,2103 2355,2102 2405,2103 2454,2103 2504,2104 2553,2104 2603,2105 2652,2106 2702,2107 2751,2108 2800,2109 2850,2110 2899,2111 2949,2111 2998,2111 3048,2111 3097,2111 3147,2110 3196,2109 3246,2107"/>
                <TextEquiv>
                    <Unicode>Nachrede von Christivens wohlgesinnter Nachbarin</Unicode>
                </TextEquiv>
            </TextLine>
            <TextLine id="r1l58" custom="readingOrder {index:57;}">
                <Coords points="1235,2123 2238,2141 2233,2081 1235,2071"/>
                <Baseline points="1248,2108 1296,2111 1345,2113 1394,2114 1443,2116 1492,2117 1540,2118 1589,2118 1638,2118 1687,2119 1736,2119 1784,2119 1833,2119 1882,2118 1931,2118 1980,2118 2028,2119 2077,2119 2126,2119 2175,2120 2224,2121"/>
                <TextEquiv>
                    <Unicode>Erwähnung Christinens ein zartes Thema sich</Unicode>
                </TextEquiv>
            </TextLine>
            <TextLine id="r1l59" custom="readingOrder {index:58;}">
                <Coords points="231,2133 1765,2195 2235,2139 232,2091"/>
                <Baseline points="245,2129 343,2128 442,2127 541,2128 640,2129 739,2131 838,2133 936,2136 1035,2139 1134,2142 1233,2146 1332,2150 1431,2153 1530,2156 1628,2159 1727,2161 1826,2163 1925,2164 2024,2164 2123,2163 2222,2161"/>
                <TextEquiv>
                    <Unicode>gleichsam als Dominante zur Tonica der Liebe. Nur ein dem Parlando entwindet und selbständig macht.</Unicode>
                </TextEquiv>
            </TextLine>
            <TextLine id="r1l60" custom="readingOrder {index:59;}">
                <Coords points="2248,2155 3262,2161 3249,2106 2249,2108"/>
                <Baseline points="2261,2147 2310,2146 2359,2145 2409,2145 2458,2145 2507,2145 2557,2146 2606,2147 2655,2148 2705,2149 2754,2150 2803,2151 2853,2152 2902,2153 2951,2153 3001,2153 3050,2153 3099,2153 3149,2152 3198,2150 3248,2148"/>
                <TextEquiv>
                    <Unicode>symbolisieren soll. #felleicht auch nicht. Trau' einer</Unicode>
                </TextEquiv>
            </TextLine>
            <TextLine id="r1l61" custom="readingOrder {index:60;}">
                <Coords points="228,2162 1744,2212 1745,2170 1172,2137 229,2133"/>
                <Baseline points="241,2166 315,2168 390,2169 464,2171 539,2173 613,2174 688,2175 762,2177 837,2179 911,2180 986,2182 1060,2184 1135,2186 1209,2188 1284,2190 1358,2192 1433,2195 1507,2198 1582,2200 1656,2204 1731,2207"/>
                <TextEquiv>
                    <Unicode>Wiener Musiker, einer, dessen Herz vom Zauber des ###izzi erhält munter</Unicode>
                </TextEquiv>
            </TextLine>
            <TextLine id="r1l62" custom="readingOrder {index:61;}">
                <Coords points="2246,2192 3258,2201 3258,2144 2246,2153"/>
                <Baseline points="2260,2186 2309,2187 2358,2188 2407,2189 2457,2189 2506,2190 2555,2191 2604,2191 2654,2191 2703,2192 2752,2192 2801,2192 2851,2192 2900,2192 2949,2192 2998,2192 3048,2192 3097,2191 3146,2191 3195,2190 3245,2190"/>
                <TextEquiv>
                    <Unicode>nur den Komponisten von heute!) Papa Weiring wird</Unicode>
                </TextEquiv>
            </TextLine>
            <TextLine id="r1l63" custom="readingOrder {index:62;}">
                <Coords points="1745,2204 1813,2206 1849,2227 1886,2207 1995,2219 2019,2204 2089,2231 2133,2211 2237,2220 2238,2173 2102,2179 2053,2165 2009,2183 1985,2164 1936,2174 1879,2157 1797,2184 1745,2176"/>
                <Baseline points="1758,2202 1783,2202 1809,2201 1835,2201 1861,2201 1887,2201 1913,2201 1939,2202 1965,2202 1991,2203 2016,2203 2042,2204 2068,2204 2094,2205 2120,2206 2146,2206 2172,2207 2198,2208 2224,2208"/>
                <TextEquiv>
                    <Unicode>naccatierte Quartolen</Unicode>
                </TextEquiv>
            </TextLine>
            <TextLine id="r1l64" custom="readingOrder {index:63;}">
                <Coords points="229,2210 1136,2241 1241,2218 1241,2187 1129,2180 230,2181"/>
                <Baseline points="243,2208 292,2209 341,2211 390,2213 439,2214 489,2216 538,2217 587,2218 636,2220 685,2221 735,2221 784,2222 833,2222 882,2222 931,2222 981,2222 1030,2221 1079,2221 1128,2219 1177,2218 1227,2216"/>
                <TextEquiv>
                    <Unicode>Wienerwoldes durchtränkt, von dem unsäglichen Reize des</Unicode>
                </TextEquiv>
            </TextLine>
            <TextLine id="r1l65" custom="readingOrder {index:64;}">
                <Coords points="2241,2232 3236,2245 3257,2201 2240,2195"/>
                <Baseline points="2254,2232 2303,2232 2353,2233 2402,2233 2452,2234 2501,2234 2551,2234 2600,2235 2650,2235 2699,2235 2749,2235 2798,2235 2848,2235 2897,2234 2947,2234 2996,2234 3046,2233 3095,2232 3145,2231 3194,2230 3244,2229"/>
                <TextEquiv>
                    <Unicode>bei Neumann durch breite, aber melodisch. Aus¬</Unicode>
                </TextEquiv>
            </TextLine>
            <TextLine id="r1l66" custom="readingOrder {index:65;}">
                <Coords points="1228,2235 1451,2269 1692,2243 2205,2265 2234,2218 1848,2227 1747,2199 1687,2225 1398,2187 1319,2215 1228,2185"/>
                <Baseline points="1241,2235 1290,2238 1339,2240 1388,2242 1437,2243 1486,2244 1535,2245 1584,2246 1633,2246 1682,2246 1731,2247 1780,2247 1829,2247 1878,2247 1927,2247 1976,2247 2025,2248 2074,2249 2123,2249 2172,2251 2221,2252"/>
                <TextEquiv>
                    <Unicode>#uls Erkennungszeichen. Auch sonst das starke</Unicode>
                </TextEquiv>
            </TextLine>
            <TextLine id="r1l67" custom="readingOrder {index:66;}">
                <Coords points="227,2273 1244,2276 1245,2214 744,2237 228,2213"/>
                <Baseline points="241,2252 290,2254 339,2255 389,2258 438,2259 488,2261 537,2262 587,2263 636,2264 686,2264 735,2265 784,2265 834,2266 883,2266 933,2266 982,2266 1032,2266 1081,2265 1131,2265 1180,2264 1230,2263"/>
                <TextEquiv>
                    <Unicode>Wiener Frühlings ergriffen wäre, hätte diesen Ton</Unicode>
                </TextEquiv>
            </TextLine>
            <TextLine id="r1l68" custom="readingOrder {index:67;}">
                <Coords points="2249,2281 3236,2294 3252,2231 2248,2234"/>
                <Baseline points="2261,2279 2309,2279 2358,2279 2407,2278 2456,2278 2505,2278 2554,2278 2603,2278 2652,2277 2701,2277 2750,2277 2798,2277 2847,2277 2896,2277 2945,2277 2994,2277 3043,2276 3092,2276 3141,2276 3190,2276 3239,2276"/>
                <TextEquiv>
                    <Unicode>spirnung seiner Güte fast zu redselig. Wenn Fritz</Unicode>
                </TextEquiv>
            </TextLine>
            <TextLine id="r1l69" custom="readingOrder {index:68;}">
                <Coords points="1238,2293 2239,2306 2239,2267 2096,2245 1238,2256"/>
                <Baseline points="1252,2282 1300,2284 1349,2286 1398,2288 1446,2288 1495,2289 1544,2290 1592,2290 1641,2290 1690,2290 1739,2290 1787,2290 1836,2290 1885,2290 1933,2290 1982,2290 2031,2290 2079,2290 2128,2291 2177,2291 2226,2292"/>
                <TextEquiv>
                    <Unicode>Bestreben zur Illustrierung, aber doch nur</Unicode>
                </TextEquiv>
            </TextLine>
            <TextLine id="r1l70" custom="readingOrder {index:69;}">
                <Coords points="230,2296 525,2322 1242,2306 1242,2272 1135,2263 231,2249"/>
                <Baseline points="244,2296 293,2298 342,2300 391,2301 440,2303 490,2304 539,2305 588,2306 637,2306 686,2307 736,2307 785,2308 834,2308 883,2308 932,2308 982,2308 1031,2308 1080,2308 1129,2308 1178,2307 1228,2307"/>
                <TextEquiv>
                    <Unicode>einfangen, die „Liebelel“ so in Musik setzen können, wie</Unicode>
                </TextEquiv>
            </TextLine>
            <TextLine id="r1l71" custom="readingOrder {index:70;}">
                <Coords points="2244,2334 3203,2334 3338,2315 3338,2257 3083,2295 2243,2284"/>
                <Baseline points="2256,2318 2309,2319 2362,2319 2416,2319 2469,2320 2523,2320 2576,2320 2629,2320 2683,2321 2736,2321 2790,2320 2843,2320 2896,2320 2950,2319 3003,2319 3057,2318 3110,2317 3163,2316 3217,2314 3270,2313 3324,2310"/>
                <TextEquiv>
                    <Unicode>erscheint, versteigt sich Christinens Freude beinahe sin</Unicode>
                </TextEquiv>
            </TextLine>
            <TextLine id="r1l72" custom="readingOrder {index:71;}">
                <Coords points="1231,2323 2240,2342 2240,2308 2151,2289 1231,2292"/>
                <Baseline points="1245,2329 1294,2330 1343,2331 1392,2332 1441,2332 1490,2333 1539,2333 1589,2334 1638,2334 1687,2334 1736,2334 1785,2334 1834,2334 1883,2334 1933,2335 1982,2335 2031,2335 2080,2335 2129,2335 2178,2335 2228,2336"/>
                <TextEquiv>
                    <Unicode>immer wieder Ansätze zum Gesang, Melodien¬</Unicode>
                </TextEquiv>
            </TextLine>
            <TextLine id="r1l73" custom="readingOrder {index:72;}">
                <Coords points="231,2359 1237,2360 1238,2308 602,2324 232,2296"/>
                <Baseline points="244,2337 293,2339 342,2341 391,2343 440,2344 489,2346 538,2347 587,2348 636,2349 685,2349 734,2350 783,2350 832,2351 881,2351 930,2351 979,2351 1028,2350 1077,2350 1126,2350 1175,2350 1224,2349"/>
                <TextEquiv>
                    <Unicode>sie dem Wesen und Sinne des Dichters entsprechen</Unicode>
                </TextEquiv>
            </TextLine>
            <TextLine id="r1l74" custom="readingOrder {index:73;}">
                <Coords points="2240,2376 3144,2381 3248,2347 3329,2367 3329,2305 3092,2337 2240,2327"/>
                <Baseline points="2253,2365 2306,2363 2359,2361 2412,2360 2465,2360 2518,2360 2571,2360 2625,2361 2678,2362 2731,2363 2784,2364 2837,2365 2890,2366 2943,2366 2997,2365 3050,2364 3103,2363 3156,2361 3209,2357 3262,2352 3316,2347"/>
                <TextEquiv>
                    <Unicode>zur Isolde=Ekstase. Dann aber fließt der Dialag und</Unicode>
                </TextEquiv>
            </TextLine>
            <TextLine id="r1l75" custom="readingOrder {index:74;}">
                <Coords points="1245,2377 2238,2387 2215,2337 1245,2338"/>
                <Baseline points="1258,2369 1306,2370 1354,2371 1403,2373 1451,2373 1499,2375 1548,2375 1596,2376 1644,2376 1693,2377 1741,2377 1789,2377 1838,2378 1886,2378 1934,2378 1983,2379 2031,2379 2079,2379 2128,2380 2176,2380 2225,2380"/>
                <TextEquiv>
                    <Unicode>bogenstücke, kein Ganzes, kein Aufbau und Höhepunkt</Unicode>
                </TextEquiv>
            </TextLine>
            <TextLine id="r1l76" custom="readingOrder {index:75;}">
                <Coords points="232,2383 1230,2402 1228,2355 233,2344"/>
                <Baseline points="246,2379 294,2380 343,2383 391,2384 440,2386 488,2387 537,2389 585,2390 634,2391 682,2392 731,2392 779,2393 828,2394 876,2394 925,2394 973,2394 1022,2394 1070,2394 1119,2394 1167,2393 1216,2392"/>
                <TextEquiv>
                    <Unicode>würde. Herr Franz Neumann, ein junger Komponist</Unicode>
                </TextEquiv>
            </TextLine>
            <TextLine id="r1l77" custom="readingOrder {index:76;}">
                <Coords points="2238,2413 3202,2417 3327,2392 3327,2356 2238,2379"/>
                <Baseline points="2252,2409 2305,2407 2358,2406 2411,2405 2464,2405 2517,2405 2570,2406 2623,2406 2676,2407 2729,2408 2782,2409 2835,2409 2888,2410 2941,2409 2994,2409 3047,2407 3100,2406 3153,2403 3206,2399 3259,2394 3313,2387"/>
                <TextEquiv>
                    <Unicode>der Beiden melodisch-freundlich dahin mit der</Unicode>
                </TextEquiv>
            </TextLine>
            <TextLine id="r1l78" custom="readingOrder {index:77;}">
                <Coords points="1234,2419 2237,2432 2214,2384 1234,2385"/>
                <Baseline points="1248,2416 1296,2416 1345,2416 1394,2416 1443,2416 1491,2417 1540,2417 1589,2417 1638,2417 1686,2418 1735,2418 1784,2419 1833,2419 1881,2420 1930,2420 1979,2421 2028,2422 2076,2423 2125,2424 2174,2426 2223,2427"/>
                <TextEquiv>
                    <Unicode>in dem ruhelos fließenden Orchestergewässer, noch</Unicode>
                </TextEquiv>
            </TextLine>
            <TextLine id="r1l79" custom="readingOrder {index:78;}">
                <Coords points="225,2419 386,2447 1239,2445 1213,2398 522,2412 225,2383"/>
                <Baseline points="238,2421 287,2424 336,2427 386,2428 435,2430 485,2432 534,2433 583,2434 633,2434 682,2434 732,2435 781,2435 830,2435 880,2435 929,2435 979,2435 1028,2436 1077,2436 1127,2437 1176,2438 1226,2439"/>
                <TextEquiv>
                    <Unicode>aus Böhmen, derzeit Lapellmeister in Frankfurt,</Unicode>
                </TextEquiv>
            </TextLine>
            <TextLine id="r1l80" custom="readingOrder {index:79;}">
                <Coords points="2242,2450 3096,2469 3326,2440 3326,2393 2241,2414"/>
                <Baseline points="2254,2448 2307,2447 2360,2446 2413,2446 2466,2446 2519,2447 2572,2447 2625,2448 2678,2449 2731,2450 2784,2451 2837,2451 2890,2452 2943,2452 2996,2451 3049,2450 3102,2449 3155,2446 3208,2443 3261,2440 3314,2436"/>
                <TextEquiv>
                    <Unicode>steigender Wärme bis zum stimmungsvollen tum</Unicode>
                </TextEquiv>
            </TextLine>
            <TextLine id="r1l81" custom="readingOrder {index:80;}">
                <Coords points="1244,2469 2235,2484 2235,2431 1245,2422"/>
                <Baseline points="1258,2459 1306,2459 1354,2459 1402,2459 1450,2460 1499,2460 1547,2461 1595,2461 1643,2462 1691,2462 1740,2463 1788,2463 1836,2464 1884,2464 1932,2464 1981,2464 2029,2465 2077,2465 2125,2464 2173,2464 2222,2463"/>
                <TextEquiv>
                    <Unicode>weniger in der Singstimme, die sich mit Deklamation,</Unicode>
                </TextEquiv>
            </TextLine>
            <TextLine id="r1l82" custom="readingOrder {index:81;}">
                <Coords points="230,2483 1028,2472 1145,2510 1233,2493 1234,2443 231,2421"/>
                <Baseline points="242,2467 290,2469 339,2471 388,2473 437,2474 486,2475 535,2476 584,2477 633,2477 682,2478 731,2478 779,2478 828,2478 877,2478 926,2478 975,2478 1024,2478 1073,2478 1122,2479 1171,2479 1220,2479"/>
                <TextEquiv>
                    <Unicode>konnie das nicht. Ihn pockte bloß der Stoff des</Unicode>
                </TextEquiv>
            </TextLine>
            <TextLine id="r1l83" custom="readingOrder {index:82;}">
                <Coords points="2241,2496 3234,2505 3330,2489 3330,2434 2241,2451"/>
                <Baseline points="2254,2489 2307,2489 2360,2489 2413,2489 2466,2490 2520,2491 2573,2491 2626,2492 2679,2493 2732,2493 2786,2494 2839,2494 2892,2494 2945,2494 2998,2493 3052,2492 3105,2490 3158,2488 3211,2485 3264,2482 3318,2477"/>
                <TextEquiv>
                    <Unicode>Abschied. Dem dritten Akte geht ein langes wor</Unicode>
                </TextEquiv>
            </TextLine>
            <TextLine id="r1l84" custom="readingOrder {index:83;}">
                <Coords points="1242,2516 2212,2518 2233,2476 1242,2469"/>
                <Baseline points="1255,2508 1303,2507 1351,2506 1399,2505 1447,2504 1496,2504 1544,2505 1592,2505 1640,2505 1688,2506 1737,2507 1785,2507 1833,2508 1881,2508 1929,2509 1978,2509 2026,2508 2074,2508 2122,2507 2170,2506 2219,2504"/>
                <TextEquiv>
                    <Unicode>zwar mit melodiöser, bescheidet, jedoch zur Selbst¬</Unicode>
                </TextEquiv>
            </TextLine>
            <TextLine id="r1l85" custom="readingOrder {index:84;}">
                <Coords points="227,2518 1063,2536 1227,2528 1228,2489 227,2484"/>
                <Baseline points="241,2508 289,2510 338,2512 387,2514 435,2516 484,2517 533,2518 581,2519 630,2520 679,2521 728,2521 776,2521 825,2522 874,2522 922,2522 971,2522 1020,2522 1068,2522 1117,2522 1166,2522 1215,2523"/>
                <TextEquiv>
                    <Unicode>Schauspiels, dessen Tragik in der knappen, er¬</Unicode>
                </TextEquiv>
            </TextLine>
            <TextLine id="r1l86" custom="readingOrder {index:85;}">
                <Coords points="2243,2533 2879,2556 3335,2515 3334,2474 3236,2505 2243,2497"/>
                <Baseline points="2256,2533 2309,2533 2362,2533 2415,2533 2469,2534 2522,2535 2575,2535 2629,2536 2682,2536 2735,2537 2789,2537 2842,2538 2895,2538 2948,2537 3002,2536 3055,2535 3108,2534 3162,2531 3215,2528 3268,2526 3322,2521"/>
                <TextEquiv>
                    <Unicode>Vorspiel voran. Es schildert das Duell und Fritzens dau</Unicode>
                </TextEquiv>
            </TextLine>
            <TextLine id="r1l87" custom="readingOrder {index:86;}">
                <Coords points="1247,2559 2243,2562 2222,2512 1247,2517"/>
                <Baseline points="1260,2549 1308,2549 1357,2548 1405,2548 1454,2548 1502,2549 1551,2549 1599,2549 1648,2549 1696,2550 1745,2550 1793,2550 1842,2551 1890,2551 1939,2551 1987,2551 2036,2551 2084,2551 2133,2551 2181,2551 2230,2550"/>
                <TextEquiv>
                    <Unicode>ständigkeit nicht recht den Mut findet. Da plötzlich:</Unicode>
                </TextEquiv>
            </TextLine>
            <TextLine id="r1l88" custom="readingOrder {index:87;}">
                <Coords points="229,2562 1240,2585 1241,2533 1150,2516 230,2521"/>
                <Baseline points="242,2551 291,2554 340,2556 389,2558 439,2559 488,2561 537,2562 586,2562 636,2563 685,2563 734,2563 783,2563 833,2564 882,2564 931,2564 980,2564 1030,2565 1079,2565 1128,2566 1177,2567 1227,2569"/>
                <TextEquiv>
                    <Unicode>schütternden Steigerung. Von diesem Ausgangspunkte</Unicode>
                </TextEquiv>
            </TextLine>
            <TextLine id="r1l89" custom="readingOrder {index:88;}">
                <Coords points="2236,2565 2304,2593 3187,2593 3328,2566 3328,2525 2236,2541"/>
                <Baseline points="2248,2578 2301,2577 2354,2577 2407,2577 2461,2577 2514,2577 2567,2578 2621,2579 2674,2580 2727,2581 2781,2581 2834,2582 2887,2582 2940,2582 2994,2582 3047,2581 3100,2580 3154,2578 3207,2575 3260,2572 3314,2568"/>
                <TextEquiv>
                    <Unicode>Ende, in seiner packenden Wirkung an das ähnlich ge= übe</Unicode>
                </TextEquiv>
            </TextLine>
            <TextLine id="r1l90" custom="readingOrder {index:89;}">
                <Coords points="1238,2596 2233,2610 2233,2558 1238,2554"/>
                <Baseline points="1251,2594 1299,2593 1347,2593 1396,2593 1444,2592 1493,2592 1541,2591 1589,2591 1638,2590 1686,2590 1735,2590 1783,2590 1831,2590 1880,2591 1928,2591 1977,2592 2025,2593 2073,2595 2122,2596 2170,2599 2219,2601"/>
                <TextEquiv>
                    <Unicode>Christine singt auf Fitzend Wunsch ein Lied, ganz</Unicode>
                </TextEquiv>
            </TextLine>
            <TextLine id="r1l91" custom="readingOrder {index:90;}">
                <Coords points="233,2612 908,2619 1062,2595 1062,2571 935,2564 859,2587 799,2565 234,2563"/>
                <Baseline points="245,2596 285,2597 325,2598 365,2599 406,2601 446,2601 486,2602 526,2603 567,2604 607,2605 647,2606 687,2606 728,2607 768,2607 808,2608 848,2608 889,2607 929,2607 969,2607 1009,2606 1050,2605"/>
                <TextEquiv>
                    <Unicode>schritt er an die Vertonung der „Liebelei“</Unicode>
                </TextEquiv>
            </TextLine>
            <TextLine id="r1l92" custom="readingOrder {index:91;}">
                <Coords points="2244,2624 3216,2634 3336,2612 3336,2573 2244,2574"/>
                <Baseline points="2258,2622 2311,2621 2364,2621 2417,2621 2471,2621 2524,2621 2577,2622 2631,2622 2684,2623 2737,2623 2791,2624 2844,2624 2897,2624 2950,2623 3004,2623 3057,2621 3110,2620 3164,2618 3217,2615 3270,2612 3324,2608"/>
                <TextEquiv>
                    <Unicode>dachte Zwischenspiel in Massenets „Werther“ erinnernd, #at</Unicode>
                </TextEquiv>
            </TextLine>
            <TextLine id="r1l93" custom="readingOrder {index:92;}">
                <Coords points="1248,2643 2233,2654 2233,2610 2137,2598 1248,2603"/>
                <Baseline points="1262,2637 1312,2636 1362,2636 1413,2635 1463,2635 1514,2635 1564,2635 1615,2635 1665,2635 1716,2635 1766,2636 1817,2636 1867,2637 1918,2637 1968,2638 2019,2639 2069,2639 2120,2640 2170,2641 2221,2643"/>
                <TextEquiv>
                    <Unicode>einfach, im Volkston, über bescheidener, ruhiger</Unicode>
                </TextEquiv>
            </TextLine>
            <TextLine id="r1l94" custom="readingOrder {index:93;}">
                <Coords points="335,2639 801,2675 843,2652 1200,2666 1231,2664 1232,2604 1141,2584 987,2617 335,2618"/>
                <Baseline points="348,2638 391,2641 434,2643 478,2644 521,2645 565,2646 608,2648 652,2648 695,2649 739,2650 782,2650 825,2650 869,2650 912,2650 956,2650 999,2650 1043,2650 1086,2650 1130,2650 1173,2650 1217,2650"/>
                <TextEquiv>
                    <Unicode>Die Arbeit schien nicht leicht. Zunächst war der</Unicode>
                </TextEquiv>
            </TextLine>
            <TextLine id="r1l95" custom="readingOrder {index:94;}">
                <Coords points="2248,2674 3210,2678 3322,2657 3322,2618 2248,2627"/>
                <Baseline points="2260,2668 2312,2666 2364,2664 2417,2664 2469,2663 2522,2663 2574,2664 2626,2664 2679,2665 2731,2666 2784,2667 2836,2668 2888,2668 2941,2668 2993,2668 3046,2667 3098,2665 3150,2663 3203,2661 3255,2657 3308,2652"/>
                <TextEquiv>
                    <Unicode>nur noch dramatischer im Ausdruck und geradezu tr#</Unicode>
                </TextEquiv>
            </TextLine>
            <TextLine id="r1l96" custom="readingOrder {index:95;}">
                <Coords points="1240,2686 2228,2696 2228,2649 2168,2643 1240,2644"/>
                <Baseline points="1254,2681 1302,2680 1350,2679 1398,2678 1446,2678 1494,2677 1542,2677 1590,2677 1638,2677 1686,2677 1735,2677 1783,2677 1831,2678 1879,2678 1927,2679 1975,2680 2023,2681 2071,2682 2119,2683 2167,2684 2216,2685"/>
                <TextEquiv>
                    <Unicode>Harmonie. Aber es ist leiber nicht vom Komponisten,</Unicode>
                </TextEquiv>
            </TextLine>
            <TextLine id="r1l97" custom="readingOrder {index:96;}">
                <Coords points="224,2680 813,2686 844,2713 1235,2705 1236,2661 555,2662 225,2625"/>
                <Baseline points="237,2678 286,2682 335,2684 384,2686 434,2689 483,2690 532,2692 582,2693 631,2694 680,2695 730,2695 779,2695 828,2696 877,2696 927,2696 976,2696 1025,2696 1075,2696 1124,2696 1173,2696 1223,2696"/>
                <TextEquiv>
                    <Unicode>Stil fürs Ganze festzulegen. Hier setzt gleich der</Unicode>
                </TextEquiv>
            </TextLine>
            <TextLine id="r1l98" custom="readingOrder {index:97;}">
                <Coords points="2248,2715 3236,2716 3332,2697 3332,2669 2248,2675"/>
                <Baseline points="2262,2712 2314,2709 2367,2707 2420,2706 2473,2705 2526,2705 2578,2704 2631,2705 2684,2705 2737,2705 2790,2706 2842,2706 2895,2706 2948,2706 3001,2706 3054,2706 3106,2705 3159,2703 3212,2701 3265,2699 3318,2695"/>
                <TextEquiv>
                    <Unicode>ergreifend in der Wiederaufnahme jener schönen Des¬ vom</Unicode>
                </TextEquiv>
            </TextLine>
            <TextLine id="r1l99" custom="readingOrder {index:98;}">
                <Coords points="1250,2730 2232,2738 2204,2688 1250,2683"/>
                <Baseline points="1262,2721 1309,2721 1357,2721 1405,2721 1453,2721 1501,2720 1549,2720 1597,2720 1645,2720 1693,2720 1741,2720 1788,2720 1836,2720 1884,2721 1932,2721 1980,2722 2028,2722 2076,2724 2124,2725 2172,2727 2220,2729"/>
                <TextEquiv>
                    <Unicode>sondern entstammt, wie er selbst im Text¬</Unicode>
                </TextEquiv>
            </TextLine>
            <TextLine id="r1l100" custom="readingOrder {index:99;}">
                <Coords points="229,2733 1230,2748 1230,2704 1157,2695 230,2694"/>
                <Baseline points="241,2721 289,2723 338,2725 387,2727 436,2729 485,2731 534,2732 582,2733 631,2733 680,2734 729,2735 778,2736 827,2736 876,2736 924,2736 973,2737 1022,2737 1071,2737 1120,2738 1169,2738 1218,2738"/>
                <TextEquiv>
                    <Unicode>Grundfehler der neuen Oper ein. Neumann mußte sich</Unicode>
                </TextEquiv>
            </TextLine>
            <TextLine id="r1l101" custom="readingOrder {index:100;}">
                <Coords points="2242,2753 3238,2763 3266,2711 2242,2717"/>
                <Baseline points="2254,2745 2304,2746 2354,2746 2404,2746 2454,2747 2504,2747 2554,2747 2604,2748 2654,2748 2704,2748 2754,2748 2804,2748 2854,2748 2904,2748 2954,2748 3004,2748 3054,2748 3104,2748 3154,2747 3204,2747 3254,2747"/>
                <TextEquiv>
                    <Unicode>dur-Cantilene, die schon im ersten Akte dem kurzen</Unicode>
                </TextEquiv>
            </TextLine>
            <TextLine id="r1l102" custom="readingOrder {index:101;}">
                <Coords points="1239,2764 2240,2775 2240,2733 2089,2724 1239,2725"/>
                <Baseline points="1252,2760 1300,2761 1349,2762 1398,2763 1446,2763 1495,2763 1544,2763 1592,2763 1641,2763 1690,2763 1739,2762 1787,2762 1836,2762 1885,2762 1933,2763 1982,2764 2031,2764 2079,2765 2128,2766 2177,2769 2226,2770"/>
                <TextEquiv>
                    <Unicode>buche*) gesteht, dem Lochheimer Liederbuch.</Unicode>
                </TextEquiv>
            </TextLine>
            <TextLine id="r1l103" custom="readingOrder {index:102;}">
                <Coords points="230,2789 1231,2789 1231,2745 1192,2742 230,2735"/>
                <Baseline points="244,2769 292,2770 341,2771 390,2772 438,2773 487,2774 536,2774 584,2775 633,2776 682,2777 731,2778 779,2778 828,2779 877,2779 925,2780 974,2780 1023,2781 1071,2781 1120,2781 1169,2781 1218,2781"/>
                <TextEquiv>
                    <Unicode>entweder für eine Appretur des Textes zur alten</Unicode>
                </TextEquiv>
            </TextLine>
            <TextLine id="r1l104" custom="readingOrder {index:103;}">
                <Coords points="2244,2794 3237,2802 3292,2752 2244,2755"/>
                <Baseline points="2258,2788 2309,2788 2360,2787 2411,2787 2462,2787 2513,2788 2564,2788 2615,2788 2666,2789 2717,2790 2768,2790 2819,2791 2870,2791 2921,2791 2972,2791 3023,2791 3074,2790 3125,2789 3176,2786 3227,2784 3278,2782"/>
                <TextEquiv>
                    <Unicode>Glücke Christinens Abschied gesungen. Der dritte Lkt w</Unicode>
                </TextEquiv>
            </TextLine>
            <TextLine id="r1l105" custom="readingOrder {index:104;}">
                <Coords points="1240,2806 2236,2823 2236,2776 1241,2772"/>
                <Baseline points="1254,2806 1302,2806 1350,2805 1399,2804 1447,2804 1496,2804 1544,2804 1593,2804 1641,2804 1690,2804 1738,2805 1786,2805 1835,2806 1883,2807 1932,2808 1980,2809 2029,2810 2077,2811 2126,2812 2174,2813 2223,2815"/>
                <TextEquiv>
                    <Unicode>Näher dem Empfinden des Hörers kommt</Unicode>
                </TextEquiv>
            </TextLine>
            <TextLine id="r1l106" custom="readingOrder {index:105;}">
                <Coords points="219,2832 1236,2828 1236,2786 220,2782"/>
                <Baseline points="232,2816 281,2817 331,2817 380,2818 430,2818 480,2818 529,2819 579,2819 628,2820 678,2820 728,2820 777,2821 827,2821 876,2821 926,2822 976,2822 1025,2822 1075,2822 1124,2822 1174,2822 1224,2822"/>
                <TextEquiv>
                    <Unicode>„Nummernoper“ entscheiden, was allen Fanatikern des</Unicode>
                </TextEquiv>
            </TextLine>
            <TextLine id="r1l107" custom="readingOrder {index:106;}">
                <Coords points="2237,2844 3131,2850 3326,2829 3326,2790 2237,2794"/>
                <Baseline points="2251,2833 2304,2832 2357,2832 2410,2832 2463,2831 2516,2832 2569,2832 2622,2832 2675,2832 2728,2833 2781,2833 2834,2833 2887,2833 2940,2833 2993,2833 3046,2833 3099,2832 3152,2831 3205,2830 3258,2828 3312,2826"/>
                <TextEquiv>
                    <Unicode>selbst ist ganz von der wehmütigen Stimmunz Do</Unicode>
                </TextEquiv>
            </TextLine>
            <TextLine id="r1l108" custom="readingOrder {index:107;}">
                <Coords points="1238,2857 2237,2861 2237,2819 2180,2814 1239,2805"/>
                <Baseline points="1252,2849 1300,2848 1349,2847 1397,2847 1446,2847 1495,2847 1543,2847 1592,2847 1640,2848 1689,2848 1738,2849 1786,2850 1835,2851 1883,2852 1932,2852 1981,2853 2029,2853 2078,2854 2126,2854 2175,2854 2224,2854"/>
                <TextEquiv>
                    <Unicode>ein nettes Walzerchen. Auch F. Wagners „Doppeladler¬</Unicode>
                </TextEquiv>
            </TextLine>
            <TextLine id="r1l109" custom="readingOrder {index:108;}">
                <Coords points="224,2871 1243,2875 1227,2825 224,2829"/>
                <Baseline points="237,2856 286,2857 336,2859 385,2860 435,2862 485,2863 534,2864 584,2865 633,2865 683,2866 733,2866 782,2866 832,2866 881,2866 931,2866 981,2866 1030,2865 1080,2865 1129,2864 1179,2864 1229,2863"/>
                <TextEquiv>
                    <Unicode>Durchkomponierens zu Trotz kein übler Gedanke</Unicode>
                </TextEquiv>
            </TextLine>
            <TextLine id="r1l110" custom="readingOrder {index:109;}">
                <Coords points="2238,2880 3286,2884 3333,2881 3333,2826 2238,2838"/>
                <Baseline points="2252,2877 2305,2877 2358,2876 2412,2875 2465,2875 2519,2875 2572,2875 2625,2876 2679,2876 2732,2876 2786,2876 2839,2877 2892,2877 2946,2876 2999,2876 3053,2876 3106,2875 3159,2874 3213,2872 3266,2871 3320,2868"/>
                <TextEquiv>
                    <Unicode>erfüllt, die Schnigler hier angeschlagen hat, von jener sich</Unicode>
                </TextEquiv>
            </TextLine>
            <TextLine id="r1l111" custom="readingOrder {index:110;}">
                <Coords points="1252,2896 2201,2911 2235,2861 1252,2857"/>
                <Baseline points="1264,2889 1311,2890 1359,2891 1407,2892 1455,2892 1503,2893 1551,2893 1599,2893 1647,2893 1695,2893 1743,2893 1790,2893 1838,2893 1886,2894 1934,2894 1982,2894 2030,2895 2078,2895 2126,2897 2174,2898 2222,2899"/>
                <TextEquiv>
                    <Unicode>marsch“ muß, dem Texte entsprechend, zum Zitate her¬</Unicode>
                </TextEquiv>
            </TextLine>
            <TextLine id="r1l112" custom="readingOrder {index:111;}">
                <Coords points="225,2897 1236,2923 1236,2876 1059,2859 655,2883 225,2858"/>
                <Baseline points="238,2901 287,2903 336,2904 385,2905 435,2905 484,2906 533,2907 583,2907 632,2908 681,2908 731,2908 780,2908 829,2908 878,2908 928,2908 977,2908 1026,2908 1076,2908 1125,2908 1174,2908 1224,2908"/>
                <TextEquiv>
                    <Unicode>gewesen wäre. Oder er hätte die Schwierigkeit der</Unicode>
                </TextEquiv>
            </TextLine>
            <TextLine id="r1l113" custom="readingOrder {index:112;}">
                <Coords points="2248,2920 3335,2940 3334,2864 2248,2881"/>
                <Baseline points="2260,2921 2313,2920 2366,2920 2419,2919 2472,2919 2525,2919 2578,2920 2631,2920 2684,2920 2737,2920 2791,2921 2844,2921 2897,2921 2950,2920 3003,2920 3056,2919 3109,2919 3162,2917 3215,2916 3268,2914 3322,2912"/>
                <TextEquiv>
                    <Unicode>Resignation, die als Ahnung im Gemüte Christinens ga#</Unicode>
                </TextEquiv>
            </TextLine>
            <TextLine id="r1l114" custom="readingOrder {index:113;}">
                <Coords points="1241,2944 2234,2952 2234,2905 2177,2899 1241,2892"/>
                <Baseline points="1254,2938 1302,2937 1350,2937 1399,2936 1447,2936 1496,2935 1544,2935 1592,2935 1641,2935 1689,2936 1738,2936 1786,2936 1834,2937 1883,2937 1931,2938 1980,2939 2028,2939 2076,2940 2125,2940 2173,2941 2222,2942"/>
                <TextEquiv>
                    <Unicode>halten. Bis hierher läuft also die Musik mehr neben</Unicode>
                </TextEquiv>
            </TextLine>
            <TextLine id="r1l115" custom="readingOrder {index:114;}">
                <Coords points="223,2951 1216,2963 1235,2922 224,2901"/>
                <Baseline points="236,2941 285,2942 334,2943 383,2944 433,2945 482,2946 531,2947 581,2948 630,2949 679,2950 729,2951 778,2951 827,2952 876,2952 926,2952 975,2953 1024,2953 1074,2953 1123,2953 1172,2953 1222,2952"/>
                <TextEquiv>
                    <Unicode>Presa melodramatisch umgehen können, oder er hätte</Unicode>
                </TextEquiv>
            </TextLine>
            <TextLine id="r1l116" custom="readingOrder {index:115;}">
                <Coords points="2239,2977 3323,2958 3323,2921 3263,2914 2239,2919"/>
                <Baseline points="2252,2963 2304,2963 2357,2964 2410,2964 2463,2964 2516,2964 2569,2964 2622,2964 2675,2964 2728,2964 2781,2964 2833,2964 2886,2964 2939,2963 2992,2962 3045,2961 3098,2960 3151,2958 3204,2956 3257,2955 3310,2952"/>
                <TextEquiv>
                    <Unicode>sich allmählig festsetzt, bis sie sich zum erschütterndene B#</Unicode>
                </TextEquiv>
            </TextLine>
            <TextLine id="r1l117" custom="readingOrder {index:116;}">
                <Coords points="1241,2988 2232,2994 2232,2950 2117,2939 1241,2944"/>
                <Baseline points="1254,2978 1302,2978 1350,2978 1398,2978 1446,2978 1495,2978 1543,2978 1591,2978 1639,2978 1687,2978 1736,2978 1784,2978 1832,2978 1880,2978 1928,2979 1977,2979 2025,2980 2073,2980 2121,2981 2169,2981 2218,2982"/>
                <TextEquiv>
                    <Unicode>der Handlung. Das Erscheinen des betrogenen Gatten</Unicode>
                </TextEquiv>
            </TextLine>
            <TextLine id="r1l118" custom="readingOrder {index:117;}">
                <Coords points="222,3002 1233,3007 1234,2960 223,2949"/>
                <Baseline points="236,2985 285,2987 334,2989 383,2990 433,2992 482,2992 531,2993 580,2994 630,2994 679,2994 728,2994 777,2994 827,2994 876,2994 925,2994 974,2994 1024,2994 1073,2995 1122,2995 1171,2996 1221,2997"/>
                <TextEquiv>
                    <Unicode>sich für ein leichtes, flüssiges Parlando entscheiden</Unicode>
                </TextEquiv>
            </TextLine>
            <TextLine id="r1l119" custom="readingOrder {index:118;}">
                <Coords points="2249,3007 3236,3023 3322,3010 3322,2960 2249,2971"/>
                <Baseline points="2262,3006 2314,3006 2366,3006 2419,3006 2471,3006 2524,3007 2576,3007 2628,3007 2681,3007 2733,3007 2786,3007 2838,3007 2890,3007 2943,3007 2995,3006 3048,3006 3100,3005 3152,3005 3205,3004 3257,3003 3310,3002"/>
                <TextEquiv>
                    <Unicode>Aufschrei steigert, als Theodor das Zimmer betritt Fr</Unicode>
                </TextEquiv>
            </TextLine>
            <TextLine id="r1l120" custom="readingOrder {index:119;}">
                <Coords points="1242,3022 2238,3035 2199,2988 1242,2983"/>
                <Baseline points="1254,3021 1302,3022 1351,3023 1399,3023 1448,3023 1496,3023 1545,3023 1593,3023 1642,3023 1690,3022 1739,3022 1787,3022 1836,3022 1884,3022 1933,3022 1981,3022 2030,3023 2078,3024 2127,3025 2175,3027 2224,3029"/>
                <TextEquiv>
                    <Unicode>aber macht nicht bloß der heiteren Stimmung in</Unicode>
                </TextEquiv>
            </TextLine>
            <TextLine id="r1l121" custom="readingOrder {index:120;}">
                <Coords points="231,3025 1223,3055 1245,2996 231,2999"/>
                <Baseline points="243,3029 292,3030 341,3031 391,3033 440,3034 490,3035 539,3035 588,3036 638,3036 687,3036 737,3036 786,3036 835,3036 885,3037 934,3037 984,3037 1033,3038 1082,3038 1132,3039 1181,3040 1231,3042"/>
                <TextEquiv>
                    <Unicode>müssen, wie es Puccini in seiner „Bohème",</Unicode>
                </TextEquiv>
            </TextLine>
            <TextLine id="r1l122" custom="readingOrder {index:121;}">
                <Coords points="2243,3048 2980,3071 3223,3056 3249,3003 2243,3009"/>
                <Baseline points="2255,3046 2304,3047 2353,3047 2402,3048 2451,3048 2500,3048 2549,3049 2598,3049 2647,3049 2696,3049 2745,3049 2794,3049 2843,3048 2892,3048 2941,3048 2990,3048 3039,3048 3088,3047 3137,3047 3186,3047 3236,3046"/>
                <TextEquiv>
                    <Unicode>durch seine Miene schon die Katastrophe kündend. Hier</Unicode>
                </TextEquiv>
            </TextLine>
            <TextLine id="r1l123" custom="readingOrder {index:122;}">
                <Coords points="1248,3071 2228,3081 2228,3034 2178,3029 1248,3027"/>
                <Baseline points="1260,3067 1307,3067 1355,3067 1403,3067 1451,3066 1498,3066 1546,3066 1594,3066 1642,3066 1689,3066 1737,3066 1785,3066 1833,3066 1880,3066 1928,3067 1976,3067 2024,3068 2071,3068 2119,3069 2167,3070 2215,3070"/>
                <TextEquiv>
                    <Unicode>Fritzens Zimmer, sondern auch der glatten, farblosen</Unicode>
                </TextEquiv>
            </TextLine>
            <TextLine id="r1l124" custom="readingOrder {index:123;}">
                <Coords points="222,3076 1090,3099 1246,3085 1247,3041 668,3055 223,3023"/>
                <Baseline points="236,3069 285,3071 335,3073 385,3074 435,3076 485,3077 535,3077 584,3078 634,3078 684,3079 734,3079 784,3079 834,3079 884,3080 933,3080 983,3080 1033,3081 1083,3082 1133,3082 1183,3084 1233,3085"/>
                <TextEquiv>
                    <Unicode>Richard Strauß im „Rosenkavalier“ getan. Neu¬</Unicode>
                </TextEquiv>
            </TextLine>
            <TextLine id="r1l125" custom="readingOrder {index:124;}">
                <Coords points="2242,3099 3251,3098 3251,3067 3144,3046 2982,3070 2242,3047"/>
                <Baseline points="2256,3090 2305,3091 2354,3091 2403,3092 2452,3092 2501,3092 2550,3092 2599,3093 2648,3093 2697,3093 2747,3093 2796,3093 2845,3093 2894,3093 2943,3092 2992,3092 3041,3091 3090,3091 3139,3090 3188,3090 3238,3089"/>
                <TextEquiv>
                    <Unicode>freilich überragt die Kraft und Gewalt des Dramas</Unicode>
                </TextEquiv>
            </TextLine>
            <TextLine id="r1l126" custom="readingOrder {index:125;}">
                <Coords points="1239,3119 2239,3129 2240,3082 1239,3072"/>
                <Baseline points="1252,3107 1300,3108 1349,3109 1398,3109 1446,3109 1495,3109 1544,3109 1592,3109 1641,3109 1690,3109 1739,3109 1787,3109 1836,3109 1885,3109 1933,3109 1982,3109 2031,3110 2079,3111 2128,3112 2177,3113 2226,3115"/>
                <TextEquiv>
                    <Unicode>Musik Neumanns ein Ende. Der Uebergang vom</Unicode>
                </TextEquiv>
            </TextLine>
            <TextLine id="r1l127" custom="readingOrder {index:126;}">
                <Coords points="2246,3145 3239,3138 3239,3102 3184,3094 2246,3096"/>
                <Baseline points="2258,3131 2306,3132 2354,3133 2403,3134 2451,3134 2500,3135 2548,3135 2596,3135 2645,3135 2693,3135 2742,3135 2790,3135 2838,3134 2887,3134 2935,3134 2984,3134 3032,3134 3080,3134 3129,3134 3177,3134 3226,3135"/>
                <TextEquiv>
                    <Unicode>jeden Versuch, ihm mit Musik nahe zu kommen. Eine</Unicode>
                </TextEquiv>
            </TextLine>
            <TextLine id="r1l128" custom="readingOrder {index:127;}">
                <Coords points="217,3136 2240,3165 2191,3117 219,3082"/>
                <Baseline points="231,3119 330,3117 430,3117 530,3118 630,3119 729,3122 829,3124 929,3127 1029,3131 1128,3135 1228,3138 1328,3142 1428,3146 1527,3149 1627,3152 1727,3154 1827,3155 1926,3155 2026,3155 2126,3154 2226,3151"/>
                <TextEquiv>
                    <Unicode>mann entschied sich für das glatte Fort= Scherz zum furchtbaren Ernst, das Ablöschen der</Unicode>
                </TextEquiv>
            </TextLine>
            <TextLine id="r1l129" custom="readingOrder {index:128;}">
                <Coords points="2245,3188 3249,3170 3249,3139 3145,3131 2245,3128"/>
                <Baseline points="2258,3171 2306,3172 2355,3174 2404,3174 2453,3175 2502,3175 2551,3175 2600,3175 2649,3175 2698,3175 2747,3175 2795,3175 2844,3174 2893,3174 2942,3174 2991,3174 3040,3174 3089,3174 3138,3175 3187,3175 3236,3176"/>
                <TextEquiv>
                    <Unicode>Steigerung dieser packenden Szene wäre selbst einen</Unicode>
                </TextEquiv>
            </TextLine>
            <TextLine id="r1l130" custom="readingOrder {index:129;}">
                <Coords points="231,3174 2238,3209 2179,3161 233,3119"/>
                <Baseline points="245,3160 349,3159 453,3159 557,3160 661,3162 765,3164 869,3167 974,3171 1078,3174 1182,3179 1286,3183 1390,3186 1494,3190 1599,3193 1703,3195 1807,3197 1911,3198 2015,3199 2119,3198 2224,3195"/>
                <TextEquiv>
                    <Unicode>komponieren von Wort zu Wort, von Zeile Gemütlichkeit und die wachsende Spannung bis zum</Unicode>
                </TextEquiv>
            </TextLine>
            <TextLine id="r1l131" custom="readingOrder {index:130;}">
                <Coords points="225,3203 1233,3219 1233,3180 1181,3172 225,3179"/>
                <Baseline points="238,3202 287,3203 336,3204 385,3205 434,3206 483,3206 532,3206 581,3207 630,3207 679,3207 728,3207 777,3208 826,3208 875,3208 924,3209 973,3209 1022,3210 1071,3210 1120,3211 1169,3212 1219,3214"/>
                <TextEquiv>
                    <Unicode>zu Zeile, gemischt mit melodramatischen An¬</Unicode>
                </TextEquiv>
            </TextLine>
            <TextLine id="r1l132" custom="readingOrder {index:131;}">
                <Coords points="2245,3231 3209,3228 3251,3218 3251,3176 2245,3187"/>
                <Baseline points="2257,3221 2306,3220 2355,3219 2404,3219 2453,3219 2502,3218 2551,3218 2600,3219 2649,3219 2698,3219 2747,3219 2796,3219 2845,3220 2894,3220 2943,3220 2992,3220 3041,3220 3090,3219 3139,3219 3188,3218 3237,3217"/>
                <TextEquiv>
                    <Unicode>größeren Musiker wie Herrn Neumann nicht geglückt</Unicode>
                </TextEquiv>
            </TextLine>
            <TextLine id="r1l133" custom="readingOrder {index:132;}">
                <Coords points="1239,3254 2235,3253 2235,3208 2198,3203 1239,3192"/>
                <Baseline points="1253,3240 1301,3239 1349,3237 1398,3236 1446,3236 1495,3235 1543,3235 1591,3235 1640,3235 1688,3235 1737,3235 1785,3236 1833,3236 1882,3236 1930,3237 1979,3237 2027,3238 2075,3238 2124,3238 2172,3238 2221,3238"/>
                <TextEquiv>
                    <Unicode>jähen Eintritt des in tortissimo erdröhnenden B-moll¬</Unicode>
                </TextEquiv>
            </TextLine>
            <TextLine id="r1l134" custom="readingOrder {index:133;}">
                <Coords points="235,3252 1189,3268 1243,3261 1244,3211 235,3208"/>
                <Baseline points="248,3243 297,3244 346,3245 395,3245 444,3246 493,3247 542,3247 591,3248 640,3248 689,3248 739,3249 788,3249 837,3249 886,3250 935,3250 984,3250 1033,3251 1082,3251 1131,3252 1180,3252 1230,3253"/>
                <TextEquiv>
                    <Unicode>wandlungen und einer Pathetik, die stellenweise dort</Unicode>
                </TextEquiv>
            </TextLine>
            <TextLine id="r1l135" custom="readingOrder {index:134;}">
                <Coords points="2241,3262 3300,3268 3300,3229 3242,3213 2242,3231"/>
                <Baseline points="2255,3259 2306,3260 2358,3260 2409,3260 2461,3260 2512,3260 2564,3260 2615,3260 2667,3260 2718,3260 2770,3261 2822,3261 2873,3261 2925,3261 2976,3261 3028,3261 3079,3262 3131,3262 3182,3262 3234,3263 3286,3264"/>
                <TextEquiv>
                    <Unicode>Doch hat er ansonst die Tragik des Buches wie dessen ge</Unicode>
                </TextEquiv>
            </TextLine>
            <TextLine id="r1l136" custom="readingOrder {index:135;}">
                <Coords points="237,3307 1241,3307 1241,3260 1145,3254 238,3258"/>
                <Baseline points="250,3286 298,3289 347,3291 396,3292 445,3294 494,3295 543,3296 592,3297 641,3297 690,3297 739,3298 787,3298 836,3298 885,3298 934,3298 983,3298 1032,3298 1081,3299 1130,3299 1179,3300 1228,3300"/>
                <TextEquiv>
                    <Unicode>satirisch wirkt, wo sie ernst gemeint ist, und voll</Unicode>
                </TextEquiv>
            </TextLine>
            <TextLine id="r1l137" custom="readingOrder {index:136;}">
                <Coords points="2229,3313 3238,3317 3264,3257 2229,3268"/>
                <Baseline points="2243,3307 2293,3307 2343,3306 2394,3306 2444,3306 2494,3307 2545,3307 2595,3307 2645,3308 2696,3308 2746,3309 2796,3309 2847,3309 2897,3309 2947,3309 2998,3309 3048,3309 3098,3308 3149,3307 3199,3306 3250,3304"/>
                <TextEquiv>
                    <Unicode>lyrische Stimmungsmomente glücklich erfaßt. Anc</Unicode>
                </TextEquiv>
            </TextLine>
            <TextLine id="r1l138" custom="readingOrder {index:137;}">
                <Coords points="1395,3318 1879,3317 2095,3355 2242,3328 2242,3271 2183,3259 2047,3281 1872,3260 1765,3290 1734,3263 1677,3281 1396,3248"/>
                <Baseline points="1407,3318 1448,3316 1489,3315 1530,3315 1571,3315 1612,3315 1653,3315 1694,3315 1735,3316 1776,3317 1818,3318 1859,3319 1900,3320 1941,3321 1982,3322 2023,3323 2064,3324 2105,3324 2146,3325 2187,3325 2229,3325"/>
                <TextEquiv>
                    <Unicode>Textbuch und Klavierausz sind im Verlage von</Unicode>
                </TextEquiv>
            </TextLine>
            <TextLine id="r1l139" custom="readingOrder {index:138;}">
                <Coords points="235,3368 1960,3367 1960,3325 1335,3294 235,3300"/>
                <Baseline points="247,3341 336,3341 425,3342 515,3342 604,3342 694,3343 783,3343 872,3343 962,3343 1051,3343 1141,3344 1230,3344 1320,3344 1409,3344 1498,3345 1588,3345 1677,3346 1767,3347 1856,3348 1946,3349"/>
                <TextEquiv>
                    <Unicode>genommen wird, wo sie illustrativ=parodistisch werden! B. Schotts Söhne, Mainz, erschienen.</Unicode>
                </TextEquiv>
            </TextLine>
            <TextLine id="r1l140" custom="readingOrder {index:139;}">
                <Coords points="2218,3364 3295,3361 3295,3322 3144,3304 2219,3312"/>
                <Baseline points="2231,3352 2283,3353 2336,3354 2388,3354 2441,3354 2493,3355 2546,3355 2598,3355 2651,3355 2703,3355 2756,3355 2808,3355 2861,3355 2913,3355 2966,3355 3018,3355 3071,3355 3123,3355 3176,3356 3228,3356 3281,3356"/>
                <TextEquiv>
                    <Unicode> sein technisches Können steht außer Frage. Seine Mus</Unicode>
                </TextEquiv>
            </TextLine>
            <TextEquiv>
                <Unicode>5. Liebelei
# bos 12/4
— K. 
uelenangabe onne Gewahr.)
Wienan D###e!
sschnitt aus: Mistrieries wine: Baudhlatt
Wien
n: 153411912.
wollte. Gewit: Strauß hat vom Texie der Wildeschen, Dreiklaugs mit zweimaligem Secondsturz ist äußerst def
147

„Liebent.
„Salome“, der Hofmannsthalschen „Elektra“ kein Wort wirkungsvoll. Hier meldet sich schon das dah
weggelassen. Aber erstens war's auch nicht schön und  dramatische Talent des Komponisten. Er vermeidet
(9
Oper in drei Akten (nach dem gleichnamigen Schauspiel
nicht immer erträglich, dann aber ist es doch Straußens
überflüssigen Lärm, wird knapp und prägnant im
Artur Schnitzlers) von Franz Neumanz.
der
ureigenster Stil gewesen, dem die einzigartige Technik
Ausdruck. In den chromatischen Läufen flammt die
auf
Durch Artur Schnitzlers =Liebelei“
des genialen Komponisten zustatten kam. Das Unheil
Erragung der Szene auf, glüht haßerfüllt in breiten
zieht ein leiser Ton für den, der heimlich lauscht. Der
wird ja immer erst durch die blinde Nachahmung klar
Bläserakkorden und löst sich langsam nach dem Ab¬
Ton des Wieneriums. Nicht jener der Heutigenstimmung,
und erkennbar.
gange des „fremden Herrn“ in dem wehmütigen
der von  Ouöttern io gerne als die einzig giltige Lebens¬
Des-dur, das Priz am Klaviere anstimmt. (Nebenbei der 9
Allein es soll Herrn Neumann nicht mehr
und Kunstman# der Phäakenstadt bezeichnet wird.
erste Moment in dem die nicht unbedeutende melodische
Unrecht geschehen, als er verdient. Gerne stellen wir
der
Im Gegenteil! Die Wonne und Seligkeit des Wiener
Begabung #enmanns Gels##heit zur Entfaltung jen
die zweifellose Begabung des jungen Komponisten
Frühlings, der vom Kahlenberg und Cobenzl leise
findet.) Abermals ein paar Walzertakte und mehrfache die
fest und möchten sie mit einigen Beispielen belegen:
heruntergleitet, durch Straßen und Gassen schwebt und
Versuche zum Liebesduett, also zur Cantilene, die aber erst Lu
Mit ein paar im Lustspielion gehaltenen
in allen empfindsamen Gemütern das Gefühl des
im zweiten Akte Erfüllung finden. Ihn leitet ein
Takten sind wir in Fritzens Zimmer. Der Dialog
Ver
Glückes und der stillen Freude entzündet, dieser
famos geführtes Fugato ein, das gewiß die üble
zwischen Fritz und Theodor rollt leicht ab, bis bei
Unterton schwingt in dem Schnitzlerschen Schauspiel
Nachrede von Christivens wohlgesinnter Nachbarin
Erwähnung Christinens ein zartes Thema sich
gleichsam als Dominante zur Tonica der Liebe. Nur ein dem Parlando entwindet und selbständig macht.
symbolisieren soll. #felleicht auch nicht. Trau' einer
Wiener Musiker, einer, dessen Herz vom Zauber des ###izzi erhält munter
nur den Komponisten von heute!) Papa Weiring wird
naccatierte Quartolen
Wienerwoldes durchtränkt, von dem unsäglichen Reize des
bei Neumann durch breite, aber melodisch. Aus¬
#uls Erkennungszeichen. Auch sonst das starke
Wiener Frühlings ergriffen wäre, hätte diesen Ton
spirnung seiner Güte fast zu redselig. Wenn Fritz
Bestreben zur Illustrierung, aber doch nur
einfangen, die „Liebelel“ so in Musik setzen können, wie
erscheint, versteigt sich Christinens Freude beinahe sin
immer wieder Ansätze zum Gesang, Melodien¬
sie dem Wesen und Sinne des Dichters entsprechen
zur Isolde=Ekstase. Dann aber fließt der Dialag und
bogenstücke, kein Ganzes, kein Aufbau und Höhepunkt
würde. Herr Franz Neumann, ein junger Komponist
der Beiden melodisch-freundlich dahin mit der
in dem ruhelos fließenden Orchestergewässer, noch
aus Böhmen, derzeit Lapellmeister in Frankfurt,
steigender Wärme bis zum stimmungsvollen tum
weniger in der Singstimme, die sich mit Deklamation,
konnie das nicht. Ihn pockte bloß der Stoff des
Abschied. Dem dritten Akte geht ein langes wor
zwar mit melodiöser, bescheidet, jedoch zur Selbst¬
Schauspiels, dessen Tragik in der knappen, er¬
Vorspiel voran. Es schildert das Duell und Fritzens dau
ständigkeit nicht recht den Mut findet. Da plötzlich:
schütternden Steigerung. Von diesem Ausgangspunkte
Ende, in seiner packenden Wirkung an das ähnlich ge= übe
Christine singt auf Fitzend Wunsch ein Lied, ganz
schritt er an die Vertonung der „Liebelei“
dachte Zwischenspiel in Massenets „Werther“ erinnernd, #at
einfach, im Volkston, über bescheidener, ruhiger
Die Arbeit schien nicht leicht. Zunächst war der
nur noch dramatischer im Ausdruck und geradezu tr#
Harmonie. Aber es ist leiber nicht vom Komponisten,
Stil fürs Ganze festzulegen. Hier setzt gleich der
ergreifend in der Wiederaufnahme jener schönen Des¬ vom
sondern entstammt, wie er selbst im Text¬
Grundfehler der neuen Oper ein. Neumann mußte sich
dur-Cantilene, die schon im ersten Akte dem kurzen
buche*) gesteht, dem Lochheimer Liederbuch.
entweder für eine Appretur des Textes zur alten
Glücke Christinens Abschied gesungen. Der dritte Lkt w
Näher dem Empfinden des Hörers kommt
„Nummernoper“ entscheiden, was allen Fanatikern des
selbst ist ganz von der wehmütigen Stimmunz Do
ein nettes Walzerchen. Auch F. Wagners „Doppeladler¬
Durchkomponierens zu Trotz kein übler Gedanke
erfüllt, die Schnigler hier angeschlagen hat, von jener sich
marsch“ muß, dem Texte entsprechend, zum Zitate her¬
gewesen wäre. Oder er hätte die Schwierigkeit der
Resignation, die als Ahnung im Gemüte Christinens ga#
halten. Bis hierher läuft also die Musik mehr neben
Presa melodramatisch umgehen können, oder er hätte
sich allmählig festsetzt, bis sie sich zum erschütterndene B#
der Handlung. Das Erscheinen des betrogenen Gatten
sich für ein leichtes, flüssiges Parlando entscheiden
Aufschrei steigert, als Theodor das Zimmer betritt Fr
aber macht nicht bloß der heiteren Stimmung in
müssen, wie es Puccini in seiner „Bohème",
durch seine Miene schon die Katastrophe kündend. Hier
Fritzens Zimmer, sondern auch der glatten, farblosen
Richard Strauß im „Rosenkavalier“ getan. Neu¬
freilich überragt die Kraft und Gewalt des Dramas
Musik Neumanns ein Ende. Der Uebergang vom
jeden Versuch, ihm mit Musik nahe zu kommen. Eine
mann entschied sich für das glatte Fort= Scherz zum furchtbaren Ernst, das Ablöschen der
Steigerung dieser packenden Szene wäre selbst einen
komponieren von Wort zu Wort, von Zeile Gemütlichkeit und die wachsende Spannung bis zum
zu Zeile, gemischt mit melodramatischen An¬
größeren Musiker wie Herrn Neumann nicht geglückt
jähen Eintritt des in tortissimo erdröhnenden B-moll¬
wandlungen und einer Pathetik, die stellenweise dort
Doch hat er ansonst die Tragik des Buches wie dessen ge
satirisch wirkt, wo sie ernst gemeint ist, und voll
lyrische Stimmungsmomente glücklich erfaßt. Anc
Textbuch und Klavierausz sind im Verlage von
genommen wird, wo sie illustrativ=parodistisch werden! B. Schotts Söhne, Mainz, erschienen.
 sein technisches Können steht außer Frage. Seine Mus</Unicode>
            </TextEquiv>
        </TextRegion>
    </Page>
</PcGts>
