3392 4256
143 166 195 245 5
296 161 677 234 Liebeler
256 220 692 272 —
823 152 1266 243 box 12/8
1080 1228 1736 1315 Dr. Max Goldschmidt
1075 1291 1711 1392 Büro für Zeitungsausschnitte
1063 1364 1178 1431 N4
1422 1379 1884 1453 Teleion: Norden 3051
1027 1509 1804 1636 Gsdenische Morgenpost, Beuthen
1174 1699 1664 1825 2 1. Nov. 1926
1050 1756 1095 1819 8
1200 1847 1899 1933 Kafinotheater Hindenburg
1254 1916 1812 2005 „Liebelei“ und „Angele“
1128 1981 1619 2056 Liebe ist groß und schön.
1114 2037 2024 2087 Was etwas weniger als Liebe ist, das pflegt
1077 2082 1846 2139 man — nach einem gemeinen Ausdruck
1080 2115 2005 2162 Liebelei zu nennen. Das Wort muß man
1179 2152 2021 2208 am und sehr innig sprechen, dann scheint es
1207 2200 2006 2240 so gesprochen zu sein, wie mans auf der
1205 2238 2011 2277 nzu sprechen pflegt (indem die Musikalität
1233 2272 1409 2321 rtes den i
1532 2267 2007 2320 Wert angibt!). Das ist
1525 2304 2007 2354 nd diesem Klange kann man
1187 2310 1472 2358 lar; und entspre
1079 2344 2015 2390 sich wohl die Vorstellung dazu machen. Auf das
1082 2387 2006 2430 Schnitzlersche Werk eingegangen, schaut das so
1074 2421 2014 2472 aus: Ein junger Herr liebt ein armes junges
1077 2463 2016 2511 Mädchen und geht nachher fort! — Obwohl das
1077 2502 2012 2554 auf der ganzen Welt geschieht, nicht nur in Wien,
1075 2540 2005 2584 und das Private darin nicht zu verkennen ist,
1081 2571 2004 2622 liegt gerade in diesem Bilde die dramatische Idee
1079 2614 2014 2671 des Schnitzlerschen Schauspiels. Diese Idee läßt
1081 2667 2014 2709 der Dichter wohl nicht auf sich beruhen, er nüan¬
1079 2693 2025 2742 ciert natürlich die Spannung auf den Aus¬
1091 2736 2019 2787 gang, zur Erörterung der Sache bringt er noch
1088 2768 2018 2810 vesondere Menschen hinzu, und damit die Ange¬
1089 2807 2009 2856 legenheit keine alltägliche werde, stimmt er den
1081 2845 2015 2903 Ton des We des durch den Tod herber. Und dabei
1088 2886 2011 2939 entfaltet er so viel Unnachahmlichkeit in der An¬
1081 2922 2016 2975 mut, daß die Wirkung trotz seiner zeitlichen Be¬
1083 2971 2009 3020 grenztheit nach dreißig Jahren dem Werke geblie¬
1089 3000 1906 3051 ven ist. Das ist also Schnitzlers „Liebelei“.
1137 3050 2010 3103 Das zweite aufgeführte Werk war „Angele“,
1081 3086 2006 3135 eine Komödie von Hartleben. Aus einem
1083 3131 2007 3177 anderen Entstehungsgrunde geworden, ist das
1095 3162 2016 3206 Werk auch von unterschiedlicher Qualität. Durch
1090 3198 2016 3246 die bühnenmäßige Technik kann sich die Komödie
1084 3236 2016 3298 der ersten Kritik entziehen, aber schließlich findet
1088 3282 1773 3341 man doch nichts Originelles daran.
