3436 4256
453 218 835 293 Liebelei
257 205 1415 323 5. Les##1 box 10//7
616 1045 1317 1124 Aalet hal. An den zahlreiche.
576 1099 2537 1180 russische Marine seien nicht nur die russischen Werften, fo#genden. Ertrachtlngen und Schlüssen.
1766 1132 2861 1210 Unleugbar hat sich in der Stellung der Sozialdemokratte zu
579 1147 2811 1255 sondern auch Frankreich, Amerika und Deutschland, zur Zohpolitik im Laufe der Zeit ein Wandel vollzogen. Ur¬
2845 1180 3009 1245 Dar.
574 1209 1702 1269 aber nicht England beteiligt. Das einzige auf einer
1697 1219 3008 1291 sprünglich gehörten ihre Neigungen ohne Zweifel dem radikalen die sofor
560 1261 3018 1326 britischen Werft bestellte Schiff sei ein bei Laird's zu Freihandel, in dem sie ein Mittel zur Beschleunigung der von „Ger
943 1304 1145 1376 e
1665 1352 3057 1432 heils, die über ihr, wie über ihrem Geliebten schwebt, trent n
783 1364 1459 1463 Kunst und Wissenschaft.
1674 1411 2796 1464 wurde, mit dem knappsten Aufgebot von Mitteln, bezwingend
2791 1402 3021 1465 wirkung
1662 1453 2799 1515 zur Erscheinung gebracht. Die Christine ist eine Aufgabe,
2795 1453 3025 1512 wird da
1682 1492 2789 1542 die der Künstlerin die Entfaltung ihres starken und eigen¬
2796 1489 3028 1554 ärztlichen
632 1497 1679 1587 Residenztheater. — Am 19. d. Mis „Lieverer“
1681 1527 2788 1599 artigen Dalents nach vielen Seiten hin gestattet. Gleich¬
2791 1544 3034 1600 Hochschule
561 1560 1680 1627 Schauspiel in drei Akten von Arthur Schnitzler. (Neu
1683 1574 2789 1635 wohl bedauern wir aufs lebhafteste, sie nicht noch in
2796 1581 3040 1645 Handelshe
557 1611 837 1683 einstudiert.)
1684 1620 2806 1707 einigen Rollen von höherem dichterischen Wert sehen
2795 1624 3043 1686 mehr oder
641 1653 1680 1719 So wenig wie „Nora“ war Schnitzlers tragisches
1679 1659 1924 1726 zu können.
2794 1674 3036 1746 sitäten an
569 1693 1685 1764 Wiener Sittenbild eine Neuigkeit. Es bewährte sich bei
1744 1692 2798 1773 Das Zusammenspiel in „Liebelei“ war vortrefflich.
2781 1717 3036 1783 bei den te
567 1745 1680 1809 seiner Wiederaufnahme, noch ganz abgesehen von der er¬
1686 1740 2802 1821 Frl. Poldi Gersa gab die Rolle der kleinen Modistin
2794 1759 3026 1821 waltigen
564 1786 1683 1852 höhten Wirkung, die ihm durch das Gastspiel der Frau
1682 1803 2786 1863 Mizzi Schlager mit allem Uebermut unbekümmerten Leicht¬
2799 1805 3030 1873 In die al
562 1835 1674 1885 Agnes Sorma zu teil wurde, als stimmungsvoll und
1685 1844 2797 1900 sinns und mit charakteristischer Wiener Färbung, Hr.
2796 1844 3047 1905 in Deut
562 1877 1678 1934 bei weitem einfacher und natürlicher wie die Mehrzahl
1683 1889 2793 1948 Janda (Hans Weiring) verkörperte den alten Geiger,
2790 1890 3017 1952 Lehrern,
565 1924 1677 1978 der jüngsten dramatischen Werke. Der grelle Schlußeffekt
1676 1933 2795 1989 den Vater Christinens, sehr gewinnend. Die Herren
2784 1922 3042 2005 der akad
564 1969 1680 2038 freilich ist auch hier nur wieder um des bühnenmäßigen
1672 1982 2800 2023 Fr. Burmester (Fritz Lobheimer) und Carl Witt
2787 1982 2981 2043 genieur
554 2019 1679 2072 Ausgangs willen vorhanden, in Wahrheit pflegen Blumen,
1681 2018 2803 2084 (Theodor Kaiser) gaben das ungleiche Freundespaar lebendig
2785 2023 3044 2101 Schrift ü
556 2057 1678 2119 wie Christine Weiring eine ist, viel leichter still zu ver¬
1677 2064 2796 2128 und frisch, aber ohne den lokalen Beisatz, der bei diesen
2796 2066 3020 2130 für die
568 2105 1674 2159 welken, als vom Sturm geknickt zu werden. Doch das
1680 2115 2789 2171 Gestalten zwar allenfalls entbehrt werden kann, doch die
2783 2114 3025 2178 die Univ
564 2149 1680 2205 stumme Dahinsiechen wäre ja novellistisch gewesen, und so
1682 2154 2187 2228 Wirkung erhöhen würde.
2501 2156 2753 2230 Ad. Stern.
2780 2159 3041 2226 zweifelhaft
566 2194 1679 2247 hat eben der Verfasser zu dem gewaltsamen Abschluß ge¬
2776 2200 3037 2262 technischen
569 2235 1685 2297 griffen. Abgesehen hiervon, traten die früher gerühmten
1751 2214 2805 2304 2 Gelegentlich seiner am Sonnabend erfolgten Ein¬
2792 2248 3006 2304 und ob
568 2280 1678 2341 Vorzüge des Stücks, die Kunst, trotz breiter Zustandsschilder¬
1684 2272 2791 2353 weisung als Rektor der Berliner Universität hielt Geh.
2794 2289 3032 2354 Von Gesüt
552 2328 1680 2388 ungen die Handlung vorwärts zu treiben, die treffende
1677 2328 3029 2396 Rat Prof. Dr. Waldeyer eine Rede über die „Auf= Klein bei
555 2368 1680 2434 Charakteristik, namentlich des alten Geigers Hans Weiring
1681 2372 2797 2427 gaben der Universitäten in der Gegenwart“ die
2792 2370 3043 2438 Universität
554 2410 1682 2464 und der Mizzi Schlager, die klare Gestaltung des eigent¬
1683 2403 2802 2478 mit einer Erinnerung an Bismarck, den „Schmied des
2790 2422 3032 2488 Die Anspr.
554 2448 1679 2519 lichen Grundgedankens, aufs neue sehr entschieden hervor.
1678 2467 2793 2523 neuen Deutschen Reiches“, eingeleitet wurde. Der neue
2790 2469 3010 2525 mit den
558 2496 1680 2553 Frau Sorma giebt in ihrer Christine Weiring eine voll¬
1681 2509 2806 2565 Rektor führte etwa Folgendes aus: Es ist eine dankbare
2791 2508 3030 2573 Aufschwunz
556 2544 1678 2598 belebte Gestalt von höchster Naturwahrheit und er¬
1681 2558 2794 2611 Aufgabe, zu zeigen, wie die Gründung des Deutschen
2791 2562 3043 2630 wissen Gr.
563 2582 1682 2636 schütternder, einfacher, urwüchsiger Leidenschaft. Der furcht¬
1685 2598 2791 2651 Reiches auf die deutschen Universitäten eingewirkt hat.
2787 2594 3042 2664 denjenigen
562 2630 1669 2697 bare Gegensatz zwischen der heißen, selbstvergessenen Liebe,
1683 2640 2796 2692 Für solche Untersuchungen ist aber die Zeit noch nicht ge¬
2794 2643 3039 2708 Vor allen
564 2675 1671 2744 die das arme Mädchen für den jungen Fritz Lobheimer
1677 2688 2805 2739 kommen. Ich will versuchen, gleichsam beschreibend anato¬
2794 2686 3027 2750 in ihrem
563 2719 1685 2770 gefaßt hat, und dem Verhältnis, in dem sie von vorn¬
1680 2730 2802 2789 misch die Aufgaben der Universitäten in unserer Zeit dar¬
2785 2734 3039 2797 Ausbildung
563 2769 1672 2828 herein und bis zur Katastrophe zu ihm steht, die jähe
1684 2771 2790 2836 zulegen. Die Universitäten stehen im Vergleiche zu früher
2788 2783 3043 2843 Ingenieur.
558 2805 1677 2870 Erkenntnis der Entwürdigung und des schreienden Un¬
1674 2816 2793 2880 anderen Verhältnissen gegenüber. Es gilt, zu Bildungen
2795 2827 3056 2886 prüfung be¬
556 2849 1681 2908 rechts, die an Christine begangen worden sind, traten im
1683 2867 2795 2912 und Strebungen außerhalb ihres eigenen umschriebenen
2790 2869 3038 2928 wohl das
552 2902 3041 2962 Spiel der Frau Sorma überzeugend, ja überwältigend Gebietes Stellung zu nehmen. Was an Lehr= und Bild= licherweise
560 2942 3070 3035 zu Tage. Auch die Vorahnung eines kommenden Un= ungsanstalten um die Universitäten herum erwachsen ist, tätszeit läßt
503 3127 981 3226 ap
987 3107 1469 3266 MNLC
