3392 4256
839 210 1311 338 box 13/6
292 222 712 320 Liebelei
284 259 844 372 nennnen nenneenenner.
1452 749 1559 866 3
569 950 2919 1114 det man eine Bestimmuing darüber, dass ein Verfasser stete Rechte habe,
582 1047 2836 1235 sich jeder Verunstaltung, Beschneidung ider anderer einschneidender
580 1192 2791 1341 Aenderungen seines Verkes zu widersetzen. Dieses Recht währt über
585 1332 2847 1427 den Ted und vird auch, oder kann in jedem einzelnen Lande von einer
582 1452 2803 1582 dazu geeigneten Institution gewahrt werden. Hierzulande ist diese
590 1536 2468 1675 Institution der Ausschuss des Unterrichtsnini steriuns
899 1604 2787 1787 Glauben Sie, dass die Auf führung im Detnye Teater einen
589 1743 2480 1883 Konflikt mit den Bestimmungen des Gesetzzes darstellt ?
914 1825 2857 2005 Antwort: Als ich diesen Morgen die Ankündigungen der Vor¬
595 1956 2847 2115 stellung 1as, nahm ich an, dass es daraus ganz deutlich hervorgeht,
602 2056 2769 2230 dass SchwärmereiV sehr fern von VLiebelei“ sei und dass es not¬
614 2172 2778 2335 wendig sei, zu wissen, on Schnitzler mit der Umarbeitung einver¬
617 2259 2813 2430 standen war. Deshalb habe ich auch beim Theater angefragt und die
582 2422 2070 2566 Sache wir“ im Ausschuss entschieden werden.
955 2526 2305 2674 Ist ein Verbot der Aufführung im Anzug?
959 2640 2937 2765 Zur Zeit liegt nur mein Antrag vor, der von einer Bericht¬
609 2736 2928 2901 erstattung an den Ausschuss gefolgt sein vird. Schnitzlers Erben so1
608 2873 2541 3023 1en sich mit der Bearbeitung einverstanden erklärt haben.
1172 2934 2455 3067 Gretchen darf nur mit der Bewi 11igung
1188 3040 2253 3134 des Ministerium Cariova tanzen.
966 3109 2789 3240 Es ist möglich, aber es ist in diesem Falle von unter¬
612 3231 2776 3352 geordneter Bedeutung, das Verfassergesetz wünscht nämlich nicht,
625 3323 2734 3490 dass die Erben der Künstler in der Frage der Umarbeitung eines
629 3433 2761 3570 Nerkes die höchste Instanz darsteilen sollen. Die Erben könnten
626 3541 2952 3700 wirtschaftliches Interesse haben an einer Umarbeitung, die vielleicht
628 3688 2880 3797 ein Erfolg wird, aber gegen den künstlerischen Vert des Werkes ver¬
625 3755 2987 3919 stösst. Deshalb wurde in den meisten Ländern eine Art höherer Instan z
