3392 4256
240 203 610 278 Liebelei
223 175 1238 308 box 13/4
1880 84 2025 148 Seechean
1835 143 2945 189 Schnitzler dachte sich die „Liebelei“ zuerst als ein Volks¬
1716 177 2947 237 stück in acht Bildern. Das erste Bild spielte in einer Tanzschule
1725 234 2955 291 auf der Wieden, Herr Döselmeyer fenior ist der Besitzer, Herr
1712 276 2958 328 Döselmeyer junior der Tanzarrangeur, der streng darauf achtet,
1711 327 2959 388 daß nur „draußen auf der Stiegen“, nicht aber im Saal ge¬
1719 367 2947 432 raucht wird. Die Gesellschaft besteht aus lauter füßen Mädeln,
1725 429 2950 483 also aus jenen Mädeln, die in der Stadt geliebt und in der
1717 472 2952 526 Vorstadt gehefratet werden. Nebenbei bemerke ich nur, daß
1725 515 2957 579 Schnitzler, der den Begriff des süßen Mädels geschaffen und
1722 555 2947 626 unsterblich gemacht hat, nicht auch der Erfinder des Wortes war.
1727 612 2947 680 Das Wort selbst stammt von Ernst v. Wolzogen, der es zuerst
1729 660 2943 718 geprägt hat. In Döselmeyers Tanzschule also, wo junge Kommis
1727 714 2959 765 recht naiv und einfältig Lebewelt spielen, erscheinen auch Mitzi
1730 753 2947 825 und Christine, Noch eine dritte Freundin ist da, Lina, die in
1717 809 2954 853 den späteren Fassungen des Stücks mit Mitzi zu einer Figur
1721 863 2954 918 verschmolzen wurde. Christine ist blaß und leidend. Sie hat
1723 906 2940 947 eben eine unglückliche Liebe hinter sich. Ihr Freund war
1716 933 2878 1014 Doktor, der geheiratet hat. Sie hat also schon Liebeserfahr#
2859 1002 2940 1057 6s
1711 990 2806 1057 und Fritz ist nicht der erste. Diese Erfahrung und ##
1701 1041 2945 1108 Vorgänger hat der Dichter später klugerweise gestrichen. Für
1699 1094 2947 1145 die Christine der „Liebelei“ ist Fritz der erste und einzige.
1699 1143 2941 1199 Theodor und Fritz erscheinen, um sich einen lüstigen Sonntag¬
1710 1202 2939 1252 abend zu machen, abei eigentlich bringt Theodor seinen Freund
1725 1235 2947 1289 Fritz nur her, um ihn, der allzusehr in den Banden seiner
1717 1283 2951 1345 großen Liebe für eine Weltdame verstrickt ist, davon zu be¬
1712 1335 2944 1394 freien. Eine Liebelei ist die beste Medizin für die Liobe. Die
1722 1378 2947 1430 kleine Liebe soll die Wnden der großen Liebe heilen. Hier
1707 1413 2939 1475 trifft Theodor die Mitzi die, wie ihr vorstädtischer Kavaller be¬
1719 1470 2939 1525 hauptet, wie eine Oelfe tanzt, hier lernt Fritz Christina kennen.
1715 1507 2938 1585 Fritz errät sofort, was Christine fehlt. Und er sagt ihr tröstende
1725 1559 2944 1630 „Sie haben ihn eben viel zu gern gehabt. Das ist er nicht wert
1722 1609 2958 1664 gewesen.“ Und gleich im ersten Gespräch mit ihr meint er: „Man
1718 1658 2951 1721 darf nicht gleich die Ewigkeit verlangen. Irgendein ungeheures
1720 1705 2932 1765 Glück und den Himmel selber. Man muß auch mit einem kleigen¬
1717 1756 2943 1800 blauen Eckerl zufrieden sein.“ Um dieses Eckerl zu finden, ziehen
1717 1794 2944 1876 dann die beiden Paare, Fritz und Christine, Theodor und Mitzi,
1717 1843 2795 1914 ins Freie, um den Sonntagabend lustig zu beschließen.
1823 1909 2939 1964 In der ersten Fassung kam natürlich auch die dämonische
1720 1940 2942 1999 Froundin Fritzens vor Sehr bald zog aber der Dichter die acht
1725 1990 2929 2043 Bilder in kurze drei Akte zusammen. Lange aber hatte er immer
1724 2040 2933 2100 noch die Absicht, das Bild dieser Tanzschule gleichsam als
1724 2090 2942 2140 Prolog spielen zu lassen, bis er auch schließlich diese Absicht
1721 2133 1937 2207 fallen ließ.
1821 2151 2935 2246 Die Aufnahme am Burgtheater (9. Oktoder 1895) war
1684 2225 2944 2304 ein großer Erfolg, der aber nicht ohne Widerspruch bliek
1734 2287 2961 2365 Julius Bauer sagte vom Dichter, der damals noch nicht fest
1744 2350 2958 2412 entschlossen war, seine ärziliche Praxis ganz aufzugeben: „Er
1745 2394 2972 2462 läßt seine Patienten liegen und hebt die Gefallenen auf!" Bahr
1748 2451 2959 2514 war einigermaßen zurückhaltend im Lob, fand die Helden zu
1736 2483 2958 2543 unpersönlich und meinte von ihnen, es seien Menschen, die nichts
1748 2529 2960 2612 wollen und unbeweglich in ihren Zuständen drinsitzen wie
1743 2581 2961 2652 Chamäleons, die immer die Farbe ihrer Umgebung haben. Er
1745 2627 2966 2698 fand die Aufführung schlecht inszeniert und begeistert sich nur
2447 2679 2967 2748 Gewalt und Pracht der
1738 2691 2439 2753 „an der unbeschreiblichen Größe,
2475 2718 2968 2788 Speidel aber lobte von
1744 2736 2459 2801 Sandrock“ die die Christine spielte.
1741 2770 2967 2847 ganzem Herzen und schrieb, „solche herrliche Akzente der
1745 2826 2959 2887 Leidenschaft hat man auf der deutschen Bühne lange nicht ver¬
1751 2875 2975 2937 nommen“. Den Musikus Weyring sollte Baumeister spielen, dem
1748 2897 2969 2975 aber die Rolle nicht lag. In der Premiere spielte Sonnenthal
1745 2956 2967 3025 Christinens Vater, ohne aber das innere Wienerium der Figur
1746 3003 2968 3079 ganz auszuschöpfen. Eine vielbewunderte Meisterleistung bot
1752 3052 2960 3113 Mitterwurzer als fremder Herr, von dem freilich Bauer sagte,
1753 3098 2976 3168 er hätte noch niemals auf der Bühne so wenig zu sagen gehabt.
1752 3135 2964 3216 Kutscherg war Fritz, Karl v. Zeska gab den Theodor. Frau
1745 3200 1915 3260 F8111
2028 3209 2156 3258 FAr
2302 3203 2901 3283 zeichte t als mit a1
1756 3243 2651 3319 um Speidel dagte von ihr:
2679 3248 2818 3341 Die
1757 3296 2914 3381 Mital. 1s t Fraule in kailinas eults
1772 3358 2973 3451 In der Josefstadt spielt jetzt Hans
1770 3419 2860 3494 Thinig den fritz un Sehnitzlers
1765 3480 2959 3552 Sohn Heinrich den Theodorf. An mei¬
1751 3538 2970 3615 sten ergriff nich bei der Auffüh und
1760 3583 2091 3660 eine deste
2116 3590 2960 3665 die gewiss ausser nir ni
1754 3645 2938 3711 mand bemerkt hat. Zimal sass Heih¬
1759 3702 2818 3786 rich Schnitzler in einem Stuhl
1754 3770 2878 3836 #rsuzte die Zeine, hatte den Kopf
1739 3813 2931 3898 etwas nich links geseltund legte
1743 3884 2842 3942 den rechten Arm über die Rücken¬
1746 3945 2853 4010 lehne. ür wusste offenber Selbst
1749 4009 2722 4069 nicht, vie er denit eine- Lisb¬
1743 4067 2927 4139 Lingshiltung seines vaters nachahnt
