3436 4320
259 231 817 337 5. Liebelei
465 235 1411 364 Ee box 12/7
947 584 1298 701 P 105 79
1967 708 2090 777 —
2393 732 2476 781 —
2659 731 2824 801 e shmmsu
1610 724 2851 841 alles, was der Kuppler weiß. Im Schlusse krankt das
669 758 1263 904 Salsbunger Chwall
1602 806 2852 905 ganze Schauspiel. Der eiste Alt gibt Ansätze einer
1605 843 2847 951 schweren Tragik. Doch das Horaz'sche „Carpe viem“ kann
814 849 1111 970 Salzburg
1598 891 2840 995 die Mittel dazu nicht geben; nicht einmal von einer Tra¬
1596 946 2845 1029 gödie des Leichtsinns läßt sich sprechen. Nur ein fataler
1603 988 2848 1098 Zufall ist's, daß der betrogene Gatte hinter die Geschichte
1575 1053 2835 1146 kam, Friz niederknallte, ein fataler Zufall ist's, daß
383 1028 1001 1131 .C
1561 1089 2824 1186 Chxistine die Liebelei ernst nahm. Die Mizzi, das Mo¬
440 1102 2820 1241 Wiebelei“, das dreiaktige Schauspiel Schuitzleu# distermadl hätte sich eben wieder einen anderen genommen.
370 1146 2825 1275 Mitte dem Dichter den ersten Bühnenerfolg eingebracht. Diegnal geht sie noch am Arme Theodors ab. Und der
385 1180 2831 1326 Wiener Studentenleben bildet den Vorwurf, der in fast merr auch nichts, daß Grundsätze zusammengebrochen. Er
369 1245 2838 1380 photographischer Schärfe herausgearbeitet wur#e, mie has ja höchstens einen, der heißt, keine haben. Ein paar
376 1303 1502 1411 all dem gebanken= und sorgenlosen Leichtsinn.
1605 1334 2856 1440 Doke machen keine Tragödie, und das Mehr, das sie
377 1346 2823 1460 solche Liebeleien möglich machen kann. „Ein Midel macht, vermag Schnitzler nicht zu geben. Wir haben un¬
372 1401 2847 1474 zum Erholen nach all der Aufreiung, nicht interess###t# serem vorjährigem Arteile nichts anzufügen. Die Auf¬
369 1448 2819 1544 aber angenehm aus Kreisen, wi es keine trag zeu führ ig befriedigte auch diesmal nicht ganz, weniger des
370 1488 2820 1571 Verwicklungen gibi“, will Theodor in der Violinspie= Spieles, als schon der Anlage wegen. In Christine ent¬
368 1531 2807 1668 lerstochter dem Freunde Fritz zuführen, um ihn von wickelte Frl. Karfna hübsche Ansätze seelenvoller Kunst.
359 1583 2816 1722 „jener Fau“ zu heilen, deren Liebe gefährlich werden Hans Hofmann mochte als Fritz an ihrer starken Zu¬
351 1614 2820 1717 konnte. Zu spät. Der Gatte ist bereits dahinter gekomneigung freilich manchmal zweifeln. Der Rolle fehlten
350 1670 2813 1815 men, fordert Sühne. Frig folgt ihm, von Christi“; weg= die feinen ausgleichenden Striche, welche den zwischen
350 1718 2825 1860 geholt, zum Duelle und fällt für die fremde Frau, die„jener Frau“ und Christine hängenden Lobheimer uns
346 1773 2804 1894 weii Christine um ihn sorgt mit dei ganzen Bangen Menschlich näher bringen sollten. So dlieb sie etwas zu
342 1817 1584 1940 und Beben erster starker Liebe in Sorgen und Qualen
1576 1858 2830 1953 fragmentarisch. Besser fügten sich Herbst und Fräulein
339 1869 2831 1989 zermarkert sie sich, — der Vater kann keinen Trost geben, Enzinger in ihre leeren Rollen. Gutes Spiel zeigte als
347 1932 1591 2042 er hat ja selbst gerade noch Genießen gepredigt — bis
1561 1957 2223 2036 Vater Christinens Weyrich.
346 1970 1591 2089 Theodor vom Begräbnis kommt. Eine wilde Anklage!
333 2018 1601 2134 und sie stürzt hinaus. „Sie kommt nicht wieder“, weiß
330 2043 1586 2160 der alte Vater. Tbeodor steht leichtfinnig daneben und
331 2115 1603 2224 gewissenlos wie vordem. „Ich hab es nicht eahnt“ ist
464 2168 609 2241 1
684 2178 826 2242 WSRAARRR N
1073 2188 1604 2268 e eg
2381 2251 2744 2368 WIa131.
2688 2321 2831 2419 Wier
2143 2352 2681 2471 Neue Treie Presse,
2315 2418 2682 2508 Abendblatt
1906 2485 1964 2569 17
1875 2482 2977 2585 „[Deutsches Volkstheater.] Zur Feier des
1811 2561 2907 2636 Gebuntstages des Kaises fund gestern eine Aufführung
1802 2590 2947 2672 Schnitzlerschen „Liebelei“ statt, in der Fräulein Hedwi
1810 2641 2904 2731 Koller die Partie der Christine anvertraut war. Diese
1797 2683 2974 2756 währte Rolle, die sich von selbst zu spielen scheint, zählt zu
1803 2721 2999 2790 den keineswegs einfachen Aufgaben. Sie hat hereits eine
1818 2771 2914 2849 Tradition, sogar eine Schablone, und die Gefahr, in
1812 2812 2949 2894 Sentimentale, durch grelle Tragik verschärst, zu be „allen,
1819 2834 3004 2944 eben für eine jugendliche, naiv empfindende Schauspielerin
1812 2903 2997 2964 nicht gering. Fräulein Keller hält sich auf das taktvollste und
1809 2936 2992 3017 diskreteste von der „Christinen“=Ueberlieferung srei; sie ver¬
1811 2972 3000 3065 meidet deu weinerlichen nicht minder wie den gesteigerten
1818 3025 2979 3107 pathelischen Ton. Gerade darum wirkt sie überraschend echt
1819 3062 2977 3156 durch die Einfachheit ihrer schlicht=mädchenhaften Erscheinung,
2725 3118 2872 3177 namentli
1815 3128 2696 3206 durch ihre Kraft und Innigkeit. Man hat
2763 3161 2842 3210 Ju
1817 3174 2603 3232 Schlußszeue des noch immer von ung
1827 3210 2603 3286 umwobenen Werkes selten mit se überzeu
1818 3257 2629 3343 Wahrheit gespielt gesehen. Im „Abschied
1823 3303 2640 3366 Fräulein Keller ihre nicht weniger beachten
1824 3339 2678 3419 für die humoristische Charge. Dem von Herrz
1818 3380 2712 3461 inszenierten Schnitzler=Abend, an dessen
1816 3422 2879 3503 Ehren noch die Herren Kutschera, Klitich,
1825 3437 3011 3542 hofer, Kramer und Huber swie Frau Thaller,
1823 3494 3020 3572 und Fräulein Waldow teilnahmen, ging ein warmge¬
1830 3534 3025 3633 fühlter Kaiserprolog Heinrich Glücksmanns voraus,
1991 3614 2322 3695 e. I . d. ieeg uen
1851 3670 3083 3760 dessen Blankverse von Fräulein Martha Trebitsch mit #
1848 3730 2923 3801 starkem Temperament und Verstehen gesprochen wurden.
1935 3772 3060 3869 [Die Abstammung der Familie Bartds¬
