3436 4192
238 182 335 264 5
365 178 1377 277 Liebelei bor 12/4
383 227 751 297 —
336 1068 1503 1122 nicht bewerten. Absolut genommen bekommt sie ein
325 1104 1498 1157 günstigeres Gesicht und hier loot das Werk den Meister,
327 1150 1504 1205 als einen ernsten Künstler, der mit der Satztechnik wohl
331 1197 1508 1248 vertraut ist und mit imponierender Sicherheit auf den
335 1234 1499 1294 verschlungenen Pfaden des Kontrapunktes wandelt. Wie
331 1278 1505 1348 sehr die Musik zuweilen Selbstzweck ist, bekundet die imi¬
331 1330 1501 1380 tative Schreibweise oft strengster Art, wie z. B. ein rein
328 1374 1496 1432 instrumentaler, nicht etwa durch ein Duett begründeter
335 1413 1501 1465 Canon in der Oktav. Was der mit Dramatik zu tun hat?
338 1465 1499 1518 Dem technischen Können fehlt aber vielfach die Inspira¬
338 1494 1508 1555 tion, dem musikalischen Gebilde der göttliche Funke. Die
338 1546 1499 1613 Themen, wenn man überhaupt die kurzatmigen, viel fach
339 1597 1507 1641 eintaktigen Motive so nennen darf, kranken durch den
333 1633 1501 1694 Mangel an Eigenart und persönlicher Note. Rhythmisch
330 1675 1511 1728 und melodisch allzu indifferent, halten sie auch selten im
317 1711 1507 1796 Verlauf der Durchführung, was sie am Anfang zu ver¬
325 1770 720 1828 spreche schienen.
418 1779 1499 1861 Das schöne mittelalterliche Lied: „All' mein Ge¬
326 1846 1498 1910 danken die ich hab', die sind bei Dir!“ fühlt sich höchst un¬
331 1901 1496 1951 gemütlich in dieser leichtlebigen Gesellschaft zwischen
342 1936 1510 2001 Champagner und Küssen und wirkt wie ein Fremdkörper,
337 1991 1498 2038 etwa wie eine reine Jungfrau in Gesellschaft von Straßen¬
334 2025 1495 2075 dirnen. Das Vorspiel zum zweiten Akt ist etwas konven¬
327 2075 1497 2126 tionell. Die aus Sechzehntelpassagen konstruierte Fuge
335 2108 1507 2164 verbessert nichts am Eindruck und könnte ruhig gestrichen
328 2160 1498 2212 werden. Sie riecht allzu sehr nach der Schulbank. Das Vor¬
331 2196 1499 2248 spiel zum dritten Akt ist weit ausgeführt und schildert
328 2235 1505 2298 Fritzens Duell und Ende mit einem Aufwand und einer
328 2283 1505 2355 Hingebung, als ob ein Gott gestorben wäre und nicht ein
334 2343 1507 2393 Durchschnittsfritz aus einer leichtlebigen Großstadtgesell¬
330 2380 1511 2433 schaft. Die Trauermusik ist zudem an dieser Stelle ganz
329 2427 1499 2482 unmotiviert, da noch kein Mensch wissen kann, daß Fritz
329 2470 1499 2520 tot ist. Man wird unwillkürlich zu einem Vergleiche mit
328 2509 1496 2561 der Parallelstelle aus der Götterdämmerung Siegfrieds
330 2549 1504 2596 Tod gereizt. — Die abgebrauchten theatralischen Höhe¬
324 2591 1512 2645 punktphrasen, wie die oft wiederkehrende melodische Wen¬
322 2633 1505 2681 dung über den Worten „O Gott, wie lügen solche Stun¬
336 2680 1511 2741 den!“ (Ende des zweiten Aktes), sollten einem Musiker wie
335 2721 948 2782 Neumann nicht unterlaufen.
406 2756 1508 2831 Von Geschick und stark entwickeltem Klangsinn zeugt
332 2800 1505 2885 die Behandlung des Orchesters. Die Instrumentation ist
324 2859 1318 2913 immer vornehm und sein, klar und durchsichtig.
421 2899 1449 2947 Sehen wir von den bemängelten Schwächen ab,
331 2928 1503 3022 bleibt doch noch so viel des Schönen und Interessanten
2617 979 3325 1081 Stunde. Auf christlichsog
2671 1045 3323 1108 eine erfreulich große Zahl chr
1513 1070 2678 1127 übrig, daß man daran seine Freude haben kann. Der
2683 1092 3332 1157 allen Bezirken. Diese zielb
1517 1114 2678 1180 Sinn des Autors für Theatereffekt und Bühn# wirksam¬
2682 1145 3332 1208 Leitung der Agitation war
1510 1156 2646 1215 keit hat dem Werke von vorneherein den Erfol gesiche
1602 1190 3334 1255 Die Inszenierung verdient Lob. Oberreg sseur Mar=] kolossalen Aufgebote sozial
2681 1239 3339 1307 liberaler Agitatoren
1510 1253 2682 1307 kowsky hat alles getan, um dem Wer eine Sieg leicht
2685 1282 3347 1352 Minen des Terrorismus sprit
1516 1288 2691 1359 zu machen. Desgleichen hat sich Herr Kapellmeister
1509 1334 3337 1387 Tittel mit Liebe und Hingebung es musikalischen] Mitteln der äußersten
1514 1367 2695 1428 Teiles angenommen. Einig. Tempi schienen uns überhetzt
2685 1381 3334 1438 beiteten. Trotz des starken Po
1506 1433 3343 1505 zu sein. Doch wird dies vohl in den Intentionen des in der Leopoldstadt fast leben
1508 1467 2680 1521 Komponisten, bei den Proben anwesend war, gelegen
1512 1514 2678 1566 sein. Fräulein Engel kreierte die Christine schauspiele¬
2941 1513 3342 1612 Der Terror der M
1507 1553 2681 1613 risch und gesanglich gleich vorzüglich. Sie hatie ergreifende
1517 1596 2690 1643 Töne für die hingebende Liebe der aufrichtigen Musiker¬
2769 1568 3343 1669 Dem Gastwirte König,
1514 1639 2687 1694 tochter. Ebenso gut fand sie sich in den leichten Gesell¬
2682 1619 3322 1705 in der Darwingasse wegfuhr,
1523 1683 2678 1735 schaftston. Der Mizi des Fräutein Röder fehlte voll¬
2688 1694 3339 1756 zu holen, versetzten ein p##
1507 1733 2677 1792 ständig die spezifisch wienerische Note. Die angeborene
2696 1734 3332 1819 Stockhiebe über die H
1517 1770 2685 1827 Liebenswürdigkeit und natürliche Anmut und wenn man
2691 1786 2970 1850 strömt war.
1503 1804 2682 1855 will Leichtlebigkeit, kurz der Charme der Wienerin liegt
2784 1837 3313 1899 In der Taborstraße, in
1521 1858 2687 1922 ihr nicht und die Wiener Mizi gestaltet sich unter ihren
2680 1873 3344 1960 christlichsoziale Agitatoren un
1518 1899 2682 1942 Händen zu einer Vorstadtchansonette mit starkem Ein¬
2689 1929 3323 2007 durch rasches Eingreifen der
1512 1937 2679 1997 schlag von Zynismus und Gemeinheit. Das Organ klang
2688 1976 3307 2046 Genossen gerettet werden.
1509 1991 2691 2046 zudem etwas dünn und gepreßt. Herr Lußmann hat
1514 2026 2686 2083 einen in den höheren Lagen ungemein leicht ansprechenden
2685 2022 3324 2097 Agitatoren Humel und Kü
1521 2073 2680 2127 Tenor, der sich durch Tragfähigkeit mehr noch als durch
2689 2070 3329 2141 Nr. 61 in der Taborstraße be
1511 2117 2679 2165 Resonanz und stimmliche Fülle auszeichnet. In Herrn
2689 2122 3336 2187 Wache die nachstürmenden Ge
1521 2162 2682 2210 Brand, der sich des Besitzes eines sympathischen Bari¬
2682 2178 3330 2241 ein Durchhaus war, stürmte ei
1515 2194 2694 2255 tons erfreut, fand Fritzens Kamerad Theodor, einen
2697 2221 3333 2289 Haustor, das in die Pfefferga
1519 2249 2680 2301 glaubhaften Vertreter. Anerkennenswert ist die deutliche
2689 2265 3320 2328 die beiden Christlichsozialen,
1513 2298 2674 2353 Aussprache, ein Vorzug, der auch Herrn Bandler nach¬
2687 2319 3329 2378 als wieder hinauszuflüchten,
1509 2338 2692 2395 gerühmt werden muß, dessen Rolle als Weiring eine respek¬
2690 2371 3333 2442 der Polizei die Straße verlasse
1523 2380 2690 2428 table Leistung bedeutete. Der Violinspieler vom Josef¬
2776 2408 3325 2478 Der Agitator Vreisch
1524 2422 2678 2474 städter Theater ist wohl die am meisten sympathische
1514 2460 2689 2522 Figur des Stückes und diese hat Herr Bandler dem Dichter
2684 2436 3341 2524 Springergasse 3 von Soziald
1514 2508 2689 2563 kongenial nachgestaltet. Bleibt noch das naturechte Spiel
2682 2505 3326 2576 seines Materials beraubt.
1506 2555 2680 2608 des Fräulein Macha als Frau Binder und des Herrn
2782 2553 3328 2612 Schuhmachermeister Kon
1514 2590 2503 2655 Klein als betrogener Ehemann anzuerkennen.
2686 2602 3337 2672 Springergasse 7. Plötzlich fiel
1586 2636 2683 2697 Die Oper hatte wie in deutschen Städten so auch in
2691 2647 3319 2711 und prügelten ihn. Als
1509 2665 2672 2733 Wien einen vollen Erfolg und die beiden Autoren konnten
2690 2711 3332 2767 meister Ripl, seine Hilferufe
1516 2731 2679 2783 mit den Darstellern und Leitern der Aufführung die An¬
2695 2746 3337 2824 hilfe, ellen. Doch die „Genossen
1504 2769 2686 2821 erkennung und den Beifall des Publikums auf der Rampe
1508 2799 3330 2873 entgegennehmen. Gleich nach dem ersten Akt setzte er Wog, einer griff in die Tasch
2718 2845 3319 2903 en Schritt mochst, renn
1519 2855 2730 2926 kräftig ein und entfaltete das Publikum nach und nach
2732 2891 3335 2952 auch!“ Daraufhin holte R
1515 2904 2184 2983 zur hellen Premierenbegeisterung.
2183 2942 3344 3021 Max Sprimger,“ konnte Konrad befreit werden
