3436 4352
288 198 1236 244 auf der Leinwand nicht dargestellt werden könnte,
288 229 1244 276 keine Situation muß unausgedrückt hleiben auf dem
293 276 1249 322 Film, dessen Technik heute bereits so sehr vollendet
288 327 1251 382 ist, daß die üppigste Phantasie eigentlich doch nur
278 362 1246 425 Kinderspiele zur darstellerischen Lösung beisteuern
283 387 1251 466 kann. Es ist also selbstverständlich, daß man sich
278 444 1250 508 im Bewußtsein kinemalogrophischer Ausdrucksmächte
274 486 1246 547 einfach an jene Männer, die heute in Deutschland
283 535 1248 589 als die Häupter der Kunst gelten, mit dem Ersuchne
281 579 1243 622 um bestimmte Lieferungen dieser Kunst wendet. Ein
277 624 1238 663 vereinigtes Marschieren von Kino und Kunst: das
285 662 1247 718 war's, was der äußersten Vollkommenheit noch
276 704 1250 776 fehlte. Und seit wenigen Tagen ist denn auch die
289 747 1250 807 Verbrüderung von Kientopp und Dichtern end¬
273 794 995 850 gültig zur schönen Tatsache geworden..
397 827 1243 888 In besonderer Versammlung hat der „Ver¬
268 867 1251 955 band deutscher Bühnenschriftsteller“ zu Berlin die
289 923 1266 988 Gründung eines „Lichtspielvertriebs“ beschlossen,
277 961 1231 1020 dessen Aufgabe es sein wird, die Beziehungen e.—
272 993 1245 1063 matischer Autoren zu den Kinofabriken und Kine¬
273 1050 1242 1111 matographentheatern zu regeln. Sicherlich wird
275 1093 1245 1153 sich diese Aufgabe zu einer überaus segensreichen
268 1140 1244 1180 gestalten, denn man darf annehmen, daß eine ganze
268 1188 1243 1237 Reihe mehr und minder bekannter dramatischer Au¬
268 1231 1254 1283 toren sich aufmerkiam und liebevoll dem ihrer Muße
274 1267 1251 1312 neuerschlossenen Gebiete werden nähern wollen, seit
274 1310 1257 1369 die Führer des dramatischen Deutschland kein Be¬
275 1350 1245 1401 denken mehr tragen sich kinematographisch aufführen
272 1405 1239 1458 zu lassen. Zwar ist's erstaunlich zu hören daß sich
272 1431 1239 1487 Gerhart Hauptmann, Arthur Schnitzler, Hugo von
269 1478 1246 1534 Hofmannsthal in unvermutet aufkeimender Liebe
269 1527 1235 1570 für den Kino entschlossen haben. Aber was die
273 1570 1239 1630 Meister selbst tan, ist nur ganz selbstverständlich für
281 1617 1243 1678 Jünger und Schuler eder Rivalen ein Sporn zur
286 1645 1243 1718 Nachohmung. So weit ist die Gründung eines
289 1691 1241 1752 „Lichtspielvertriebes“ für die deutschen Bühnen¬
272 1745 1243 1794 schriftsteller ohne Zweifel eine Notwendigkeit. Denn
268 1795 1231 1855 vermutlich wird's in der nächsten Zeit eine wahre
267 1826 1230 1897 Hausse geben: die Dichter, die alle werden für den
261 1874 916 1930 Kino Dramen dichten wollen.
382 1896 1241 1978 Die Angelegenheit, die der neue Lichtspiel¬
276 1963 1232 2022 vertrieb so klug und hilfreich regeln will, hat aber
270 2005 1236 2053 nicht nur die schutzbedürftige, wirtschaftlike Seite.
277 2053 1233 2106 Da bei ihrer Erörterung gar so viel von der Ver¬
268 2079 1241 2157 edlung, von der ethischen, neuzuschaffenden Kino¬
263 2136 1240 2207 grundlage gesprochen wurde, muß man untersuchen,
274 2178 1249 2239 wie weit denn überhaupt eine solche Veredelung des
270 2219 1227 2277 Films möglich wäre. Und just die Technik, die
275 2265 1235 2319 nmdervare Technik, auf die sich der Kino so über¬
263 2302 1237 2370 aus viel einbildet wird hier den Wirten einen
266 2351 1242 2409 Strich durch die Rechnung machen. Man muß nicht
275 2399 1235 2446 etwa an Arthur Schnitzler, denken, an diesen fein¬
269 2444 1226 2493 sten aller dramatischen Stimmungskünstler, an
268 2484 1231 2526 diesen Meister andeutender und halbgesprochener
275 2526 1232 2581 Dialoge, um der Auführbarkeit dramatischer Werke
275 2573 1241 2629 in wirklich künstlerischem Sinne überhaupt mit
273 2602 1240 2681 einiger Skepsis zu begegnen Wenn man die dra¬
271 2667 1239 2714 matische Dichtung des gesprochenen Worts berauben
273 2692 1237 2756 will, so könnte man ebenso gut Opern ohne Musik
274 2745 1230 2788 aufführen oder den Malern die Farbe für ihre
269 2784 1222 2839 Bilder verwehren. So vollendet die Kinotechnik in
268 2830 1246 2892 ihrer ganzen Art auch sein mag, sie ist dennoch
269 2870 1242 2925 trotz mancherlei Entgegenkommens in Bezug auf die
279 2916 1236 2963 darzustellenden Stoffe eine durchaus andere, als die
269 2962 1235 3017 des wirklichen Drama :. In jeder Tragödie, in je¬
264 3017 1237 3063 dem Schauspiel wird es Dinge geben, die zwischen
269 3046 1236 3111 den handelnden Personen nicht durch eine Grimasse
280 3088 1234 3154 oder durch ein Achselzucken verständlich gemacht
276 3140 1242 3185 werden können. Das Gebiet des Films ist das
273 3179 1242 3233 Physisch=Phantastische. Seine Stärke lieat in der
280 3227 1224 3288 Möglichkeit, auch noch die unwahrscheinlichsten Si¬
271 3272 1250 3322 tuationen mit Leichtigkeit in tadellos ineinander¬
262 3315 1232 3377 schließenden Bildern erstehen zu lassen. Tauchende
261 3357 1240 3407 Unterseeboote und karambolierende Lokomotiven,
266 3400 1247 3446 machen gewiß keinem Filmregisseur irgendwie Kopf¬
263 3443 1237 3499 zerbrechen. Aber die Filmtechnik wird primitiv
268 3491 1236 3540 hölzern und monoton, so wie der Uebergang vom
263 3540 1226 3591 Physischen ins Psychische gewagt wird. Gewiß wird
265 3557 1231 3632 manche an der „Duse des Kino“ das Gesicht an sich
265 3623 1232 3674 durch eindringlichen Ausdruck rühren können. Aber
269 3663 1228 3725 im Allgemeinen werden doch die Verständlichkeits¬
267 3701 1233 3759 zeichen für die verschiedenen Affekte so ziemlich
277 3756 1244 3815 immer die gleichen bleiben. Zornige stampfen auf
261 3787 1229 3856 den Boden, Sehnsüchtige schmachten mit vorgebo¬
270 3823 1226 3876 genem Oberleib und lyrisch verbogenn Armen und
272 3879 1231 3923 Leute, die heimlich etwas Böses vorhaben, schütteln
271 3918 1227 3975 drohend die Faust, wenn der Bedrohte geoßartig ab.
271 3967 1230 4010 ging. Auf solche Art wird man kaum Schnitzlers
280 4006 1244 4065 „Weites Land“ oder Hofmannsthals  Frau im
2028 274 2385 345 Liebele1
1842 274 2398 391 5. Teenennnn
2555 262 2977 346 box 12/5
