3484 4256
528 176 896 247 iebelei
969 180 1489 269 box 10/3
333 175 916 282 5. Lieselei
628 1042 3080 1125 in ahnlnher Weise für Schauspieler. Nur Sonnnigsuindernf im Hinblick auf das jugendliche Alter des großen Forschers
3076 1050 3426 1121 1 Staatshaushaltse
628 1101 1848 1150 gelingt ein oder das andere Mal in ihrem Leben eine Gestalt,
3077 1107 3409 1154 Refraktor findet,
1865 1099 3082 1158 die gewöhnliche Stufe, mit welcher man in Preußen bei
3081 1142 3417 1214 Potsdam aufgeste
622 1126 1866 1202 die so wahr ist, daß sie nur einen von Hause aus kongenialen
1855 1141 3078 1190 Dekorationen zu beginnen pflegt, vorgeschlagen wurde, ging
624 1174 3087 1242 Schauspieler verträgt. So eine Prachtgestalt ist der Dorf= der Kaiser über den Antrag hinaus und verlieh aus eigener
1862 1206 3085 1264 Initiative einen höheren Orden, ein Zeichen, daß er den Werth
3135 1203 3421 1274 20 Ueber se
625 1219 1869 1274 richter Adam. Herr Müller verständigte sich mit dem
1858 1255 3087 1297 des Mannes besser zu schätzen wußte als der Minister. Auch
3090 1254 3419 1311 in Rom meldet i
614 1249 1858 1316 Publikum sehr geschickt über diesen vergnügten Lumpen;
1862 1298 3088 1347 die in den letzten=Tagen erfolgte Verleihung des königlichen Kronen¬
3079 1295 3420 1347 soeben einen beda
618 1287 1856 1358 aber von Innen heraus, ohne Beziehung auf die Zuschauer
1862 1321 3090 1376 ordens 2. Klasse an den Professor Dr. Behring zu Marburg ist auf
3081 1333 3419 1387 Schriftsteller Con
618 1346 1859 1403 kam weder die Vergnügtheit noch die Verlumptheit. Auch
1862 1368 3091 1414 Initiative des Kaisers zurückzuführen. Er hat dadurch den großen
3082 1367 3399 1421 hatte, abwies.
620 1379 1852 1434 der alte Döring stimmte nicht ganz mit der Kleistschen Er¬
1864 1393 3078 1447 Erfolgen der Serumtherapie, denen er volles Verständniß entgegen¬
3084 1409 3407 1459 in seinem letzten
617 1425 1855 1487 findung; aber echt und höchst persönlich war an ihm, wie er
1866 1438 3095 1493 bringt, eine ehrenvolle und wohlverdiente Anerkennung zu Theil
3089 1445 3424 1500 uter römischem
1869 1471 2152 1532 werden lassen.
625 1464 1860 1521 in der Verzweiflung seine köstlichen Lügen erfand und über
3073 1480 3420 1532 1 Modelle benutzt u
1907 1511 3090 1565 Dem besonderen Interesse des Kaisers ist es ferner auch
3081 1522 3422 1566 hat einen Präce
617 1517 1855 1581 der Freude an dem eigenen Witz die verzweifelte Lage
1848 1541 3089 1598 zu verdanken, daß es gelungen ist, einem vor einigen Jahren
3083 1551 3421 1612 Professor Wichm
617 1555 806 1614 vergaß.
1860 1585 3086 1636 angeregten großen wissenschaftlichen Unternehmen unter Beseitigung
3088 1591 3405 1647 des Vereins zu
681 1587 1855 1648 Wirklich gut war eigentlich nur Herr Fischer als Schreiber
1859 1625 3091 1678 der entgegenstehenden finanziellen Bedenken zur Durchfüh¬
3081 1624 3419 1679 wurde, angeblich
622 1631 1857 1701 Licht. Frau Marie Meyer versuchte vergebens, ihrem großen
1863 1656 3082 1707 rung zu verhelfen. Es sind dies die wissenschaft¬
3093 1667 3413 1718 Infolge des Versa
619 1683 1854 1738 Talente die derbe Frau Martha abzuringen; eine schlechtere
2471 1699 3089 1757 als deren geistiger Urheber
1855 1695 2485 1756 lichen Ballonfahrten,
3092 1701 3417 1760 anwesenden und
610 1719 1860 1778 und grobere Schauspielerin wäre besser gewesen. Ganz un¬
1859 1740 3091 1778 und Leiter der bekannte Meteorolog Professor Aßmann zu bezeichnen
3081 1737 3422 1792 der „Neuen Fre
625 1762 1850 1828 zureichend war Frau Corbach als Muhme Brigitte; die hat
3093 1768 3410 1831 furter Zeitung“
1850 1774 3091 1826 ist, die dann von dem Verein zur Förderung der Luftschifffahrt in
632 1801 1861 1859 mit ihrem Teufelsglauben ein neues Motiv in das Lustspiel
3085 1810 3417 1867 Romanschriftstelle
1864 1813 3084 1864 die Hand genommen wurden und die schließlich durch Zusammen¬
1853 1841 3089 1902 wirken des preußischen meteorologischen Instituts und der Militär¬
3083 1850 3414 1905 übrigens auch der
625 1845 1863 1904 zu bringen, ihr Auftreten scheint den Dorfrichter zu retten
3092 1878 3417 1939 Aufforderung un
1851 1893 3089 1948 Luftschifferabtheilung zu einem glücklichen Abschluß geführt wurden.
627 1880 1868 1939 und verändert die ganze Lage; der Gerichtsrath verliert
1860 1915 3095 1967 Dank den von Professor Aßmann sinnreich erdachten Instrumenten
3085 1929 3414 1989 ablehnte, auch #
618 1928 1862 1986 die Selbstbeherrschung, der Dorfrichter und der Schreiber ringen
1862 1959 3091 2002 haben diese Fahrten die ersten wirklich zuverlässigen Angaben über die
3095 1964 3265 2023 halten.
621 1972 1865 2025 im zten Kampfe mit einander; im Deutschen Theater war
1850 1995 3091 2045 * Temperatur= und Feuchtigkeitsverhältnisse der höheren Luftschichten ge¬
619 2012 1790 2073 niches von diesem Umschlag in der Stimmung zu spüren.
1853 2036 3103 2091 liefert, gar nicht zu reden von den vielen interessanten Beobachtungen
3147 2019 3427 2087 Ein weiter
694 2044 1859 2105 Für den Gerichtsrath und den Bauernburschen wären
1857 2089 3098 2132 über Wind und Wolken. Daß hierbei die größten Höhen erreicht wurden
3086 2058 3418 2131 meldet uns: Auch
616 2091 1860 2161 erste Kräfte nothwendig gewesen; sie wurden so eindruckslos
1858 2093 3093 2164 zu denen der Mensch bisher überhaupt jemals vorgedrungen ist, darf
3089 2116 3429 2165 treter der üb
620 2140 1861 2190 gespielt, daß man nicht erfahren konnte, ob Dr. Brahm die
1866 2129 3095 2196 als bekannt vorausgesetzt werden. Welche Bedeutung aber die ge¬
3088 2133 3426 2212 Austritt aus den
1857 2175 3101 2236 wonnenen Zahlen für die Enträthselung der Vorgänge im Luftmeer
608 2186 1852 2234 Meinung seines Kleistbuches noch aufrecht erhält oder nicht,
3161 2198 3406 2274 4Unter d
1856 2208 3101 2272 besitzen, dies wird sich in vollem Maße erst dann erkennen lassen,
620 2221 1858 2289 wenn er anders sein Buch überhaupt zu Rathe gezogen hat.
1856 2255 3100 2317 wenn das umfangreiche Werk veröffentlicht sein wird, mit dessen
3093 2249 3419 2309 friedenheit über
1325 2265 1805 2329 Fritz Mauthner.
1871 2287 3091 2345 Herstellung man gegenwärtig beschäftigt ist und welches die Ergeb¬
3101 2289 3418 2344 ländischen Kolleg
1870 2326 3096 2381 nisse des Unternehmens allen Forschern des In= und Auslandes
3089 2329 3409 2380 Die Vertheidiger
704 2336 1774 2419 Des Kaisers Stellung zur Wissenschaft.
1862 2360 3088 2416 zur weiteren freien Benützung und Verwerthung zugänglich machen
3094 2365 3414 2420 an Aerzten fehlt,
1865 2401 3094 2457 soll. Von dem lebhaften Interesse, welches der Kaiser diesem
3094 2390 3423 2454 fremde Zuzug ein
663 2390 1856 2457 Als der Kaiser auf die erste Kunde von Professor Röntgens
1871 2442 3093 2490 Unternehmen vom ersten Augenblick an entgegenbrachte und
3088 2444 3417 2498 scheinen allerdin
623 2436 1852 2494 wunderbarer Entdeckung den Gelehrten zu sich berief, um sich die
2414 2470 3095 2533 wissen die Nächstbetheiligten nicht
3098 2479 3412 2533 trifft in den gro
1861 2478 2412 2538 noch heute entgegenbringt,
620 2486 1858 2537 Versuche zeigen zu lassen und ihm seine Frende und Anerkennung
3092 2503 3403 2565 auf dem Lande,
1870 2520 3099 2563 genug zu erzählen. Er kam nicht nur mehreremale zu den Auf¬
619 2526 1863 2577 auszudrücken, wurde von mancher Seite mit Befriedigung hervor¬
3099 2550 3407 2602 ehe sie einen Arz
1868 2549 3097 2606 fahrten, um sich über die abronantische und wissenschaftliche Aus¬
620 2562 1849 2624 gehoben, daß von dieser hohen Stelle aus einer wissenschaftlichen
3090 2584 3414 2638 fordert wird, da
1861 2587 3096 2632 rüstung des Ballons genau unterrichten zu lassen, sondern er ver¬
619 2611 1684 2663 Leistung ein so lebhaftes Interesse entgegengebracht werde.
3096 2620 3426 2680 Ausland verliehe
1870 2625 3096 2679 folgte auch den Fortgang des Ganzen mit ungeschwächter Theil¬
672 2627 1852 2682 In der M. Allg. Ztg. werden einige Fälle hervorgehoben, die für
3098 2663 3400 2723 tiziren dürfen,
1864 2663 3099 2716 nahme, die sich auch auf die dabei mitwirkenden Personen erstreckte.
618 2663 1853 2724 das hohe persönliche Interesse des Kaisers an wissenschaftlichen
1868 2702 3094 2747 Und als ein elektrischer Funke nach der sechsten Fahrt den ersten
3097 2700 3428 2758 diplomirten aus
616 2710 1864 2764 Leistungen und Unternehmungen Zeugniß ablegen. Zunächst sei hier
3097 2742 3280 2801 werden.
1868 2736 3085 2789 großen Ballon vernichtet hatte, da wurden durch kaiserliche Liberalität
618 2745 1853 2790 eines kleinen, aber charakteristischen Zuges gedacht. Als der leider so
1866 2779 3092 2827 sofort die Mittel bereitgestellt, nicht nur um den Schaden gut zu
619 2768 1851 2833 früh verstorbene Heinrich Hertz, auf dessen epochemachende
3164 2793 3402 2867 2 Prinz 4
1865 2808 3100 2857 machen, sondern noch weit über dieses Maß hinaus, da sich gezeigt
619 2831 1863 2864 Arbeiten ja auch die Röntgensche Entdeckung zurückzuführen ist, am
1868 2835 3416 2898 hatte, daß sich der einmal festgestellte Plan mit der ursprünglich ] von der in Siam
613 2854 1866 2907 20. September 1889 auf der Naturforscherversammlung in Heidelberg das
3091 2885 3420 2945 elfmonatlicher Ah
618 2881 2818 2965 erste Mal einem größeren Publikum ein Bild seiner stannenswerthen 4 erbetenen Summe nicht ganz hätte ausführen lassen.
