3484 4224
351 104 763 173 Liebelei
326 148 772 208 nene tenen etenetetenetete
890 75 1340 182 box 13/4
1453 268 1774 341 N• DE DEBIT
1715 323 2121 436 CANDTDE
1272 380 1627 455 Ertrait de #
1620 430 2238 508 M. Rue du 8-Gothard-XIN
1279 482 1483 554 Adresse:
1277 570 1430 650 Date
1695 539 2151 653 9 AUnll. 1936
1272 685 2235 739 Signature: eesessessereessenssassser sseneetSSSeeegSAsSsRReeBarsReReSeeeeraereeeereeraumarenrre
1267 768 1646 850 Trposttlon
1208 836 2935 972 LES—FILMS—NOUVEAUX
1227 1008 2454 1082 S Par JEAN FAYARD
2081 1144 2953 1215 Journal une égalité ridicule: la mème impor¬
1531 1169 1760 1249 Mozart
2081 1204 2962 1245 tance est accordée au plébiscite hitlérien et au
2086 1226 2953 1294 match de moto-ball de Drancy. On se dit :
1231 1237 1655 1300 Le einéma a déja
2136 1258 2965 1306 C’est insensé! Comment M. Pathé-Journal,
1202 1273 1661 1321 sonnu, dans divers
2080 1293 2962 1350 qui fait les frais T’envoger en Allemagne des
1196 1296 1668 1368 genres, des succes
2086 1333 2950 1379 reporters, ne t#ret-il rien de plus de leur
1206 1342 1609 1394 assez éclatants. II
2084 1366 2966 1410 voyage que d’une Balade à Drancy? s La réa¬
1192 1374 1660 1421 mème pu, en certat-s
2077 1395 2972 1450 lité est moins offensante pour le caleul, sinon
1205 1410 1598 1462 cas, comme d:
2084 1442 2965 1499 pour la raison. M. Pathé-Journal. apprenant
1204 1436 1661 1497 Henri VIII ou dans
2079 1463 2974 1521 qu'un match de moto-ball ga avoir lieu à
1205 1476 1657 1525 La Kermesse héroique,
2086 1511 2424 1564 Drancy, s’éerie:
1204 1516 1644 1558 möler la critique his¬
2158 1517 2960 1580 — Ah! ah! le moto-ball, volld qui pas¬
1196 1552 1648 1600 torique et T’ironie à la
1721 1541 1898 1607 8—
2089 1557 2966 1630 sionne les foules, volld un sport national! Et
1203 1581 1650 1631 simple mise en scône
2089 1619 2337 1671 intelligent !
1202 1615 1647 1671 des événements. II ya
2125 1622 2973 1706 Et dappnyer sur un bouton, et d’alerter ses
1212 1659 1643 1706 un genre pourtant,
1664 1651 1921 1709 e- zper
2096 1663 2275 1727 équipes.
1198 1677 1655 1735 qui, jusqu'ici, est resté
2122 1688 2970 1756 Entre temps, par l’organisation d’échange qui
1206 1724 1655 1764 assez pauvre, nous
2087 1743 2971 1792 existe entre firmes d’actualités de différents
1208 1738 2060 1813 voulons parler de la Stephen HAGGARD
2094 1777 2975 1826 pays, M. Pathé-Johrnal reçoit les reportages
1203 1792 1402 1840 musique.
2089 1813 2787 1860 allemands sur le plébiscite hitlérien.
1249 1809 2081 1870 Souvent, on a vouli évoquer à l’écran les
2145 1839 2975 1910 — Tiens! fait-inégligemment, on pourrait
1213 1851 2082 1905 traits et la vie de tel grand musicien, cepen¬
2095 1878 2605 1937 aussi mettre un pen de ca.
1218 1878 2079 1932 dant que la bande sonore donnail, en surim¬
2118 1901 2974 1952 C’est cequ’on appelle faire un journal filmé.
1205 1915 2083 1978 pression auditive, un pot-pourri pl’is ou moins
2127 1947 2962 1990 Les envois étrangers sur le lancement de la
1213 1950 2087 1994 Judicieux de l’auvre du héros. Nous avons
2094 1983 2969 2028 Oucen-Mary, du grand steeple de Liverpool
1205 1982 2085 2036 ainsi vu Chopin. dans des histoires assez ma¬
2087 2021 2949 2069 étaient excellents. C’est M. Eclair qui a le
1216 2010 2075 2076 lencontreuses, Vincenzo Bellini dans un film
2090 2048 2980 2104 mienx groupé les vues sur le plébiscite alle¬
1212 2051 2079 2112 plein de goüt mais incomplet, Schubert. C’est
2087 2093 2915 2140 mand et qui leur adonné la meilleure part.
1209 2084 2074 2134 celni-ci qui a d’ailleurs servi de prétexte au
2120 2119 2946 2167 L’actualité nationale n’a pas été oubliée :
1204 2121 2045 2177 meilleur ouvrage, Lo Symphonie indchevée.
2095 2140 2968 2203 gros succès pour Pagent barbu de la porte
1285 2145 2088 2204 Polei anjourd'hul Mozart vu par les Anglais.
2089 2182 2968 2238 Saint-Denis, pour sa barbe, pour sa peinture,
1237 2189 2082 2233 Les Anglais, on le salt, ont conservé un culte
2091 2219 2976 2289 pour ses brojets de péche à la ligne. On se sent
1206 2220 2082 2290 particulier pour Bach et pour Mozart. IIs se
2086 2258 2502 2317 fier d’ètre Français.
1213 2255 2082 2313 sont, en tont cas, entourés de précautions. Sir
2124 2278 2966 2330 M. Paramount nous a donné ce que nous
1211 2291 2086 2344 Thomas Beecham dirige l’orchestre et l'Ins¬
2098 2324 2963 2374 réclamions l’autre jour: les cuvres du Front
1212 2333 2085 2387 titut Mozart de Salzbourg a collaboré à la par¬
2104 2358 2987 2414 populair##gnol (premiers tableaux). Toutes
1221 2363 2077 2420 tie musicale. Malgré cela, c’est convenable sans
2091 2396 2893 2458 ge###iles Tumantes sont du plus joli effet
1217 2397 2078 2442 plus. On reconnaft Mozart; aucun passage
2739 2414 2932 2491 G. B.
1214 2431 2083 2504 de l’exécution ne nous arrache des „eris
1220 2474 1458 2526 admiratifs.
2819 2468 2979 2544 =tlte
1249 2482 2091 2543 Le scénario, lui aussi, n’est que convenahe.
1220 2531 2093 2586 Iei, on falt appel à Margaret Kennedy, l’at¬
1213 2562 2091 2630 teur de cette charmante Tessa. Le divin Wolk¬
1224 2601 2095 2660 gang ne lui a inspiré qu'une histoire assch
1217 2639 2095 2691 plate. Je sais qu'une existence aussi unie ne
1209 2668 2095 2724 prête guère à des rebondissements dramatif
1225 2704 2090 2750 ques. II fallait alors s’attacher à l’atmosphère,
1225 2739 2096 2803 à la psychologie des personnages, à l’époque,
1221 2765 2103 2829 Qu'on se rappelle l’art avec lequel Feyder a
1216 2808 1689 2869 ressuscité les Flandres.
1252 2823 2094 2885 Nous sommes bien loin de cette réussite
1218 2866 2100 2935 plastique. On s’est borné à éviter les erreurs,
1225 2908 2096 2955 Le spectateur ne peut s’empécher de songer
1222 2941 2099 2993 à ce que les Viennois, lorsqu'ils sont aussi bien
1226 2973 2095 3044 inspires que lors de Liebelei ou de Mascarade,
1220 3017 2106 3056 auraient pu faire. C’est par m.acenmulation.
1218 3045 2106 3107 de petits détails choisis qu'ils nous auraient
1227 3075 2101 3141 montré l'allégresse de Mozart plutôt que par
1229 3115 2105 3181 des bonds désordonnés et par ces danses un
1227 3145 2109 3211 ven ridienles qu’il exécute devant le buffet
1224 3189 1767 3241 en compagnie de sa femme
1269 3196 2099 3273 L’idée philosophique dominante de Mlle Ken¬
1228 3250 2100 3301 nedy ne résiste guère non plus à l’examen.
1227 3283 2106 3335 Elle veut nous prouver que Mozart, incompris
1232 3324 2096 3380 des grands et de l’élite, ne réussit qu’auprès
1223 3357 2103 3402 du petit peuple. et que seul, l’accueil popu¬
1235 3388 2110 3439 laire fait à Lo Flüte enchantée détermina son
1224 3425 2098 3490 triomphe. Cela nous paraft assez niais et sur¬
1220 3466 1725 3526 teut absolument gratuit.
1270 3477 2112 3545 Tout le film est traité avec mollesse. L’écran
1230 3526 2119 3584 anglais n’est pas bien riche en vedettes et les
1221 3562 2124 3622 acteurs qu'on nous présente iei nous parais¬
1234 3595 2108 3649 sent falots. Stephen Haggard, joli garcon,
1229 3629 2113 3672 donne une médiocre idée du charme du cher
1243 3671 2114 3719 Wolfgang. Mlle Yvonne Printemps, malgré le
1242 3694 2106 3754 rravesti, évoqualt tout aufre chose dans la dé¬
1226 3731 2119 3788 liciense opérette de Sacha Guitry. Victoria
1238 3771 2101 3833 Hopper, dans le röle de Constance, est char¬
1233 3801 1589 3863 mante sans éclat.
1270 3822 2113 3880 La musique accompagne les images selon un
1229 3877 2121 3921 plan ehronologique, Comme nous aurions pré¬
1233 3895 2123 3957 féré des allusions psychologiques, comme nous
1225 3937 2117 3996 auriens vonlu comprendro les relations sub¬
1223 3970 2119 4031 tiles qui unissent T’état d’äme de Tauteur
1228 4004 2108 4066 grec tel fragment d’opéra on de symphonie,
