3392 4224
160 168 213 233 6
478 166 604 235 e1
843 166 1273 249 box 13/4
698 1079 1138 1220 Vokertinmonhischt.
698 1229 1093 1320 18.406 1932
425 1410 1262 1465 Liesing. Tonfilmtheaterkino.
357 1458 1270 1507 Während der 14tägigen Urlaubspause ist in
362 1494 1244 1535 der großen Halle, der beim ersten Eingang in
363 1536 1251 1596 den Zuschauerraum etwas abschüssig gewesene
353 1573 1255 1632 Fußboden planiert worden. Diese bauliche
367 1617 1245 1682 Umgestaltung, die notwendig war, ist so ge¬
368 1652 1253 1708 lungen, daß sie einerseits ihrem Zwecke voll¬
365 1711 1250 1754 kommen entspricht, während man anderer¬
361 1744 1249 1795 seits kaum bemerkt, wie da etwas geändert
353 1797 1247 1843 wurde. Das Bufett steht nunmehr in der
351 1833 1253 1879 großen Halle und schaut sehr vorteilhaft aus.
363 1868 1245 1933 Die einschneidendste Anderung ist aber auf
361 1902 1255 1962 der Bühne vorgenommen worden. Dort sind
356 1944 1257 2013 von der Zeit her, wo das Kino als Tonfilm¬
362 2003 1246 2054 kino eingerichtet worden war, hinter der
354 2029 1254 2090 weißen Leinwand drei Lautsprecher ange¬
363 2081 1262 2151 ordnet. Man hat sich aber die ganzen Jahre
355 2120 1257 2168 her gescheut, an dieser Einrichtung zu rütteln,
359 2163 1252 2219 um eine stets gleichbleibende Leistung der
364 2208 1258 2264 Apparatur hinsichtlich Tonstärke und Klang¬
366 2244 1256 2305 reinheit zu gewährleisten. Nunmehr sind auf
355 2294 1250 2336 der Bühne beiderseits Laufschienen ange¬
356 2333 1254 2381 bracht worden, in denen gleitend die ganze
357 2378 1246 2420 Projektionsfläche samt den dahinter mon¬
354 2407 1257 2467 tierten Apparaten auf den Schnürboden wie
351 2462 1247 2511 ein Vorhang hochgezogen werden kann, so
360 2499 1253 2557 daß die Bühne im Nu frei wird. Diese Ein¬
364 2545 1252 2596 richtung hat sich gleich bei der Eröffnung der
367 2581 1254 2633 Herbstsaison sehr gut bewährt. Nachdem die
357 2626 1251 2684 ganze Wochenschau vorüber war, ging die
364 2678 1263 2721 Projektionsfläche hoch und auf der Szene stand
354 2708 1264 2757 in einer wunderschönen Gartendekoration die
360 2756 1272 2808 Donkosakentrüppe Maxim Orloff. Es war ein
356 2799 1256 2846 herrliches, Bild, diese ungemein farbenreiche
356 2833 1251 2892 Tracht der ausübenden Menschen mit den
358 2877 1253 2940 verschiedenen Musikinstrumenten, und der
365 2913 1249 2968 Genuß für das Ohr, diese Musik und dieser
357 2960 1244 3022 Gesang! Es war einfach unübertrefflich!
369 2982 1265 3063 Stürmischer Beifall ist ein unzulänglicher
368 3044 1255 3095 Ausdruck, es war mehr: jubelnde Freude.
370 3084 1272 3148 Nach den Darbietungen der Donkosaken kam
356 3127 1260 3188 der Tonfilm „Liebelei“ in großartiger Be¬
1154 3172 1261 3224 der
360 3180 1149 3225 setzung. Die Cröffnungsaufführung
364 3218 1081 3289 Herbstsaison war ein voller Erfolg.
2140 236 2586 297 N• DE DEBIT E
2252 274 2794 405 PARIS-AIDI
1937 350 2178 420 Ertrait de
2222 359 2823 476 RUE ROYALE, 25, VIII.
1958 464 2125 521 Adresse
2268 490 2875 619 3 SEPTENBIF 1932
1804 527 2103 625 ##. Date:
1802 600 1914 673 ∆
1966 645 2234 718 Sthnature
2651 747 2739 781 —
2595 776 2736 830 Aeene
2282 833 2376 878 ANAN
2021 838 2698 917 BARAAUES CIHEE -NCHIAUES AU PRATER
2048 963 2553 1051 (Liebeler)
2024 1046 2708 1141 et le peuple de Vienne
2013 1151 2718 1216 La Grande Roue balance sur le cie!
1989 1198 2729 1253 ses wagonnets vides; les marchands
1999 1245 2729 1278 de sodas, d’amandes grillées, de fruits,
1997 1268 2733 1315 de saucisses et de concombres salés
1993 1304 2730 1349 criaillent en vain; La musique des ma¬
1999 1335 2735 1385 neges est une symphonie luxuriante de
1992 1382 2726 1421 rengaines oubliées, datant de l’avant¬
1999 1407 2719 1457 guerre; Les divinité“ peintes sur les
1993 1433 2723 1482 devantures des cirques se décolorent
1993 1474 2729 1516 stoiquement au soleil; Dans un nuage
1999 1515 2726 1559 de poussière, un peu pareils aux Pari¬
2000 1547 2727 1592 siens d’humeur moins gouailleuse mais
2519 1566 2546 1586 4
1997 1582 2725 1630 plus joviale, badaudent les Viennois;
1994 1613 2731 1670 et c’est le Prater l., la grande foire aux
1992 1646 2382 1700 illusions viennoise.
2018 1665 2743 1739 Le cinéma est ich un dérivé du cir¬
1993 1729 2744 1780 que. Celui des Actualités, à l’entrée
2006 1758 2735 1800 mäme de la foire: le & Planetarium¬
1999 1794 2725 1845 Rinio s, est une sorte de hutte cana¬
1999 1823 2735 1880 dienne ou, en sus des actualités, on a
2001 1860 2733 1901 droit à un faux ciel g semé, de simu¬
2003 1896 2745 1944 lacres d’étoiles: Des points lumineux
1996 1939 2748 1975 se déplacent sur la coupole passée au
2005 1960 2740 2010 bleu sombre des nuits sans lune, et, au
1999 1998 2741 2055 moment ou cet infini de quelques mé¬
1997 2030 2747 2070 tres doit faire place à la lumiere, c’est
1996 2069 2741 2118 au-dessus de nos tétes, une fuite éper¬
1993 2100 2742 2145 due d’étoiles filantes. Le ciel fiche lit¬
2005 2128 2736 2178 téralement le camp de tous côtés, vous
2003 2168 2736 2216 chavire le cceur et donne un avfnt¬
1999 2203 2734 2246 goüt du roulis éternel. Dressé devant
1999 2236 2735 2280 la porte un commis-voyageur en belles
1997 2271 2733 2318 paroles, aux moustaches cirées, culotté
1997 2318 2735 2353 et botté comme un écuyer de cirque, in¬
2004 2341 2740 2388 cite le public à l’élan cinégraphique,
1995 2372 2741 2435 mais celui-ci, retenu un instant, traine
2007 2407 2743 2458 sa fantaisie plus loin, vers le centre. Lä,
2007 2442 2739 2493 péle-méle, de g la Nuit de Walpurgis:
2003 2483 2752 2524 au & Guignol ## et des & Dioramas 5 aux
1993 2506 2737 2560 brasseries sous les feuillages, la foire
2003 2544 2738 2596 étripe ses merveilles. Un ciné, deux ci¬
1999 2582 2744 2625 nés, une floraison de cinés ! Baraques
2011 2608 2747 2658 de planches flanquées d’estrades à ha¬
2001 2648 2746 2689 ranguer la foule, d’affiches éclatantes,
2003 2692 2745 2731 de haut-parleurs et de tarifs à la craie
2002 2708 2748 2759 sur panneaux d’ardoise. Pas besoin de
2589 2748 2616 2775 *
2009 2748 2743 2798 musique par exempl: elle aftiue de
2015 2779 2740 2830 toutes parts, des débits de bière, des
2013 2810 2743 2868 cirques et des manèges. Iei cLaurel et
2007 2855 2733 2898 Hardy s dans 4 La parade du rire ?;
2011 2887 2733 2934 la g fritz kampess # et lä, enfin, (com¬
2001 2910 2742 2969 me c’est étrange en apparence !) cLie¬
2010 2962 2166 3012 belei 9.
2037 2994 2750 3044 Mais entrons, et pour 70 Grosschen,
2000 3044 2742 3079 (quelque chose comme 2 fr.) allons re¬
2011 3066 2741 3112 voir Liebelei.,, La confuse mélopée du
2001 3112 2742 3155 dehors transpire à travers les parois lé¬
2011 3138 2740 3190 gères de la baraque foraine, prête, di¬
2013 3173 2737 3214 rait-on, à reprendre sa route incertaine
2011 3205 2733 3253 des l’aube de demain, trainée par deun
2008 3239 2734 3288 rosses danubiennes.,, mais dans la sal¬
2006 3261 2740 3328 le regne un grand silence d’adoration !
2035 3319 2736 3364 Une comédie de Molière est comprise
2003 3353 2738 3410 d’instinct par le peuple de Paris; una
2003 3385 2747 3433 comédie de Shakeaspeare ne trouve son
1998 3416 2751 3467 écho véritable que dans une áme an¬
1993 3456 2761 3497 glaise, méme ignorante, et l’aventure de
2000 3481 2749 3527 Christine, contée par Schnitzler retrou¬
2009 3516 2751 3577 ve, à Vienne, en chäque ame Tödvrier,
2010 3569 2744 3613 de servante ou de galopin sa vraie ré¬
2012 3594 2745 3636 sonance. Elle évoque ces petits restau¬
2007 3617 2750 3679 rants entourés de treillages verts, à
2007 3663 2755 3710 i’abri de la rue, et ces anciens villages
2005 3703 2747 3739 de banlieue, avcc leur église et leurs de¬
2017 3729 2755 3779 neures aux longs toits, aux multiples
2009 3764 2707 3822 Zenétres et aux balcons redondants.
2040 3801 2754 3852 Que ce soit ce café ou dansent Chris¬
2002 3848 2759 3901 tine et Fritz, avec son piano mécanique,
2006 3881 2748 3922 sa gaité peu bruyante, peu brutale et
2014 3920 2749 3955 sans décor, ou ces rues obscurcies, en¬
2004 3944 2743 3991 saissées entre deux files muettes de
2001 3985 2749 4021 wieilles maisons, il n’est aucune image
2003 4018 2742 4064 ddont l’atmosphère ne soit particulière¬
2005 4049 2325 4102 iment viennoise.
2038 4074 2750 4128 Tout Vienne semble devoir se reflé¬
