3484 4224
322 183 1218 222 Wir wissen es: In Berlin hat sie uns ver¬
329 223 1221 283 treten, hat Oesterreichs geheimste Seelen¬
333 269 1218 332 landschaft, die heimlich und liebessanft ver¬
321 328 1212 386 schluckte Träne ins schlesische Korn ge¬
331 383 1227 430 zaubert. Hier bei uns löst sie sich willens¬
326 417 1216 470 stolz und herzensstark vom Biedermeier¬
328 467 506 533 klischee.
429 502 1225 574 Sie spielt Schnitzler, fast in Strindberg¬
324 562 1223 624 Nähe, ohne Stimmungs=Duliäh. Gesund,
327 614 1224 671 blutverbunden, sinneswarm. Mit elemen¬
332 675 1218 715 taren Weibestönen, mit kindlich einsamem
331 706 1219 760 Mädchenlächeln, als ein Geschöpf Gottes
317 752 1220 818 und ihrer Rasse: Einmalig, unumstößlich, in
323 801 1213 854 ihrer Hingabe wie in ihrem Gefühlsurteil
313 851 1224 917 unerbittlich, wie es Wind, Wetter und
320 901 731 961 Wiesenhauch sind..
412 945 1219 1011 Ihr Doppelruf: „Wo ist er? Wo ist
328 991 1211 1051 er?“ zählt zu den größten deutschen Büh
323 1044 1224 1098 neneindrücken, zu den einmaligen, unum¬
319 1073 1234 1151 stößlichen, unerbittlichen. Ihr wild zer¬
328 1130 1221 1195 rissener Schmerzensmund verdrängt eine
314 1176 1223 1250 Legion süß dahinschmelzender Christinen.
325 1229 1232 1285 Ihr Sturz ins Unabsehbare, jäh, taumelnd,
315 1279 1222 1345 verflackernd, läßt die Bühne leer, todes¬
321 1327 437 1400 leer
409 1367 1236 1435 Vorher, ja vorher, hat sie die große
317 1433 1224 1478 ahnungslose Entschlossenheit eines unbe¬
326 1489 1229 1534 grenzt und wehrlos gütigen Schicksals¬
329 1515 1237 1586 lächelns. Die Zitterskaln leisester Liebes¬
325 1561 1227 1623 worte beherrscht sie ja blendend. Blendend?
320 1611 1233 1682 Nein, schicksalslogisch. In der Stille ihres
326 1668 1227 1721 Blicks, in dieser heiß gespannten wild und
317 1714 1229 1772 wirr schweigenden Keuschheit lebt und liebt
317 1767 1046 1832 die Sehnsucht einer ganzen Stadt.
409 1807 1232 1872 Es ist schön und es ist wiederum
330 1869 1216 1927 Schicksal, sich zu dieser jungen Träumerin
324 1907 1229 1976 ihres eigenen Aufstieges zu bekennen. Sie
325 1947 1229 2015 ist uns gleichwohl schon entrückt. Auf die
324 2004 1229 2057 Höhen der Verwandlung und der restlosen
324 2058 1230 2105 Erfüllung. Eines Wesens, einer Wesolich¬
315 2113 1221 2162 keit, einer Hingabe, die keinen Liebesdienst
314 2151 1221 2207 kennt. Nur den des eigenen, zuverhaft
316 2202 1157 2259 rauschenden und berauschenden Blutes.
399 2252 1222 2313 Wie ein Waldesbaum, deutsch und
312 2288 1222 2367 traumgesegnet, wächst sie aus dieser heimi¬
328 2353 1222 2406 schen Erde. In Wolkenweite, in Himmels¬
323 2400 578 2474 nähe...
408 2467 1225 2554 Ihre Rückkehr hat die Josefstadt mit
329 2538 1228 2598 einem Schnitzler=Abend gefeiert, der mensch¬
328 2598 1218 2650 lich feinere Resonanz hatte als technisch.
327 2640 1221 2692 Er hub mit dem Puppen=Schattenspiel des
321 2661 1238 2742 „tapferen Kassian“ ein wenig unsicher an.
323 2725 1239 2798 Die Groteske wie die Dämonie dieser
326 2770 1224 2834 Capriole der Wehmut und des Wirklich¬
317 2830 1236 2876 keitswahns fehlte. Blitzte nur vorüber¬
326 2876 1225 2936 huschend aus Hans Thimigs bleichen, edel
319 2926 1204 2983 angestammten Melancholiker=Antlitz. Frau
324 2983 1213 3027 Czepa und Herr Neugebauer sekundierten
323 3018 1215 3081 im Halb=Marionettenstil. Das Unheimlich¬
323 3065 1218 3119 Spielerische blieb aus. Das Hintergründige,
324 3115 1216 3190 Umschattete dieser ironisch eckigen Possier¬
324 3167 773 3235 lichkeit nicht minder.
397 3260 1215 3327 Der Regisseur Paul Kalbeck fand sich
320 3311 1213 3373 atmosphärisch, menschlich, seelisch erst in
315 3371 1210 3421 der Flüsterelegie der „Liebelei“. Mit
313 3418 1213 3470 großer, sanfter, strömender Musik des
329 3459 1218 3520 Schweigens. Mit seinem zärtlichen Genie
319 3522 1217 3575 unentrinnbarer Zurückhaltung. Mit seiner
315 3560 1216 3624 still leuchtenden Kraft verdämmernder und
316 3605 1079 3674 tragisch beschaulicher Ange blicke ...
399 3653 1209 3710 Hier wird die schauspielerische Brillanz
318 3698 1223 3758 von Friedl Czepa bestritten. Ihre Schlager¬
326 3747 1234 3808 Mizzi, hold raffiniert bis in die winzigste
329 3773 1239 3859 mutterwitzige Pointe, rückt sie an die
2147 102 2996 189 e wie dazu¬
1241 159 1560 222 der Todesbote.
2149 176 2901 239 mals ein Wunder sind und ein Glück.
1319 201 2115 270 Bleibt der Weyring Hugo Thimigs.
2208 225 3023 298 Paula Wesselys Keuschheit widerlegt
1247 261 2108 311 Eine saftige Leistung, aber mit unverhoh¬
2148 275 3030 347 alle Verwicklungen der Sexualität. Es ist
1244 309 2111 370 lenen Musikus=Miller=Tönen. Ohne alle
2144 338 3029 403 kein Theaterzauber mehr, es ist der Zauber,
1242 352 2116 423 Wienerwald=Resignation. Breitspurig knur¬
2143 382 3018 448 die Reinheit, die Schicksalsgewißheit der
1248 419 2106 483 rig. Eine verehrungswürdige Fehlbesetzung.
2141 429 2270 491 Frau.
2219 469 3031 575 Es ist ihr Abschied von allem, was
1323 507 2114 580 Solche Besetzungs=Schwankungen ver¬
2146 541 3017 596 diesen Zauberspielplan niedlich stören
1249 570 2119 621 dunkeln kaum Weiye und Wehmut einer
2147 591 3028 658 könnte. Die große tragische Schauspielerin
1247 615 2114 668 Feier des Gedächtnisses, der Persönlichkeit,
2143 635 3026 705 der Wiener Bühne hat den Boudoirflitter
1239 661 1332 721 der
1382 664 2114 720 unausgesprocen aufwühlendsten
2135 701 3029 769 abgestreift. Ein Menschenantlitz, beispiel¬
1246 711 1569 775 Menschlichkeit.
2140 738 2456 803 los, glüht auf.
1314 758 2115 820 Die „Liebelei“ wird von der Josefstadt
2215 790 3030 866 Und das Lächeln eines süß und still
1243 817 2119 876 sozusagen im Halb=Kostüm gespielt. Retro¬
2134 850 2820 925 verwirrten Kindes liegt auf ihm.
1256 865 2122 942 spektiv im Gefüge allein, nicht in der Mode¬
1241 909 1370 967 linie.
2458 910 2979 988 Ludwig Ullmann
2212 1357 2411 1413 I. Oesterr.
1771 1355 2527 1428 OBSERVER ven Bret. konz.
1804 1432 2529 1473 Büro für Zeitungsnachrichten
1812 1450 2542 1509 WIEN I, WOLLZEILE1
1729 1593 1839 1686 8
1920 1627 2473 1720 volksze#tung We
1919 1732 2373 1830 Vom 22, IU 33
2441 1769 2599 1879 1
2223 1892 2537 1984 — „Der
1754 1895 2168 1979 „Liebelei.“
1783 1974 2478 2072 tapfere Cassian.“
1740 2060 2553 2145 Schnitzler=Aufführung in der Josefstadt.
1769 2134 2588 2184 Die Skeptiker fragten: Hat uns Schnitzler
1704 2168 2577 2237 noch etwas zu geben, kann seine „Liebelei“
1703 2217 2587 2272 auch heute, wie in längst entschwundenen
1698 2251 2591 2317 Tagen der Vorkriegszeit, zu unserm Herzen
1707 2297 2582 2357 sprechen? Die Antwort darauf gab das schöne,
1710 2324 2596 2394 leidenschaftliche und naturnahe Spiel von
1710 2376 2591 2443 Paula Wessely, das alle Stilisiertheit bei¬
1719 2423 2595 2482 seite läßt und die Vergangenheit dank der
1709 2463 2585 2524 Kraft eines überströmenden Temperaments
1717 2509 2595 2560 in unmittelbare Gegenwart verwandelt. Die
1699 2550 2586 2612 Leistung dieser Künstlerin erweist wieder ein¬
1710 2593 2594 2643 mal, daß dort, wo es um emige Dinge des Ge¬
1707 2630 2596 2703 fühles geht, Moden und wechselnde Zeit¬
1712 2684 2590 2738 anschauungen verblassen müssen, daß nur der
1702 2718 2596 2778 echte, große und starke Ton der Leidenschaft zu
1703 2753 2599 2814 erklingen braucht, um die Menschen von
1707 2808 2295 2872 heute wie einst zu erschüttern.
1800 2850 2608 2910 So wie ihre Kunst klar und rein, echt
1705 2902 2594 2955 menschlich und darum im tiefsten Herzens¬
1706 2931 2602 3002 grunde adelig, so auch die Leistung Hugo
1707 2975 2590 3031 Thimigs als Vater. Auch ihm, dem das
1705 3028 2587 3082 Milieu des Wieners nicht angeboren, glaubt
1705 3077 2596 3132 man seine bodenständige Güte und Klugheit
1713 3109 2605 3176 und seine Wärme, die von der Seele kommt.
1717 3156 2595 3210 Die lebens= nd liebeslustige Jugend, dem
1718 3197 2605 3256 Augenblicke hingegeben, verkörpern Hans
1712 3247 2612 3305 Thimig und Heinrich Schnitzler, des
1720 3287 2241 3349 Dichters Sohn, aufs beste.
1795 3325 2613 3402 Als Entdeckung ist Frau Czepa in der
1724 3383 2598 3429 Rolle der Schlager Mizzi zu werten. Ein
1724 3421 2599 3471 Naturgewächs, echtester Wiener Vorstadt ent¬
1729 3455 2601 3519 sprossen. Herb und prickelnd, wie der junge
1715 3505 2608 3568 Wein von den Höhen des Kahlenberges. Ganz
1726 3554 2608 3611 famos auch Frau Rosar und Herbert
1728 3600 1956 3655 Hübner.
1799 3633 2611 3711 Ein wenig blasser das Puppenspiel
1726 3685 2604 3748 „Der tapfere Cassian“ mit Hans
1725 3726 2600 3780 Thimig, Frau Czepa und Herrn Neu¬
1730 3761 2604 3829 gebauer. Lobenswert vor allem Paul
1733 3825 2598 3874 Kalbecks kultivierte, einfühlungsstarke
1714 3855 2610 3925 Megie. Das Ganze eine Schnitzler=Renaissance,
1714 3895 2606 3972 die des Dichters große Persönlichkeit bejahte.
2438 3941 2569 4002 I. r.
