3484 4256
0 1926 83 2033 a
440 151 857 239 Liebelei
950 149 1454 267 box 12/7
289 148 885 288 3 eN
214 1191 432 1303 itung.
799 1245 3250 1374 Ineri gab den alten Geiger Weiring (Girardis letzte Rollel einen breiten Spielraum einräumen, muß langweilig wirken,
219 1306 447 1408 heater.
792 1317 3254 1409 am Burgtheater vor seinem Sterben) recht konventionell, so daß sich das Publikum nach einem abwechslungsreicheren
800 1401 3258 1458 ohne tiefere Charakteristik. Dieser sehr verwendbare DarstellerSpielplan geradezu sehnt. Es strömte am verflossenen
228 1382 759 1486 Arthur Schnitzler.—
198 1455 3254 1520 Echnitzlers kann nachgerühmtist leider dermalen ein Mann „für alles“. Herr Warbek Mittwoch in Scharen zur Aufführung von Schnitzlers
235 1466 3259 1584 z im wirklichen Leben stehen: (Theodor) und Frl. Bauer (Frau Binder) ergänzten das „Liebelei“, weil es der Operettenwüste, zu der unsere
197 1504 3260 1634 n Ausflug in das Land der Zusammenspiel befriedigend. — Dem Dialog wünschte man Schaubühne geworden, müde ist. Das müßte für unsere
813 1555 3249 1651 mehr Prägnanz, Schliff und Ausdruck. Unsere modernen Bühnenleitung ein Fingerzeig sein, der noch deutlicher wird,
221 1611 826 1690 k erstes Drama. Mit diesem
808 1606 3262 1710 Schauspieler berufen sich bei einer solchen Forderung immer wenn sie die „halben Häuser“ der Operettenwiederholungen
201 1662 829 1734 Kung wenn auch seine späteren
813 1647 3259 1751 auf den sogenannten Konversationsion, der ein lautes und in Rechnung zieht. Das Publikum hat die bedeutende, für
214 1718 820 1786 r Charakterzeichnung erkennen
812 1747 3270 1800 obsichtsvolles Sprechen nicht vertrage. Als ob es auf der manche Sitzgattungen hundertprozentige Erhöhung der Preise
212 1764 825 1850 feineren Geschmacke weniger,
803 1753 3265 1854 Bühne ein Gespräch gäbe, das durch Verschlucken des auf sich genommen; es kann deshalb auch erwarten, daß
245 1807 832 1888 gewaltsamen dramatischen
254 1807 3273 1924 „Liebelei“ ist das Trauer= Schlusses der Reden unverständlich bleiben dürfte. Der seinem Verlangen nach einem abwechslungsreicheren Spiel¬
218 1867 3092 1973 sich ganz gegeben und dafür Konversationston braucht eine leichtere Führung als die plane Rechnung getragen werde. Auch unsere kleine he
199 1912 3061 2027 nen zu haben glaubt, jedoch getragene Rede, er ist leiser und mannigfaltiger zu akzen= Bühne darf nicht ausschließlich ein öder Tummel
224 1965 3063 2068 Geliebten erfährt, daß sieknieren, aber er muß doch deutlich an seine Adresse, die leichtgeschürzten Muse sein, die auf die Dauer H
206 1974 3133 2133 esen sei. Das Stück ruht auf Zuhörer, kommen, sonst ist er nichtig. Klarheit der Redei Geist anödet sondern muß auch wieder eine Stättt
828 2049 3267 2143 ist eine Elementarforderung an jeden Schauspieler, sagtesästhelischen Geschmacks, der Bildung, der wahren Kunst¬
243 2094 838 2188 n ergreifenden Grunde, ist
813 2104 3271 2191 schon Heinrich Laube. — Das Publikum füllte alle Räume die Vermittlerin der hehren Werke deutscher Dichtkunst werden.
245 2152 836 2229 #de geführt. Es wird von
828 2144 3282 2250 des Hauses und spendete nach den Aktschlüssen lebhaften Beifall.] Darauf hat nicht nur die heranwachsende Jugend, sondern
245 2197 832 2272 eute Schnitzlers bedeutendster
2011 2201 3275 2291 alle Schichten und Kreise unseres kunstfreudigen Publikums.
212 2249 837 2329 ma der Gegenwart geblieben
2020 2270 2565 2346 sein begründetes Anrecht.
2098 2277 3218 2369 Wir nehmen an, daß unsere sonst sehr rührige un
202 2301 838 2372 enigen Schauspielaufführungen
898 2330 2052 2406 Schau= und Lustspiele können an unserer Bühne auch
202 2355 846 2416 Personalmangel recht fühlbar,
214 2401 3228 2473 Wille der meisten Darstellerl in der diesjährigen Spielzeit (wie im Vorjahre) entwederumsichtige Bühnenleitung sich dieser gerechten. Forderuy
213 2404 2693 2507 das verwaiste Liebhaberfach gar nicht oder nur unzulänglich besetzt werden. Dieses fnicht länger verschließen werde.
198 2472 2078 2581 sar als Fritz Lobheimer ein Genre der dramatischen Kunst, ist deshalb nahezu gänzlichs
208 2544 2065 2616 rlichkeit“ ist er maßvoller ge= ausgeschaltet; die wenigen Vorstellungen dieser Art in den
208 2587 2061 2667 Wohllaut und den Rolkentext verflossenen sieben Spielwochen bedeuteten in künstlerischer
204 2640 2046 2701 Aber — alles in allem —Hinsicht eine Niete und konnten nur sehr bescheidenen An¬
210 2678 2064 2773 Liebhaber, dessen Versuchsfeldl forderungen genügen. Eine rühmliche Ausnahme davon
210 2731 2060 2814 . Die kleine nur aus wenigen machen nur die Aufführungen des „Weibsteusel“ und des
196 2784 2072 2864 hwichtige Rolle „Ein Herr“ Roseggerschauspiels „Am Tage des Gerichts“. Diese beiden
185 2852 2065 2905 Troppau mit dem vollen Ein= Stücke konnten in den Hauptrollen und mit Herrn Grünau
185 2891 2061 2973 Frl. Marbach findet wenig als Gast gut besetzt werden. Sonst beherrschte die Operette
193 2942 2046 3030 n Schau= und Lustspiel haben,lausschließlich den Spielplan und das Publikum kommt gar
195 2992 2063 3064 eine brave Leistung und erhob nicht in die Lage, die Neuerscheinungen auf dem Gebiete
194 3037 2062 3114 klicher Höhe. Für Ausbrüche des Schau= und Lustspiels kennen zu lernen. Wenn es der
200 3082 2069 3166 Marbach immer echte Töne, Direktion nicht gelingt, durch Heranziehungen von Gästen
244 3134 2067 3187 in diesem Akte unmöglich, (das Engagement eigener Kräfte dürfte im gegenwärtigen
198 3163 2069 3265 Frochter, deren Schönheit und Stadium der Saison wohl nicht mehr möglich sein) eine
192 3239 2061 3314 nder rühmt — von besonderen Aenderung herbeizuführen, so erwartei uns noch durch volle
200 3263 2076 3366 a(Mitzi) spielte das leichte Wie= sechs Monate die ununterbrochene Pflege des ermüdenden
202 3326 2063 3408 koder anerkennt, vortrefflich. Sie Operettenkults. Das ist ein Zustand, von dem die Franzosen
201 3389 2077 3458 Verstand, Herz und Laune mit, Isagen: tous les genres sont bons hors le genre ennuyeux.
210 3406 2097 3530 Darstellungskunst. Herr Röß= Und die ausschließliche Pflege der Operette, der wir ja gern
