3344 4256
383 238 768 307 Liebelei
211 224 1355 325 5.— box 11/2
1801 2554 1850 2611 141
1746 152 2466 192 an intriaie wit a manrie
1748 186 2486 226 hahn #nes und arer herseif 1
1742 209 2483 260 M wrheng renerge. und ##e is Kanteless
1735 239 2485 292 de Freshes und gimMicir #e somer
1738 271 2479 336 hnrer l ineche bas ever
1736 313 2001 368 Kscgrne Muse.
1889 366 2324 432 ihr Husband #alls.
1757 413 2502 486 ihe Mdet e u purtr which Friz
1733 461 2487 518 und les Krietuk Pacere ur Eiwing 10
1720 494 2501 566 Chriseene nitet Der Crswie Mitzh## worhltr
1715 544 2491 606 Httte milliner, de Pritsle Apaminent. he
1741 580 2494 648 Sadcnt is Mtrprised br & call fronthe
1719 632 2491 696 hueband os ch woman, und While cher
1739 672 2481 736 zirts ard burried inte unocher ocm cheri
1734 712 2212 784 i# a Cäallenge Tor a url.
1767 751 2500 815 nt all he dr uc frat ae.
1740 797 2509 849 e Reentuch rie wune At. Curiskins s
1725 842 2461 903 une  bie Dei Tanewell. Pe is om Hir
1748 877 2501 937 way ## Kmbeting wich ehe kushamg ot
1722 919 2500 976 ün woma: #r schich e# course. slc
1742 956 2505 998 Anowe nothing. and in dhe epurm af her
1738 983 2504 1029 presenen forcer ha Treodore is waitige
1742 1021 2494 1058 tonhin##t The Moer umtil the Iatier runs
1748 1043 2506 1106 #b # teür him Trom euh urms of the girl
1743 1084 2370 1132 teschom ie ie Awegring his Iove.
1761 1098 2496 1158 In the third and Jast act Chrigtine 18
1748 1139 2507 1191 alone in her Rome. Fritz has been gond
1744 1187 2510 1226 Tor ##wo days and she is in a toment of.
1737 1214 2509 1255 apprehension. Her eid father Coines to
1744 1242 2509 1297 her. De has divineel her serret and
1753 1280 2491 1319 feerned the truth. De i#rring wainig
1746 1318 2497 1365 ## prepare her für the,worst, uhen Thea¬
1747 1344 2510 1403 Hore quietig enters the shabby littie
1812 1391 2482 1454 Christing Hiesto him for news of
1886 1449 2499 1493 ut he is silent and embarrassed.
1780 1447 1867 1490 ritz,
1867 1470 2502 1518 e lighis At length upen is cos¬
1898 1515 2496 1553 d in ihe dim liaht she sces thht.
1939 1546 2480 1583 gompiete mourning. Fritz is
2027 1579 2494 1619 #esilently bows hie head.
2109 1602 2489 1665 In had an Mechdlent—
2131 1658 2491 1718 streat scene in tie
2149 1701 2485 1750 he rent han been
2174 1733 2486 1781 half crazed wirh
2190 1767 2497 1816 t, stands in the
2191 1804 2383 1845 codore in
2195 1833 2498 1883 entered, grimly
2175 1858 2481 1910 he whole stoty is
2273 1897 2384 1944 ld fatl
2378 2424 2484 2479 isoler.
2417 2471 2491 2525 han,
2422 2762 2486 2816 ried
2425 3067 2512 3115 vor,
2413 3100 2475 3151 ry.
2402 3133 2458 3183 1
2362 3165 2480 3216 in. I
2078 3192 2319 3237 le reckoning.
2064 3223 2513 3276 ey as Christine gave
2051 3260 2499 3297 of her very considerable
2051 3296 2508 3334 as an adinirable picture
2018 3327 2513 3373 tenderness in the first and
1938 3360 2506 3397 ts, and in the last scene she
1935 3395 2508 3436 leights of emotional acting, or
1917 3419 2494 3468 gedy. withont in the least losing
1917 3454 2492 3491 of herself. She was slightly
1909 3484 2500 3529 last night and will undoubtedly
1907 3503 2523 3575 as the play passes out of the
1903 3545 2143 3593 ental stage.
1938 3559 2506 3627 Rankin gave a naive interore¬
1962 3607 2503 3651 he sephisticated little milliner
1998 3649 2504 3688 ean and Robert Conness
1987 3673 2501 3715 to the demands of Fritz and
1991 3713 2498 3756 espectively. George Heury
1902 3739 2513 3780 was an excelient old man. As
1864 3776 2515 3816 ather of Christine his acting was
1853 3806 2526 3858 vmodulated and disclosed moments
1829 3837 2207 3884 undoubted strength.
1803 3861 2522 3913 Albert Bruning made a fine impression
1772 3891 2521 3945 in bis brief appearance as the aggrieved
1763 3938 2504 3983 husband, and Sarah M-Vickar did the
1761 3960 2515 4010 ###racter part of Mrs. Catherine Binder
1773 4001 2153 4052 with taste and sEill.
