3436 4192
392 129 682 199 iebele
1005 133 1170 221 X 1
997 1305 1195 1362 1. Oesterr.
727 1303 1332 1405 ERDEN benördt. kons.
626 1368 1313 1425 Gro für Zeitungsnachrichten
607 1399 1342 1461 WIEN I, WOLLZEILE 17
781 1469 1379 1551 Krdkühe: Neueste Nachrichten
537 1540 596 1615 5
825 1608 1282 1693 •ZAPR. 933
825 1698 1012 1760 Liebelei
512 1731 589 1786 S
709 1750 1152 1820 Prinzeßtheater
476 1797 1478 1860 Nach dem bekannten Schauspiel Arthur. Schnitz¬
408 1831 1458 1895 Lansschrieben Hans Wilhelm und Kurt Alexan¬
416 1884 493 1928 der
570 1881 1455 1941 Manuskript für den Film, der, dank seiner
580 1921 1448 1962 Wandlungsfähigkeit, die Konzentration des
607 1960 1448 2016 amas aufgeben kann und, wie es in solchen
630 2003 1448 2051 eschehen pflegt, die Handlung in eine Reihe
595 2042 1440 2084 den zerlegt. Es bedeutet eine Verschiebung
414 2074 1450 2133 der Akzente, wenn etwa „der Herr“ des Dramas
404 2114 1446 2154 scharf umrissen zum Baron Eggersdorf wird, wenn
417 2151 1451 2204 seine Frau, bei Schnitzler nur schicksalhaft erwähnt, im
409 2193 1434 2236 Film selbst in die Handlung eingreift, die außerdem
427 2233 1441 2272 uf einen Konflikt zwischen Militär und Zivil zu¬
395 2269 1447 2318 gespitzt wird. Anderseits hat es der Regisseur, Max
402 2302 1446 2365 Ophüls, ausgezeichnet verstanden, die feine,
395 2346 1448 2389 schwebende Stimmung, den Wiener Unterton festzu¬
394 2386 1451 2445 halten. Mit Bedacht sind junge Darsteller gewählt
404 2426 1447 2489 worden, die noch nicht in Routine erstarrt sind: Die
404 2474 1455 2521 Christine spielt Magda Schneider schlicht und mit
406 2513 1465 2555 Verschlossenheit. Luise Ullrich gestaltet den Gegen¬
406 2548 1462 2596 satz, die erfahrene, das Leben genießende Mizzi
402 2595 1465 2642 Schlager, mit starkem Eindruck. Wolfgang Lieben¬
404 2621 1461 2687 einer gibi den Fritz Lobheimer verträumt, Willi
418 2666 1462 2712 Eichberger den opferbereiten Freund. Gustav
413 2691 1455 2749 Gründgens ist undurchdringlich in der Maske des
411 2742 1446 2789 Barons Eggersdorf, und Olga Tschechowa, das
409 2786 1453 2829 „dämonische Weib“, läßt alle Künste der Verführung
404 2814 1454 2872 spielen. Liebevoll zeichnet Paul Hörbiger die Gestalt
415 2854 1453 2909 des alten Kammermusikus Weiring nach, und Paul
402 2895 1461 2946 Otto ist der vollendete Kavalier der alten Zeit. Ein
412 2930 1458 2978 besonderer Reiz des neuen Films ist die ausgezeichnete,
412 2972 1479 3038 vielfach neue Wege gehende Photographie von Franz)
413 3012 629 3077 Planer.
2410 611 2635 669 I. Oesterr.
2048 629 2746 707 BSERVER benerel. konz.
2017 685 2753 741 Büro für Zeitungsnachrichten
2024 711 2760 782 WIEN I, WOLLZEILE 11
2076 813 2846 901 Wienerwaldpost Mödling
1958 872 2035 952 3
2274 875 2569 965 2.4.1935
1929 1068 2748 1114 Liebelei. Ein Lur Film der Glite Tansier
1873 1083 2766 1164 produktion RegierMe Ophüls. ) Arthur Schnitz¬
1870 1136 2788 1192 lers Schauspiel, das in der Entwicklung des Wie
1868 1173 2782 1235 ner Theaters eine Umwälzung hervorgernfen
1879 1219 2777 1276 hatte und mit einer Gestaltungskraft ohnegleichens
1889 1256 2774 1313 Probleme aufrollt die, wenn auch einer vergan¬
1867 1284 2781 1344 genen Zeit angehörend doch auch heute noch dies
1880 1330 2834 1382 Gemüter bewegt, hat dieser Tage, sowohl im
1877 1371 2776 1420 Theater als auch im Film Wiederauferstehung ge¬
1889 1408 2771 1463 feiert. Wenige Verfilmungen eines Schausvieles
1871 1444 2783 1499 werden so uneingeschränkte Anerkennung finden
1877 1477 2774 1526 wie diese. Schon die einleitenden Szenen die in
1872 1510 2773 1568 der Hofoper der Vorfriegszeit spielen, sind ein
1876 1565 2781 1618 Meisterwerk feinster Regiearbeit. Wie hier die
1878 1604 2784 1650 Atmosphäre der ehemaligen Wiener Elite= und
1882 1642 2771 1687 Hofgesellschaft, die erwartungsvolle Theaterstim¬
1877 1674 2775 1733 mung festgehalten snd das it dem Regisseur Ma#
2509 1712 2717 1757 Tgnn gibt
1892 1717 2496 1774 Ophüls gamz wrächtig eelnegen.
1874 1740 2786 1800 Bilder von packender Schönheit wie die Schlit¬
1890 1784 2778 1841 teufahrt durch den winterlich verschneiten Wald.
1884 1831 2789 1875 und wieder solche die einem die Augen feucht
1882 1867 2791 1917 werden lassen, wie der Besuch des jungen Leut¬
1889 1892 2788 1958 nant Fritz bei Christinens Väter. Wie er hier in
1891 1939 2790 2003 diesen ärmlichen Räumen sich immer und immer
1888 1981 2781 2032 wieder umsieht, dieses Festklammern mit den
1888 2019 2781 2082 Augen an den kleinsten Kleinigkeiten des gelieb¬
1887 2047 2795 2108 ten Zimmers, dieses Sich=nicht=losreißen=können
1896 2117 2794 2167 ist neben dem genialen Regieeinfall auch eine
1897 2159 2800 2224 Glanzleistung des Darstellers und überhaupt einer
1891 2195 2800 2263 der Höhepunkte des Werkes. Noch einige Szenen
1888 2237 2810 2293 gibt es, für die wir Regie und Darstellung Dank
1892 2287 2797 2330 wissen. Die Duellszene z. B in der alles Krasse,
1883 2320 2824 2368 alles Aufdringliche mit feigem Taktgefühl ver¬
1899 2348 2814 2413 mieden wird, um nur die atemlose Erwartung
1890 2393 2807 2457 zweier angsterfüllter Herzen allein zu uns spre¬
1900 2429 2805 2486 chen zu lassen und dann die reizende, so recht
1898 2464 2809 2520 mit wienerischer Wehmut erfüllte Kaffeehausseene
1904 2505 2799 2564 Die Darstellung steht der Regie nicht nach was
1894 2545 2818 2603 bei Schauspielern wie Paul Hörbiger, Magda
1899 2586 2801 2640 Schneider, Luise Ullrich und viele andere selbst¬
1896 2618 2800 2682 verständlich ist. Wenn auch Magda Schneiders
1895 2653 2799 2717 Christine nicht so wienerisch wirkt, wie wir sie
1905 2698 2806 2758 uns gerne vorstellen, so ist sie doch so reizvoll und
1902 2733 2810 2787 zart gezeichnet, daß wir uns versöhnt, gerne mit
1909 2782 2805 2837 dieser Auffassung zufrieden geben. Die Rolle des
1897 2804 2808 2871 Kammermusikanten Weyring ist im Film leider
1904 2845 2809 2912 etwas stiefmütterlich bedacht, so daß Hörbigers
1905 2900 2810 2942 Fähigkeiten diesmal nicht ganz zur Entfaltung
1898 2934 2802 2992 kommen Eine Glanzleistung bietet Gustav Gründ¬
1903 2964 2808 3024 gens als altösterreichischer Kavalien und Aristo¬
1899 3005 2808 3071 krat, ebenso Paul Otto, dieser feine, vielseitige
1913 3049 2813 3098 Schauspieler, der bisher noch in jedem Genre der
1907 3071 2822 3144 Maskenkunst vollendet war. Ein wenig unfertig,
1909 3126 2802 3182 doch große Begabung versprechend war die Dar¬
1910 3157 2808 3219 stellung des Leutnant Fritz durch den jungen
1915 3181 2818 3245 Wolfgang Liebeneiner, der leider vor kurzem ge¬
1901 3240 2809 3280 legentlich einer Außenaufnahme zu diesem Film
1906 3273 2805 3329 verunglückte und schwer verletzt wurde. Luise Ull¬
1908 3325 2805 3381 rich ist eine lustige Mitzi Schlager, Olga Tsche¬
1907 3340 2808 3408 chowa eine faszinierende Baronin Gagersdorff und
1910 3383 2810 3435 Willi Eichberger ein zwar recht fescher, aber doch
1914 3419 2816 3492 etwas zu farbloser Obltn Kaiser. Alles in allem
1920 3457 2804 3518 ein Film. der eine wertvolle Bereicherung des der¬
2680 3494 2823 3568 Swit.
1918 3507 2538 3569 zeitigen Kinorepertoires bringt.
