3436 4352
464 145 816 228 iebelei
1061 150 1357 242 K 10/
260 148 840 273 5. LieseIeT
185 506 716 596 er Kolrungen eine Besse¬
1945 506 2398 592 ließ. Im Widdiner Luge¬
2579 511 2937 604 nj
3008 519 3180 599 ie mit
715 528 1943 615 bercito gemerbet, zum 4. Regiment der Tiroler Kaiser=Jäger versetzt
196 575 718 641 hatsbahn=Aktien begegneten
1936 566 3176 635 ihrem Humor die unglücklichen Krieger trösteten, ihnen Zuversicht
704 591 3178 674 wurde, wird nach Linz i Garnison kommen und ein Bataillons= und Muth einflößten. Im Vorjahre wurde Kaminek plötzlich von
3072 688 3171 760 1
197 735 707 811 genen Frau Mama eilt, das
709 738 1928 813 dungen, einem Selbstmord am Anfang und einer Scheidung am
1934 738 3159 831 im quartier latin. Fritz hat zwar auch eine Beziehung zu einem un¬
715 802 1925 860 Schluß, und dabei doch ein Tugendstück. Das mache dem Italiener
198 796 708 875 udermann=Styl spielen; das
1938 806 3163 873 heimlichen schwarzen Sammtkleide, das verheirathet ist, aber er „erholt
723 851 1926 909 Einer nach, innerhalb einer halben Stunde, und ohne alle Gezwungen¬
1946 851 3165 927 sich“ jetzt auf Theodor's Rath, der sich schon besser auskennt, bei der
198 865 711 967 so spielen, denn der ist von
717 902 1924 962 heit!... Das Ehepaar heißt Paul und Anna. Der nothwendige
1929 900 3164 973 harmloseren Musikustochter Christine. Theodor geht mit einer Ex¬
197 943 713 1006 Jahrhunderts. Er sieht aus
707 947 1922 1022 „Dritte“ heißt Ludwig, der tritt aber nicht auf, denn er hat sich schon
1928 950 3156 1016 Modistin Mizi. Das Quartett dieser vier Leutchen im ersten Aufzug
193 996 709 1055 die Luft, in der er lebt, er
720 997 1926 1046 vor Beginn des Stückes in London erschossen. Aus unerwiederler
1928 989 3162 1055 ist von ganz wienerischer Gemüthlichkeit. Umso mehr, als es keine
201 1039 711 1107 st ein belasteter Organismus
712 1037 1927 1117 Liebe zu Anna, wie Paul den durch den Konsul eingesandten Briesen
1935 1047 3157 1119 Konsequenzen haben kann. Liebelei, das ist ja erolische Konsequenzen¬
206 1095 710 1151 will, kann man ihm etwas
710 1089 1926 1162 entnimmt. „Ich liebe nur meinen Gatten!“ schrieb sie ihm. Paul
1935 1103 3160 1157 losigkeit. „Gefragt wird nicht,“ sagt einmal Fritz, „das ist ja das
718 1144 1924 1208 könnte nun ungefähr zufrieden sein, aber da fängt er an zu brüten.
202 1135 719 1210 nachweisen. Das ist so recht
1942 1143 3161 1219 Schöne dabei.“ Man unterstützt sich gegenseitig im Pflücken des
207 1183 717 1251 so hat er ihn auch gespielt.
712 1181 1925 1258 Jener Todte steht nun zwischen ihm und ihr, als das Ideal, als der
1938 1189 3169 1273 Augenblicks und fragt „im Mai nicht nach dem August“, wie Mizi
723 1233 1929 1304 Geliebte. Andere Verdachtsgründe finden sich, seine Eifersucht
191 1238 714 1300 ken Allmächtigen. Nicht als
1936 1252 3167 1315 sehr richtig erklärt. In jenen gemüthlichen Abend bei Fritz, mit
200 1286 710 1350 Nervenleidenden mit allen
717 1285 1923 1358 rührt unzart an die Tadellose, seine Reue noch unzar¬
1929 1292 3170 1353 Vöslauer Ausstich, Rosen, Klaviergeklimper und Brüderschaftküssen
195 1335 709 1397 ständen. Dazwischen lichte,
717 1330 1917 1403 ter, und seine entschädigende Zärtlichkeit wird unerträglich.
1930 1331 3170 1411 tritt plötzlich der Gatte jenes schwarzsammtenen Kleides. Fritz muß
193 1377 703 1450 unnachahmlichen Königlichkeit
719 1389 1935 1453 Anna schleudert ihm das Geständniß ins Gesicht: „Ja, ich
1929 1397 3157 1441 sich mit ihm schießen und fällt. Christine geht ihm verzweifelt
189 1436 705 1489 nem Throne gehabt, wie er
719 1425 1919 1493 habe ihn geliebt!“ Sie war ihrem Gatten, dessen Seele
1931 1439 3156 1494 in den Tod nach. Das ist die ganze Handlung von drei Akten. Und
204 1482 714 1546 osa mit fast väterlicher Kritik
707 1468 1922 1540 tief unter der ihren steht, treu bis in den Tod ... ihres Geliebeen.
1923 1487 3161 1560 dennoch hat das Stück sehr angesprochen. Das machte der natürliche
719 1526 1926 1584 Nun aber, da er auf die Rechte des Gatten pocht, pocht sie auf die
222 1530 708 1603 Herr Mitterwurzer hat
1933 1530 3155 1618 Ton von stark lokaler Färbung; die Leutchen sprechen wienerisch, so
722 1578 1925 1655 Rechte ihrer Seele. Empört weist sie ihn zurück, entrüstet weist er
230 1570 719 1645 hätte Monarch werden
1931 1587 3165 1635 gut die Schauspieler es herausbringen. Dann der Schein von Wirk¬
196 1617 710 1696 fung, derselbe gedämpfte
705 1626 1920 1693 1 die Thür. Mit Wonne geht sie, auf ewig, und läßt den nun Ver¬
1927 1633 3155 1709 lichkeit, der auf dem ganzen Treiben liegt; die Szenen haben etwas,
205 1680 709 1749 e leidenschaftliche Szenen.
711 1675 1923 1742 zweifelten allein ... Ehebruch mit dem Jenseits, das ist die neue
1939 1682 3155 1756 was jeder Zuschauer jeden Tag mitmacht. Dann aber das rührend
200 1720 705 1795 gin, wo kaum ein lautes
716 1727 1928 1787 Pikanterie des alten Themas von der unverstandenen Frau. Psycholo¬
1939 1733 3152 1803 Poetische in den einfachen Liebesgeschicken Christinens. Fritz ist ihre
203 1773 707 1834 and an sie legt. Da ist er
709 1777 1921 1847 gischee Seiltanz auf der scharfen Schneide zwischen zwei Welen.
1935 1787 3163 1855 erste und letzte Liebe. Anspruchslos, ein Kind der Wiener Natur,
200 1822 717 1888 in krampfhaften, lähmungs¬
717 1823 1927 1881 Rechte der Seele? Als ob sie vor dem Altar nur ihren Körper und
1929 1831 3154 1892 schenkt sie sich ihm für ewig und erwartet als Gegengeschenk ihn,
717 1869 1924 1936 nicht auch ihre Seele mit ihm verheirathet hätte. Freilich, es spielt
189 1870 718 1949 nig Philipp gewiß niemals
1922 1886 3156 1924 wenn auch nur für einen Augenblick. Das liegt so in der Luft ihrer
199 1923 706 1985 berde gespielt worden. Der
708 1921 1924 1994 1 das alte, ewige Unrecht darein: die Rücksichtslosigkeit des Rechtes.
1928 1922 3156 2001 Schichte. Diese armen Leute haben nur den Augenblick sicher; sollen sie
198 1964 708 2042 cher Willensmensch, der noch
708 1974 1915 2039 ] Paul hat keinen Sinn für die Freude, als Geschenk zu erhalten, was
1932 1976 3160 2054 ihn „zum Fenster hinauswerfen“? Sie genießen ihn frischweg, wie Südsee¬
197 2013 710 2089 oderne pathologische Studie
718 2018 1922 2081 er als Steuer eintreiben darf; nach Goethe zu erwerben, um zu be¬
1933 2018 3154 2082 Insulaner des so und so vielten Bezirks. Und ihre Alten haben nichts
194 2069 701 2133 Stung, wie man schon lange
715 2069 1916 2127 sitzen, was von Rechtswegen ohnedies ihm gehört. Paul ist eine
1929 2086 3160 2147 dagegen. Christinens Vater, ein braver Mann, sagt: „Was hat denn
189 2111 714 2184 eshalb aus dem intensiven
714 2119 1920 2189 Dutzendseele, Anna eine ... wie sage ich nur rasch? eine Soloseele.
1929 2126 3160 2202 so ein armes Geschöpf schließlich von dem ganzen großartigen Bewußt¬
198 2162 711 2229 ige nicht ähnlich gespielt
715 2165 1924 2243 Aber darum Zweimännerei, mit einem Leibesgatten und einem
1927 2172 3149 2227 sein ihrer Tugend, wenn schon — nach jahrelangem Warten —
190 2207 710 2280 iht, daß diese Inkongruenz
715 2221 1918 2279 Seelengemahl? Es ist ein absurder Einzelfall, problemartig aus¬
1923 2228 3160 2296 richtig der Strumpfwirker kommt?“ Er sagt es nämlich zu
709 2268 1915 2326 gesonnen, aber allerbings mit viel wahren, nur zu wahren Zügen aus
187 2258 709 2332 at wenigstens etwas Neues
1931 2277 3156 2342 einer Strumpfwirkersgattin. Und er hat einmal eine Schwester
206 2315 704 2376 Wider getreulich wider, so
712 2310 1922 2383 den Zweiseelenverhältniß, vulgo Ehe. Gespielt wurde das Stück
1930 2325 3149 2401 bei sich gehabt, jahrzehntelang, und gut auf ihre Tugend ge¬
196 2350 716 2433 ölle brät und im siebenten
706 2361 1915 2424 außerordemlich. Frau Hohenfels gab die Anna mit einer
1926 2377 3154 2439 achtet, „als ihr Schützer, ihr Retter“ ist er sich vorgekommen.
197 2412 713 2488 bst, der ihm die allerbeste
712 2410 1915 2472 Reinheit, daß der Gatte Unrecht haben mußte. Und mit einer
1931 2420 3147 2490 Und sie wurde immer älter, eine uralte Jungfer mit einer
192 2452 525 2536 Enenlose Brief zu:
715 2465 1912 2520 plötzlich losbrechenden Leidenschaft, daß für ihn nur die Vernichtung
1922 2463 3162 2531 uralten Tugend im Leibe und einem stillen, immer stilleren Lächeln
715 2517 1919 2576 blieb. Herr Hartmann war der Gatte, der auch schauspielerisch
192 2485 705 2577 mplimente.) ... Aber ganz
1921 2507 3152 2592 auf den Lippen, jenem gewissen Lächeln, das ein donnernder Staats¬
205 2554 709 2625 Philipp. Da kann man
713 2564 1914 2622 ein schweres Leben hat; aber er ist solchen Schwierigkeiten gewachsen.
1926 2561 3157 2625 anwalt ist. Und dann starb sie und ... „ich hätt' mich am liebsten
192 2603 717 2671 ehler zu Gunsten auslegen
816 2613 1921 2680 Das zweite Stück des Abends war Arthur Schnitzler's
1919 2620 3153 2692 vor ihr auf die Kniee niedergeworfen, um Verzeihung bitten, daß ich
196 2650 706 2730 Mitterwurzer's war einsach
1932 2660 3154 2715 sie so gut behütet hab' vor allen Gefahren und . . . vor allem Glück“.
719 2644 1919 2727 dreiaktiges Schauspiel: „Liebelei“. Der junge Dichter, ein Sohn
189 2700 706 2773 t. Ein geflickter, Lumpen¬
1926 2701 3155 2779 Das ist die schlichte Tragödie Derer, die nicht die Mittel haben, sich
713 2715 1919 2773 unseres zu früh verstorbenen Landsmannes Professor Johann Schnitzler,
211 2757 703 2824 Allgemeinen. Ich konnte
709 2763 1915 2812 ist praktischer Arzt, aber nicht minder praktischer Novellist und Drama
1923 2766 3160 2849 Tugend zu gönnen. (Herr Sonnenthal spielt den Alten sehr
231 2797 698 2867 einem Berliner Possen¬
709 2805 1922 2879 tiker. Seine Novelle „Sterben“, die nur ein Arzt schreiben konnte, hat
1920 2806 3145 2881 gut.) Christinens Tugend ist nur anderer Art; sie zahlt mit Selbst¬
199 2856 703 2918 Fuquisition, es sollte mir leid
717 2868 1911 2917 viel Eindruck gemacht. Sein Schauspiel: „Das Märchen“ hat im
1921 2846 3161 2934 aufopferung. Aber sie ist schwer geprüft. Im letzten Akt, dem besten,
221 2899 706 2973 auf die Audienzszene, in
715 2908 1918 2972 Deutschen Volkstheater durch Unumwundenheit in Ehesachen Aufsehen
1926 2907 3157 2953 der im Zuschauerraume manche Thräne fließen machte, vertheidigt sie
206 2942 707 3028 herrlich. Da ich Künstler
1927 2960 3161 3025 die Würde ihrer Liebe. Fritz ist für eine Andere gestorben, ist seit
705 2960 1915 3027 erregt. Schnitzler ist hochmodern. Er kennt kein Pathos, eher noch die
1926 3011 3163 3080 zwei Tagen todt, ja begraben, und sie erfährt es erst jetzt. Mit der
707 3020 1926 3085 französische Phrase, die als Paradoxon herbeigetänzelt kommt. Im
1928 3058 3150 3134 einfachsten, unwiderstehlichen Sophistik des Herzens widerlegt sie
193 3029 704 3126 atte seinen äußeren Erfolg
708 3064 1908 3113 „Märchen“ führte sie ein ganzes Ballet von Epigrammen auf, in „Lie¬
1929 3095 3142 3149 Schlag auf Schlag die konventionellen Leute, die das vom Stand¬
207 3099 702 3168 Man gab zwei nagelnene
710 3104 1914 3177 belei“ gibt sie sich mit einigen Entrechats zufrieden. Dabei ist Schnitzler
1928 3147 3144 3220 punkt „nur der nächsten Verwandten und Freunde“ selbstverständlich
205 3156 694 3223 er Seele“ von dem hoch¬
696 3144 1918 3231 unlengbar Poet; die Hauptsachen in seinem Stücke kunn ein Nichtpoet
1921 3207 3143 3269 finden. Als ob nicht sie der nächste Verwandte und Freund ge¬
197 3195 707 3278 ppe Giacosa wühlte
709 3202 1918 3260 nicht machen. Das Milien, das er schildert, ist eine untergeordnete
1920 3256 3148 3301 wesen wäre. (Fräulein Sandrock spielt das ergreifend.) Dann
206 3251 698 3321 den Kopf gestellte Psycho¬
714 3262 1923 3308 Lebemännerei. Fritz und Theodor sind, laut Theaterzeitel, „junge
702 3304 1924 3356 Leute“ und treiben es danach. Der Eine hört noch Vorlesungen,
1921 3297 3161 3389 kann nichts sie halten, fort ist sie. „Sie kommt nicht wieder, sie kommt
203 3298 710 3366 iger voll Wahrheit, denn
1921 3364 2862 3428 nicht wieder,“ jammert der Vater. Der Vorhang fällt.
203 3343 710 3412 otzdem ein regelrecht gefügter
710 3351 1907 3418 der Andere hält vor dem Rigorosum. Es ist nicht die grande
209 3401 701 3484 ück mit einigen starken Wen¬
685 3382 1947 3467 I galanterie, der sie sich ergeben haben; mit einem Fuß stehen sie noch
