3436 4352
409 129 600 201 Lieb
215 119 1343 241 5. Lazerlei bos 10/1
917 942 1864 1025 Veunpes metset und Hulouniturggnjal.
1681 973 2641 1049 Oldenburg, 12. Jan. (Telegr.) Die Groß¬
636 1004 1635 1063 aß der General Navarro y Arizon den Führer der
628 1029 2634 1102 Aufständischen Maceo auf seiner Flucht in Brigonnasherzogin hatte eine schlaflose, unruhige Nacht in
632 1110 2646 1158 erreicht und geschlagen habe. Die Insurgenten! Folge vieler Schmerzen und anderer Leiden. Es ist
1641 1134 1829 1200 S nen
616 1154 2657 1267 Feeulieder, lyrische Weisen erfüllen die von sanftem! Berechtigung ihres Engagements nicht unbegründet.
1650 1207 2643 1275 Frl. Schacko brillirte wiederholt mit ihrem wunder¬
634 1250 1639 1306 Mondlicht durchflutete Luft, liebliche Geister von Fleisch
1642 1252 2656 1323 baren Pianissimo. Herr Dr. Lubwig Rottenberg
629 1275 1643 1343 und Bein, kleine Teufel und Gnomen, von Frau Alice
1645 1288 2655 1351 hatte die Première mit viel Liebe und Sorgfalt ein¬
631 1318 1636 1370 beschworen, brechen aus blühenden Büschen und hinter
1651 1343 2651 1395 studirt. Das Orchester hielt sich unter seiner Leitung, so weit
638 1354 1637 1406 den Baumstämmen hervor und quälen den geängstigten
1644 1361 2658 1434 sich das überhaupt nach einmaligem Hören beurteilen
642 1393 1635 1461 Falstaff weidlich in derber, echt shakespearischer Weise.
1646 1397 2646 1464 läßt, vortrefflich. Die Regie führte Herr Brandes
646 1433 1646 1493 Eine phänomenaler Chor von wunderbarer, dynamischer
1655 1442 2669 1512 mit Umsicht, seinem Verdienst ist wohl auch das möglichst
648 1475 1649 1527 Wirkung schließt das interessante Werk, das sich trotz der
2472 1485 2629 1534 P.H.
1655 1491 2293 1573 filgerechte Arrangement zu danken.
649 1505 1660 1580 „Lustigen Weiber von Windsor“ eine dauernde Stellung
1737 1506 2646 1586 Schauspielhaus. „Liebelei“, Schauspiel in
655 1548 1653 1610 im Repertoire erobern dürfte. Das Premièrenpublikum
1655 1560 2666 1635 drei Akten von Arthur Schnitzler. Die französische
651 1596 1646 1658 äußerte seine Freude nicht gerade tobend, aber eine kleine
1665 1603 2660 1667 Sprache hat für die Abart der Liebe, bei der von der
644 1628 1650 1683 Pmnskalisch empfindende Gemeinde akklamirte lebhaft und
1651 1636 2651 1711 großen, wahren Empfindung nichts zu verspüren ist, und
652 1668 1649 1721 brachte es nach jedem Akt zu einem mehrmaligen Heben des
1661 1681 2654 1746 an Stelle der Tiese und Innerlihkeit Flachheit und
652 1705 1653 1770 Vorhangs. Die Aufführung machte der Würde des Instituts,
1654 1729 2663 1784 Spielerei getreten sind, einen bezeichnenderen Ausdruck,
651 1745 1649 1822 die in letzter Zeit oftmals eine kleine Schlappe erhalten hat,
1652 1766 2663 1833 wie die deutsche. Sie nennt solche Zustände, in denen sich
651 1784 1654 1847 olle Ehre. Herr Dr. Pröll gab die Titelrolle und
1657 1797 2663 1863 das große Gefühl statt in Gold in Scheidemünze aus¬
663 1822 1659 1886 zwar gesanglich und darstellerisch in einer hoch auer¬
1658 1832 2658 1910 gibt, „amouren“ und bezeichnet damit prägnanter, denn
666 1862 1649 1921 kennenswerten Weise. Die Vorzüge seiner stimmlichen
1659 1889 2672 1941 in dem Worte „Liebelei“ liegt etwas Harmloses, absolnt
667 1898 1661 1960 Ausbildung, die geschmackvolle Art den Ton auszu¬
1656 1913 2668 1988 nicht ernsthaft zu Nehmendes, während „amouren“ nicht
665 1944 1663 2002 spinnen und zu halten, sein fein pointirter, musterhaft
1668 1955 2658 2021 gänzlich des Begriffes einer wärmeren Empfindung ent¬
659 1974 1660 2056 dentlicher Vortrag und nicht zuletzt die Wahl seiner
1669 1985 2673 2062 behren; als deutsche Bezeichnung würde mir das allerdings
660 2022 1663 2078 charakteristischen Maske à la Grützner vereinigten sich,
1669 2033 2665 2097 nicht sehr edle Wort „Liebschaften“ richtiger erscheinen.
668 2057 1661 2130 den in jeder Weise mit köstlichem, derben Humor ge¬
1661 2065 2669 2138 Liebschaften sind es, auf deuen Schnitzler, ein junger
671 2091 1667 2161 schilderten Helden eindrucksvoll wiederzugeben. Die
1669 2110 2673 2177 Dichter, der in den letzten Jahren infolge seiner litterari¬
667 2130 1653 2198 komische Gravität und die ruhige, bei dem Künstler
1659 2143 2675 2213 schen Arbeiten viel besprochen wurde, sein dreiaktiges
670 2175 1655 2249 seltene Gemessenheit seines Ganges dienten natürlich
1667 2182 2681 2250 Schauspiel, eigentlich Trauerspiel, aufbaut. Fritz Lob¬
666 2210 1667 2276 auch zur Vervollkommnung des Gesamtbildes, nicht thaten
1665 2229 2677 2290 heimer und Theodor Kaiser sind zwei „junge Leute“, die
661 2248 1672 2309 dies die plastischen Bewegungen seiner eleganten weißen
1667 2264 2677 2340 anscheinend viel Geld haben, elegant wohnen und ihr
664 2292 1667 2362 Hände. Ein Scenenapplaus wurde dem Sänger
667 2317 2675 2399 Pröll bei dem Vortrag „ja schon als Page des Herzogs Dasein als Lebemänner genießen. Theodor „Dori“, wie
1670 2347 2668 2413 er genannt wird, ist das Protolyp eines harmlosen, ge¬
665 2380 1666 2429 von Norfolk". Einen solchen bekam auch Herr
1670 2379 2681 2465 mütlichen, jungen Wieners, um den man am liebsten eine
670 2405 1668 2478 [Nawiasky, der den „Ford“ mit prachlvoller, aus¬
1671 2423 2672 2505 große 0 machen möchte, weil er als Individualität nicht
666 2447 1666 2530 giebiger Stimme sang und diese besonders in der Nachescene
1682 2480 2677 2531 im geringsten interessirt. Mehr Farbe und ausgesprochene
672 2491 1666 2564 entfalten konnte. Herzerfreuend wirkte auch die Einigkeit,
1669 2504 2681 2563 Persönlichkeit hat der „Herr Fritz“, er liebt dämonische,
666 2533 1672 2584 I mit der sich unsere beiden trefflichen Varitonisten in den
1674 2544 2673 2615 glutvolle Weiber, romantische und aufregende Abenteuer,
669 2569 1670 2639 Aktapplans teilten. Von den Männerrollen giebt sonst
1670 2577 2686 2658 aber das wird gesagt, wir erleben mit ihm nur das
666 2605 1671 2666 nur noch die Gesangsparthie des „Fenton“ Gelegenheit,
1680 2622 2680 2683 Schlußkapitel eines solchen aufregenden Romaus.
678 2648 1668 2709 der Herr Brann in musikalischer und darstellerischer
1682 2663 2690 2729 Er zeigt sich in dem Stück meistens als harmloser,
678 2688 1677 2744 Beziehung vollauf gerecht wurde. Die Damenrollen sind
1686 2702 2677 2766 etwas sentimental angehauchter Liebhaber vor Christine
681 2725 1682 2788 in rein gesanglicher Beziehung alle nicht sehr reich be¬
1680 2729 2696 2809 Weirig, die ihrerseits in dem Mann mit dem weiten
671 2770 1667 2829 dacht, aber infolge ihrer zahllosen kleinen Einsätze und
1673 2769 2692 2844 1 Herzen ihr Alles sieht. Während sie liebt mit der Glut
672 2803 1675 2879 schwierigen Ensembles bedemende Aufgaben. Die musi¬
1677 2812 2689 2885 einer reinen, starken Mädchenseele, hat er nur ein ge¬
678 2846 1679 2912 kalische Sicherheit der Damen Ralph, Schacko,
1684 2845 2698 2926 wisses mitleidiges, laues Gefühl für sie, das nur in
676 2896 1676 2947 [Weber, Wendorf verdient denn auch alle Aner¬
1679 2900 2690 2964 ihrer Gegenwart einen lebhafteren Charakter annimmt.
670 2916 1679 2995 kennung. Nur ein teilweise a capella gehender Chor im
684 2973 2705 3025 ersten Akt ging vorbei. Frl. Ralphs Leintung als Frau 1 Sie ist für ihn eben nur das „Mädel“. Diese Ueber¬
683 2966 2701 3065 Alice macht den Wunsch begreiflich, diese Künstlerzuzeugung drängt sich auch dem geläuschten Mäd¬
618 3016 2700 3124 doch öfter zu hören, anders scheint die Frage nach Nrüchen auf, als die Katastrophe hereingebrochen ist
1700 3093 2806 3304 e J
