3436 4224
388 179 761 259 Liebelei
925 185 1350 271 box 11/2
225 180 782 295 84 K
989 489 1361 574 Telephon 12801.
1053 584 1222 657 65.
444 596 1155 696 JUBSEAVEN
274 681 1378 762 I. öaterr. beßördl. konz. Unternehmen für Zeitungs-Ausschnitte
468 739 1215 822 Wien, I., Concordiaplatz 4.
674 807 992 874 Vertretungen
282 859 1377 914 in Berlin, Budapest, Chicago, Christiania, Genf, Kopenhagen,
282 905 1384 970 London, Madrid, Mailand, Minneapolis, New-York, Paris, Rom,
442 945 1211 999 San Francisco. Stockholm. St. Petersburg.
623 978 1048 1041 (Quellenangabe ehne Gewähr.)
280 1020 721 1135 Ausschnirt aus:
714 1063 1320 1167 Viener Leben
288 1102 734 1200 vom: 3-FED 190
446 1193 1378 1290 —Insiekren Schenkie uns auch wieder
343 1265 1378 1344 +em paar Abende und zeigte sich in ganz
361 1316 1382 1387 neuen Rollen. (Neu natürlich nur für Graz.) Ein
357 1366 1378 1425 neues Volksstück von Oesterreicher: „Die
357 1403 1357 1484 Spottvogelwirtin“, das aber ohne ihr un¬
348 1460 1382 1527 möglich wäre, gefiel nicht übel, ohne tieferen
347 1512 1374 1565 Eindruck zu machen. Mit großer Spannung
353 1554 1375 1617 erwartete man die Niese in einer ernsten
353 1600 1359 1658 Rolle, wozu ihr Schnitzlers „Liebelei“ Gelegen¬
354 1646 1366 1721 heit geben sollte. Uiid dieses schlichte, gemüts¬
352 1704 1372 1768 tiefe Mädchen aus dem Volke spielt ihr leicht
344 1745 1365 1814 keine nach. Die Erregung, die ihre Worte
336 1791 1359 1846 durchzittert, ist aus dem innersten Herzen ge¬
345 1838 1376 1903 holt, ihre Tränen sind echt und ihr Leiden
335 1885 1356 1961 ist erschütternd. Man war überrascht und er¬
341 1928 1359 1998 griffen. Und doch drängt ihr ganzes Wesen
344 1988 1360 2045 nach der Darstellung des Komischen. Ihre
332 2035 1365 2096 Figur, ihr Gesicht, ihre Augen, ihr drollig tiefes
327 2082 1361 2143 Organ, das alles muß ja heiter wirken. Man
490 3138 1153 3240 Direktor Emil Bauer (St. Pölten).
301 3241 1316 3330 merkte es deutlich an dem kleinen Einakter
320 3331 1327 3383 „Abschiedssouper“ der auf die Liebelei
303 3357 1323 3433 folgte. Denn hier schwelgte sie in wienerischen
306 3412 1323 3477 Tönen, hier gab sie ganz sich selbst und hier
309 3455 1319 3538 erzielte sie auch wieder die nur von ihr er¬
304 3499 784 3568 reie'sen Lacherfolge.
402 3556 1310 3616 In Schnitzlers kleinem gehaltvollen Lebens¬
311 3598 1316 3667 ausschnitt aus der Großstadt gaben übrigens
299 3648 1334 3714 auch unsere Schanspielkräfte recht Gutes und
300 3696 1351 3764 Frl. Braun, sowie die Herren Kraus, Be¬,
306 3743 1346 3833 rann und Lippert sind nicht zu vergesseny
2532 690 2928 805 Telephon 12801.
1775 968 2926 1045 □ l. österr. behördl. konz. Unternehmen für Zeitungs-Ausschnitte
1942 1023 2826 1116 Wien, I., Concordiaplatz 4.
1754 1073 1876 1145 2
2162 1089 2598 1160 Vertretungen
1783 1130 2921 1215 9 in Berlin, Budapest, Chicago, Christiania, Genf, Kopen¬
1752 1199 2925 1262 # hagen London, Madrid, Mailand, Minneapolis, New-Vork,
1859 1228 2898 1302 Paris, Rom, San Francisco, Stockholm, St. Petersburg.
2190 1269 2581 1337 (Quellenangabe ohne Gewähr.)
1799 1300 2277 1388 6 Ausschnitt aus.
2112 1312 2954 1448 Zh# er Volksblatt
1757 1352 1854 1428 330
1748 1415 2001 1506 & vom:
2304 1459 2665 1564 Sni. — eselicge
1822 1528 2976 1613 Stavstheater. Ein treffendes, viekleicht vom Künstler¬
1757 1557 2961 1663 neid des Konkurrenten geschärftes Urteil fälit Hermann Bahr
1754 1624 2983 1719 über Artut Schnitzler, in dessen „Liebelei“ ge##ern Frau Hansi
1752 1678 2993 1776 Niese gastierteScnitler darf nicht verschwenden. Er muß
1743 1733 2970 1817 sparen. Er hat wentg. So will er es denn mit der zärtlichsten
1744 1796 2966 1848 Sorge, mit erfinderischer Mühe, mit geduldigem Geize schleifen,
1739 1828 2977 1915 bis das Geringe durch seine unermüdlichen Künste Adel und
1741 1887 2973 1964 Würde verdient. Was er bringt ist nichtig. Aber wie er es.
1749 1926 2986 2013 bringt, darf gelten. Die großen Züge der Zeit, Leidenschaften,
1741 1992 2997 2070 Stiume, Erschütterungen der Menschen, die ungestüme Pracht“
1740 2036 2991 2118 der Welt an Farben und Klängen ist ihm versagt. Er weiß.
1728 2088 2998 2163 immer nur einen einzigen Menschen, ja nur ein einziges Gefühl #
1730 2137 3043 2226 zu gestalten. Aber dieser Gestalt gibt er Vollkommenheit, Voll¬
1745 2193 2957 2241 endung. Der Mensch des Schnitzler ist der österreichische Lebe¬
1742 2241 3008 2311 mann. Nicht der große Viveur, der international ist und dem
1747 2290 2992 2359 tariser Muster folgt, sondern die wienerisch bürgerliche Aus¬
1747 2338 3022 2389 abe zu fünfhundert Gulden monatlich, mit dem Gefolge jener
1752 2390 2996 2442 semütlichen und lieben Weiblichkeit, die auf dem Wege von der
1745 2430 2996 2503 Prisette zur Cocotte ist, nicht mehr das erste, und das zweite#
1748 2481 2952 2536 roch nicht. Diesen Winkel des Wienerlebens mit seinen besonderen
1744 2527 2992 2592 Sensationen hat er künstlerisch entdeckt, und er hat ihn, indem
1730 2584 3000 2644 er ihn gleich zur letzten Vollkommenheit des Ausdruckes brachte,
1731 2624 3003 2707 künstlerisch erschöpft.“ Am ausgeprägtesten zeigt sich diese von##
1737 2676 3005 2750 Bahr charakterisierte Individualität Schnitzlers in der „Liebelei#####
1724 2730 2996 2801 Nach den wiederholten Aufführungen an unserer Bühne dürfen#
1723 2783 2948 2844 wir den Inhalt als bekannt voraussetzen. Es war ein inter¬
1729 2838 2997 2901 essantes Experiment, das uns Hansi Nieses Gastspiel gestern##
1725 2865 2985 2946 brachte. Uns scheint aber beinahe, als wäre es nicht gelungen.
1726 2921 2999 2991 Es war ja gewiß verlockend für eine so geniale Künstlerin,
1729 2955 2985 3045 die all die reiche Stufenleiter des Wiener Temperaments in
1730 3005 2981 3092 sich vereinigt, gerade an die Figur sich zu wagen, die in der
1728 3075 2954 3131 modernen Literatur als echteste bodenständigste Schöpfung des
1729 3117 2978 3176 Wienertums gilt. Was an Gemütswerten in Christine liegt,
1719 3169 2993 3240 hat Frau Hansi Niese denn auch mit ergreifender Macht zum#
1715 3217 2958 3284 Ausdrucke gebracht. Aber — sie wirkte doch fremd im Rahmen
1718 3267 2974 3332 des Schnitzlerschen Stückes. Ihre Domäne ist das behagliche
1719 3323 2984 3381 bürgerliche Volksstück oder das kraftvolle urwüchsige Bauern¬
1715 3364 2939 3438 drama. Sehr gut spielten die Herren Beraun, Dr. Kraus,
1714 3420 2936 3482 Schroth, Lippertund die Damen Braun, und Schweik¬
1717 3462 2958 3526 hart. — Nach „Liebelei“ folgte der gier ebenfalls bekannte
1724 3505 2975 3576 Einakter „Das Abschiedssouper“ aus dem Anatol=Zyklus. Mit
1714 3562 2952 3621 flotter Eleganz spielten die Herxen Schroth und Beraun,
1713 3613 2619 3693 von lustigster Laune war Frau Hansi Niese.
