3484 4224
383 161 801 243 Liebelei
938 166 1366 264 bor 13/7
370 219 867 289 e enen
1720 1104 2968 1155 seine Darsteller gerichtet, in dem er sie beschwor, ihn in dem
1727 1140 2960 1221 Streitfall zu unterstützen. Die Schauspieler haben jedoch ein¬
1716 1187 2963 1273 stimmig beschlossen, sich auf die Seite des Syndikats zu stellen.
1716 1245 2882 1299 Das war die Massenflucht auf der ganzen „Stromlinie“.
740 1238 861 1314 50
838 1263 1426 1380 Salsburger Velksblatt.
1783 1291 2961 1363 Die Antwort des enttäuschten Mister Cochran bestand da¬
1710 1354 2967 1407 rin, daß er alle seine Pläne für die kommende Saison aufgab.
1731 1401 2963 1465 Die Bedeutung dieses Schrittes kann man nur ermessen, wenn
1730 1450 2966 1504 man weiß, was der berühmte Theaterdirektor in den kommen¬
901 1459 1381 1573 12 MZ. 1935
1719 1481 2970 1561 den zwölf Monalen herausbringen wollte: das Schauspiel
1728 1541 2961 1608 „Mesmer“ von Baverley Nicholls; „Anything Goes“ eine
1734 1567 2972 1643 musikulische Komödie von P. G. Woodhouse und Suy Bolton;
1734 1642 2991 1722 „Dalliance“ eine englische Version des Schnitzler=Stückes
715 1617 1554 1731 Theater, Kunft und Musik.
1743 1663 2972 1736 „Liebelei“; die Festrevue „Jubilee“ von A. P. Herbert; „Cast
867 1706 1403 1805 Theaterkrieg in London.
1727 1715 2971 1779 Iron“ ein musikalisches Schauspiel, und die neue Komödie,
571 1767 2963 1845 London, 11. März. In der Londoner Theaterwelt ist ein die Sir James Barrie eigens für Elisabeth Bergner geschrie¬
517 1833 2963 1897 regelrechter Krieg ausgebrochen. Auf der einen Seite kämpftben hat. Im Jahre des Kronjubiläums wäre das eine ge¬
527 1876 2967 1943 das Syndikat der dramatischen Künstler ge= waltige Leistung gewesen, die das Londoner Theaterleben
517 1939 2964 1978 meinsam mit dem Manager= und Producer=Verband, auf der wahrscheinlich zu einem der ersten der Welt gemacht hätte.
526 1975 2955 2027 anderen steht eine einzige Persönlichkeit: Mr. Charles Mr. Cochran kann die Methoden der Gewerkschaftsorgani¬
522 2013 2960 2074 B. Cochran. Die beiden Vereinigungen vertreten die So-sationen nicht billigen, sofern sie sich auf Darsteller erstrecken,
517 2069 2967 2133 zialisierungs=Tendenzen im englischen Theaterwesen. Es ist die Wochenhonorare von 100 ober 200 Pfund fordern
527 2128 2970 2194 ihnen gelungen, den Schauspielern einen Vertrag aufzu= können. Er ist kein Gegner hoher Löhne, denn er hat mit
528 2175 2963 2239 erlegen, der von den 44 Mitgliedern des Manager=Verbandes ihnen viel größere Gewinne erzielt als mit billigen Vorstellun¬
1736 2190 2962 2269 gen. Trotzdem nimmt er das Recht für sich in Anspruch, seine
524 2209 1753 2279 angenommen worden ist. Diese Verbindung zwischen den Ar¬
1742 2250 2962 2299 eigenen Bedingungen stellen zu können. Cochran ist der An¬
527 2262 1733 2310 beitgebern und Arbeitnehmern der Bühnenwelt ist auch
1746 2289 2963 2362 sicht, daß auch die geringste Leistung nach ihrem Wert bezahlt
526 2300 1734 2362 äußerlich durch die Bildung eines Theaterrates bekräf¬
1749 2346 2963 2403 werden müsse. Er tritt deshalb dafür ein, daß das Gehalts¬
523 2354 1744 2426 tigt worden, in dem beide Teile mit gleicher Zahl vertreten
1742 2383 2966 2443 minimum, welches das Syndikat festgesetzt hat, erhöht werden
525 2406 1748 2458 sind. In anderen Lager steht Herr Cochran, der nach wie vor
1737 2435 2972 2499 solle, und ist für jede Verbesserung der Lage des Personals,
520 2447 1747 2529 fest gewillt ist, für die Erhaltung der Privat=Initia¬
516 2493 2968 2544 tive zu kämpfen. Er lehnt sich gegen jede Einmischung von das weniger als 20 Pfund pro Woche verdient. Bei Verhand¬
1736 2528 2974 2592 lungen über Honorare, die über dieser Grenze liegen, lehnt er
524 2537 1748 2606 Organisationen auf, die er nicht anerkennt, und weigert sich,
1742 2578 2971 2660 sich jedoch dagegen auf, daß sich irgend welche Organisationen
526 2593 1747 2672 sich der Kontrolle einer Schauspieler=Gewerkschaft zu unter¬
1745 2632 2502 2686 das Recht der Einmischung anmaßen.
515 2643 730 2719 werfen.
1798 2665 2961 2749 Bei dem Streitfall handelt es sich um einen sozialen Kon¬
593 2655 1744 2745 Der neue Londoner Theaterrat hatte Cochran einen Sitz
1741 2722 2958 2792 flikt. Cochran wehrt sich gegen die Massendiktatur auf dem
527 2743 1747 2796 unter den zehn Mitgliedern seines Ausschusses angeboten.
1742 2769 2962 2836 Gebiete der Kunst. Man wird den Zorn dieses Mannes be¬
527 2780 1747 2832 Dieses Angebot hat Cochran abgelehnt. Vor der letzten
1740 2814 2969 2890 greifen können, der sich durch seine persönlichen Eigenschaften
524 2826 1751 2887 Vorstellung seiner Revue „Streamline“, die monatelang die
520 2874 2963 2952 Kassen seines Theaters gefüllt hatte, hat er einen Aufruf an in eine der Spitzenstellungen des internationalen Theater¬
1725 2952 2964 3039 lebens hinaufgearbeitet hat. Er verdankt seine Erfolge nur
1729 3019 2964 3084 der eigenen Initiative und seinem unermüdlichen Kontakt mit
1722 3067 2970 3133 allen Elementen der Bühne. Daß eine solche Persönlichkeit
1722 3115 2964 3177 nicht vertragen kann, wenn irgend welche ihm nicht gewach¬
1727 3165 2978 3238 sene Gewerkschaftsvertreter seine Kreise stören wollen, ist nicht
1724 3213 2079 3276 ganz erstaunlich.
2593 3210 2962 3301 Peter Dudlee.
