3436 4256
174 231 703 304 5. Liebelei
816 229 1266 316 box 12/8
776 478 1006 544 —
598 507 1280 617 Brandenburger Seitung
802 633 1206 784 10 Okt. 1925
873 856 1185 943 Tiebelei.
658 924 1400 1011 Schauspiel von Arthur Schnitler.
679 985 1355 1068 Aufführung im Stadttheater.
506 1051 1610 1119 Morgen werde ich eine Novelle wieder einmal lesen,
448 1096 1603 1150 „Casanovas Heimkehr“ von A. Schnitzler, die zu dem Schön¬
576 1139 1599 1188 gehort, wasmein Bücherschrank birgt. Da ist der
548 1171 1600 1236 itzler, den ich liebe, dieser Psychologe von seltener Tiefe.
519 1214 1617 1270 ist die feine leise Erotik, die herauswächst aus letzter
423 1256 1605 1307 Romantik. Ueber alle Worte wehi da ein Duft hin, wie
425 1286 1614 1351 von Blumen, die ihren letzten Tag blühen. Schon ist leise
430 1328 1605 1372 Trauer. Irgendwo hat der Himmel einen Fleck. Irgenö¬
426 1355 1605 1415 wer ist müde, leise, und doch wächst so nebenher etwas in
434 1403 1609 1462 ihm, das auszudrücken alle Worte zu schal sind, zu abge¬
429 1444 1173 1488 griffen, verbraucht in Jahrhunderten.
495 1482 1610 1540 Morgen werde ich den „Anatol“ lesen, die Einatter, die
425 1510 1610 1578 sich um diesen Namen runden. Auch von A. Schnitzler. Das
431 1571 1620 1634 ist Abschluß einer Kultur, die uns vielleicht auch schon fremd
425 1597 1620 1672 geworden, aber jedes Wort ist oort bedeutsam in sich. Sym¬
428 1627 1206 1681 bolik blüht dor im Nebensächlichen.
1270 1647 1601 1708 edurch einen
437 1675 1611 1750 Schleier sieht man die Welt und irgendwo in den Sternen
418 1708 907 1777 tanzt eine nackte Frau.
506 1758 1619 1840 Schnitzlers Romane werde ich lesen, diese geschliffenen
421 1792 1032 1863 Monologe in Prosa. Doch ..
493 1833 1608 1894 Doch das Schauspiel „Liebelei“, von dem die Literatur¬
414 1890 1611 1945 geschichten schon melden, daß es erfolgreich sei, werde
447 1924 1243 1976 ich möglichst bald wieder vergessen.
1413 1932 1595 1982 erständ¬
417 1961 912 2006 aus der Zeit heraus,
940 1967 1595 2017 vo Halbes: „Jugend“ Vorbild
413 2003 1541 2054 war für Dutzende von Schauspielen. Uns gibt
413 2035 1598 2112 nichts mehr. Nichts. Der Inhalt ist belauglos.
422 2065 1565 2132 Auch die Wiedergabe gestern war wenig glücklich
425 2120 1570 2176 Lill: Erdmann gab die Christine, das Wiener
414 2153 1548 2206 Mädel, das an seiner ersten Liebe zerbricht. Gedach
416 2195 1548 2246 ist sie von Schnitzler als das süße Mädel, um das sich lang
421 2228 1313 2284 sam die Tragödie rundet. Lilli Erdmann spiel
1503 2237 1554 2281 be
427 2264 1301 2313 ins Hußterische. Schon beim allerersten Auft
422 2303 1290 2351 Souper in ihres Geliebten Heim war sie ü
421 2344 1295 2393 anstatt süß und lieb und so war an Steigern
420 2380 1301 2434 zu denken. Die Hauptschuld dafür trifft sicher
1520 2393 1577 2435 ur
415 2415 1348 2480 Franz Herrmann, der das sofort unterbit
1478 2415 1609 2483 ußte.
475 2461 1602 2516 Auch Dr. Gerhard Jeschke als Fritz Lobheimer
420 2509 1606 2557 enttäuschte. Sein Spiel war viel zu farblos, hielt immer
425 2546 1311 2596 nur eine Linie und konnte nicht überzeugen.
491 2599 1607 2659 Gut war Ralf Ebersberg als Theodor Kaiser,
425 2629 991 2696 als Freund des Duellanten.
1500 3371 1578 3427 ind
1495 3438 1576 3497 nen
1483 3483 1587 3535 vom
1482 3553 1584 3609 latz:
1472 3594 1583 3642 Vor¬
1467 3635 1592 3682 ilon:
1484 3664 1568 3712 —
1724 843 2848 892 Liselotte Resni als Mizi hatte den Wiener Ton,
1654 889 2839 942 der auch die tragischen Rollen durchzittern mußte. Lise¬
1663 929 2842 963 lotte Resnis Art ist so sicher und zwingend, so frisch und
1658 952 2844 1014 untheatralisch, daß man wenigstens eine helle Freude hatte.
1741 1004 2846 1049 Charlotte Resni verkörperte die Strumpfwirkers¬
1654 1040 2840 1085 gattin sehr echt und Franz Herrmann als alter Vater
1670 1076 2846 1129 war in Maske und Darstellung wieder vortrefflich. Schade,
1670 1118 2637 1172 daß er als Regisseur fehlgriff in der Auffassung.
1741 1147 2839 1217 Arnold Fink als Herr klar und sicher. O. B. W.
1784 3181 2589 3271 Theuter= und Kunstnachrichtes.
1673 3256 2762 3317 (Schnitzler=Aufführungen in London.] Das Internationale
1601 3311 2755 3359 Künstlertheater in London beabsichtigt, im Januar Schnitzlers
1604 3356 2756 3410 „Liebelei“ sowie später „Doktor Bernhardi“ zur
1606 3390 2749 3435 Aufführung zu bringen. Die Gesellschaft wird in den Räumen
1606 3431 2741 3490 der österreichischen Gesandtschaft einen Empfang geben, wo
1599 3460 2752 3520 Gesandter Franckenstein über das Theater in Oesterreich
1597 3510 2755 3561 sprechen wird und englische Schauspieler und Schauspielerinnen
1594 3558 2486 3607 einige Dialoge aus „Anatol“ vortragen werden.
1656 3626 2370 3710 Im Buratbeater gelangt Sau#t.
2773 3303 3066 3460 4.7.4
2746 3427 3103 3597 Ahenr
