3344 4256
457 191 645 265 iebe
921 189 1393 286 box 10/6
249 191 920 313 5. Aiei
2306 350 2440 550 7
1739 516 2105 601 22. Mai 1898
2605 518 2829 607 Seite 9
1571 627 2864 678 ion der französische Autor wie eine Operettenfigur behandelt, stellt
1682 674 2860 737 Herr Engels als einen scharf geschnittenen Charakterkopf hin, mit
1679 711 2658 780 einer Lust am Detail, die eine Reihe echt komischer Zü
2774 724 2850 770 or¬
1687 760 2585 814 rief, sich freilich auch ein paarmal — nur ein po
1675 789 2554 855 Mätzchenhafte verirrte. Der Gast rief allseitiges Wo
1678 837 2491 902 namentlich seine Scene im dritten Acte wir
1676 885 2458 934 rinnbaren Komik. — Den Abend vorher ist
1676 925 2444 989 mit neuer Besetzuna der beiden weiblichen
1668 961 2388 1030 worden. Fräulein Medelsky gab die
1678 1014 2391 1074 heimisch in den weichen Lauten der Wi
1681 1057 2369 1103 Rolle gleich etwas dunkel an, fand in
1674 1099 2361 1158 Ton der Empfindung und stieg schli
1685 1134 2362 1202 auf. Sie hatte einen ganzen Erfolg.
1668 1173 2363 1241 zu ihr Fräulein Littitz als Miz
1668 1224 2383 1284 gleichfalls auf traulichem Fuße steht. S
1685 1268 2406 1324 das vom Leben nur den Tag, die Stund
1760 1315 2450 1395 [P aw Ad=Theater.] Unmittel
2372 1564 2733 1625 Telefon 12801.
813 1556 1174 1628 Telefon 12801.
258 1548 634 1694 N 105
537 1665 1462 1744 Unternehmen für Zeitungs-Ausschnitte
1898 1607 1977 1729 6
2058 1646 3018 1735 □Ugternehmen für Zeitungs-Ausschnitte
1506 1672 1731 1739 Ausschnitt
3072 1661 3297 1749 Ausschnitt
1820 1683 2296 1775 G
1352 1734 1715 1844 Nr. 19
3015 1743 3265 1844 Nr. 37
634 1745 1310 1860 „OBSERVER“
2199 1755 2868 1860 „OBSERVER“
1819 1828 3279 1909 I. österr. behördl. concess. Bureau für Zeitungsberichte und Personalnachrichten
266 1833 1710 1926 I. österr. behördl. concess. Bureau für Zeitungsberichte und Personalnachrichten
573 1904 1431 2011 Wien, IX/1 Türkenstrasse 17.
2131 1906 2996 2003 Wien, IX/1 Türkenstrasse 17.
511 1983 1557 2079 — Filiale in Budapest: „Figyelö“, VIII. Josefsring 31 a. ——
2050 1981 3023 2086 — Filiale in Budapest: „Figyelö“, VIII. Josefering 31 a.
977 2082 1591 2194 Arbeiter Zeitung
1813 2136 3278 2243 bsseanteo (0/2726 fa-a
269 2161 774 2249 Ausschnitt aus:
983 2209 1389 2324 22 MAl 1898
2317 2287 2720 2417 2½5
1829 2322 1989 2400 vom
288 2327 435 2414 vom
897 2412 1228 2513 Theater.
609 2464 1673 2576 Burgtheater. Freitag den 20. d. wurde Schnitzler's.
2242 2508 3012 2627 Angemessene Steigerung.
508 2521 1669 2638 „Liebelei“ mit zwei Neubesetzungen gegeben. Das Stück ist
514 2574 1661 2680 ja bekannt, und es genügt, zu bemerken, daß es zu den besten Er¬
2096 2569 3264 2712 Das Burgtheater sieht sich bereits durch seine legzten No¬
516 2604 1671 2724 zeugnissen des dichtenden Jung=Wien gehört, wie denn Schnitzler
1995 2617 3264 2757 #taten in die Lage versetzt, folgendermoßen sein Wocheureper¬
1985 2671 2583 2766 tväteeaufhümen ze bänmen.
525 2661 1666 2761 unstreitig unter dieser Jugend das stärkste und echteste Talent ist.
520 2709 1668 2820 In der „Liebelei“ zeigt er nach mancher Richtung hin seine große
2096 2734 3095 2855 Wontos „Oyne Liebe,“ von Ilarie Edner=Eichenbach
520 2746 1669 2862 Begabung. Die „Liebelei“ ist ein wirkliches Wiener Stück.
2096 2775 2851 2885 Sienstag: „Teigung,“ von 7. X. Darls:
532 2800 1681 2901 Handlung und Menschen sind bodenständig, die dramatische
2091 2832 2763 2924 #nntwoch: „Tiebekei,“ von Schnitler
538 2852 1686 2962 Führung knapp und wirksam. Die beiden kleinen süßen Mädeln
2089 2883 2880 2984 Donneritag: „Sündige Liebe,“ von Giacosa;
541 2895 1678 3005 (Christine und Mizi) waren bisher von Fräulein Adele Sandrock
2078 2930 2864 3037 Freitag: „Die Atheuerin,“ von Ebermann.
539 2939 1682 3055 und Frau Kallina gegeben worden. Sie wurden diesmal von
534 2978 1688 3093 den Fräulein Medelsky und Littitz dargestellt. Fräulein
545 3037 1681 3141 Littitz zog sich im allgemeinen gut aus der Affaire. Sie war
551 3090 1695 3193 frisch und fesch. Fräulein Medelsky bereicherte ihr Repertoire
547 3130 1696 3238 mit einer Glanzrolle. Wieder kam die jungfräuliche Herbigkeit
547 3187 1702 3280 ihres Wesens zur vollen Geltung. Die Verbindung dieser
561 3224 1707 3336 Herbigkeit mit fast unbeholfener Schwermüthigkeit gab der
560 3263 1703 3385 Gestalt Christinens einen besonderen und wohl im Sinne des
562 3325 1708 3429 Dichters gelegenen Reiz. Auf dem Höhepunkt ihrer Rolle im
559 3360 1708 3473 dritten Akte durchbrauste, als sie von der Bühne abstürzte, ein
561 3398 1713 3528 minutenlang währender Beifallssturm das Haus. Es ist geradezu
575 3458 1718 3570 merkwürdig, wie diese junge Schauspielerin, der alle Routine
578 3499 1713 3614 fehlt, und die nicht selten noch hie und da das Unfertige ihrer
579 3545 1713 3659 Kunst umsomehr verräth, als sie es verschmäht, mit ihr fremden
2207 3603 2898 3689 Bezugs-Bedingungen.
571 3602 1720 3702 Mitteln zu arbeiten, gerade in den entscheidenden Stellen der
572 3636 1721 3749 Darstellung inspiratorisch über sich hinauswächst. Beweise dafür
1827 3660 3038 3748 Für 50 Zeitungsausschnitte (Artikel oder Notizen) fl. 7.50
313 3687 570 3766 Für 50 Zei
3051 3684 3229 3756 inclusive
2969 3721 3014 3755 —
2849 3724 2908 3778 „
588 3695 1715 3805 geben ihr Gretchen und diese ihre Christine. Sie reißt dann das
3071 3742 3212 3777 Porto.
415 3734 510 3780 100
341 3757 380 3793 „
2904 3756 3013 3804 25.—
2859 3767 2908 3812 „
3067 3765 3224 3810 Zahlbar
578 3723 1734 3851 Publikum im Sturm mit sich. Sie ist heute der kostbarste Besitz
406 3773 512 3819 200
1917 3774 2025 3823 200
2908 3777 3247 3851 55.— im Voraus
396 3815 504 3859 500
1921 3810 2028 3862 500
1340 3812 1538 3886 „100.—
2864 3830 3018 3889 „ 100.—
593 3832 929 3895 des Burgtheaters.
343 3849 509 3925 " 1000
1870 3853 2031 3918 „ 1000
448 3838 1773 3942 Im Gegensalze zu anderen Bureaux für Zeitungsausschnitte ist das
1949 3877 3217 3942 Im Gegensatze zu anderen Bureaux für Zeitungsausschnitte ist
1414 3902 1780 3957 auch steht es den
2930 3911 3281 3970 auch steht es den
1354 3923 1418 3960 —
324 3917 1363 3978 Abonnement durch keine bestimmte Zeitdauer begrenzt;
1847 3919 2875 3992 Abonnement durch keine bestimmte Zeitdauer begrenzt;
333 3945 1672 4021 Abonnenten lrei die aufgegebenen Themen zu ergänzen oder zu ändern.
1838 3952 3189 4052 Abonnenten frei die autgegebenen Themen zu ergänzen oder zu ändern.
