3484 4256
182 253 275 344 5
302 240 727 318 Liebelei
305 244 1305 352 ee. . box 13/5
1339 845 1754 943 Die Stünde, Nier
1364 932 1654 1051 14. NOU.
909 1053 2646 1228 Warum sie auf die -Liebelen verzichten
1788 1221 2536 1298 den Schnitzlerschen Erben, halten
918 1224 1788 1306 Wir haben geatern bereits gemeldet, daß
1809 1285 2637 1354 mit ihrem künstlerischen Empfinden
875 1299 1776 1357 die musikalische Neufassung der Sehmitz¬
1798 1325 2630 1385 und ihrem Respekt vor dem Werk
882 1331 1769 1395 lerschen „Liebelei“, mit der Musik von
1791 1370 2616 1438 Schnitzlers nicht für vereinbar, die¬
887 1374 1775 1445 Oscar Straus, als Weihnachtsnovität im
1794 1413 2615 1480 jenigen Anderungen an der Bearbeitung
890 1415 1771 1471 Raimund-Theater aufgeführt werden sollte,
1810 1464 2611 1522 vorzunehmen, die die Direktion des Ray¬
879 1460 1769 1524 nicht aufgeführt werden wird, weil die
1798 1518 2610 1563 mund-Theaters verlangt, ja, noch mehr,
879 1501 1773 1575 Anderungen, die die Direktion verlangt hat,
1793 1553 2621 1615 die die Direktion des Raimund-Theaters
881 1547 1771 1620 von den Autoren nicht durchgeführt wur¬
1811 1596 2610 1664 als Bedingung für die Aufführung stellen
875 1588 1771 1643 den. Jetzt steht die Sache so, daß die
2010 1641 2410 1701 zu müssen glaubt.
874 1632 1775 1693 Autoren ihrerseits behaupten, sie können
888 1672 1778 1742 sich zu Konzessionen an den billigen
1794 1664 2647 1750 Die Direktion des Raimund-Theaters will
882 1713 1761 1788 P’ublikumsgesghmack nicht entschließen, sie
1776 1722 2650 1794 dem Schnitzlerscher Werk eine Tendenz
878 1763 1765 1827 wären es alsu, die die Aufführung der
1774 1764 2657 1836 geben, die in ihm nicht enthalten ist. Sie
889 1804 1768 1862 musikalischen „Liebelei“ im Raimund¬
1777 1805 2654 1889 will aus diesem Werk, das mit dem erforder¬
880 1858 1371 1919 Theater nicht duiden.
1759 1863 2645 1918 lichen Taktgefühl in der Bearbeitung haupt¬
1773 1900 2650 1966 sächlich eine Verton ung des Schnitzlerschen
876 1907 1773 1980 Direktor Dr. Stephan Hock sagt:
1784 1946 2109 2022 Werkes vorsah,
925 1962 1751 2027 „Die Uraufführung des Werkes in
1959 1987 2447 2067 eine Operette machen.
920 2010 1747 2075 Kopenha ven brachte eine Kritik, die
1803 2033 2662 2113 Sie will den Begriff von Schuld und Sühne,
925 2067 1751 2119 den Autoren und dem Komponisten
1805 2091 2638 2152 er in dem Werk Schnitzlers unlösbar ver¬
912 2100 1747 2147 fast einmütig den Vorwurf machte, daß
1760 2133 2646 2206 ankert ist, auf Kosten einoe operettenmädl¬
928 2148 1744 2204 sie aus dem Schauspiel Schnitziers eine
988 2190 1678 2243 reine Operette gemacht hätten.
1769 2184 2285 2259 gen happy ends opfern.
1806 2209 2672 2279 Die Autoren sind bis an die äußerste
886 2223 1763 2296 Ich und mein Mitarbeiter Paul Barnay
1774 2264 2651 2331 Grenze ihrer Zugeständnisse gegangen. Da
882 2281 1761 2348 haben über die „Liebelei“ mit der Musik
890 2317 2650 2374 von Oscar Straus einen Vertrag abgeschlos Isie sich zu weiteren von ihnen verlangten
1780 2396 2669 2469 Konzessionen an billigem Publikums¬
904 2403 1776 2453 sen und in einem Gedächtnisprotokoll jene
1777 2450 2562 2512 geschmack nicht entschließen können,
896 2450 1777 2512 Anderungen festlegen lassen, die uns ab¬
891 2481 1776 2559 solut notwendig erschienen, um das Werk
1807 2500 2632 2550 kann die Uraufführung der musikalischen
896 2540 1493 2596 zu einem Erfolg zu führen.
1802 2537 2628 2600 Bearbeitung von Schnitzlers „Liebelei“
924 2552 1792 2639 Nachdem die Anderungen nicht durch¬
1804 2586 2627 2663 am Raimund-Theater nicht stattfinden.
888 2620 1778 2696 geführt wurden, erklärten wir den seiner¬
896 2667 1783 2722 zeitig abgeschlossenen Vertrag für gelöst.
904 2713 1781 2759 da infolge der kurzen Zeit eine gründliche
1805 2715 2679 2786 Es frägt sich nun, wer recht hat. Oscar
906 2755 1782 2802 Vorbereitung der Operette bis Weihnachten
1787 2785 2664 2834 Straus behauptet, er wehre sich dagegen,
899 2795 1771 2848 richt mehr möglich wäre und wir das Werk
1787 2822 2668 2882 eine Operette zu machen, die Kritik in
891 2826 1772 2911 nur als Weihnachtsnovität herauszubriugen
1776 2872 2664 2932 Kopenhagen hat konstatiert, es sei eine
889 2865 1237 2938 beabsichtigten.
1781 2914 2664 2961 Operette. Die beiden Direktoren des Rai¬
944 2917 1776 2978 Von Anfang an waren Barnay und ich
1776 2952 2670 3032 mund-Theaters, Prof. Dr. Hock und Paui
895 2964 1778 3032 der Ansicht, daß durch die Aufführung der
1788 3004 2658 3056 Barnay, sind Menschen von künstle¬
902 3018 1774 3067 musikalischen „Liebelei“ die Pietät vor dem
894 3035 2668 3108 künstlerischen Originalwerk nicht verletzt jrischem Verantwortungsgefühl. Man kann
903 3092 2667 3159 werden könne, wenn sich das neue Werk Ischwer annehmen, daß sie plötzlich eine
1779 3135 2656 3196 Operette nach Artur Schnitzler fordern,
894 3133 1782 3198 eng an die Originalfassung halte oder einige
1791 3167 2373 3241 wenn keine vorhanden ist.
898 3187 1777 3233 Motive der „Liebelei“ als Grundlage für ein
1821 3209 2682 3273 Vielleicht handelt es sich gar nicht um
889 3220 1753 3301 neues, heiteres Stück verwendet werden.
1758 3251 2670 3327 die Frage, ob Operete oder nicht Operette,
1089 3270 1626 3348 Oscar Straus sagt:
1761 3302 2658 3370 vielleicht ist einzig und allein die Kopen¬
916 3355 2678 3414 Oscar Straus, der Komponist der Musik Ihagener Uraufführung echuld, die, ob durch
883 3394 2680 3450 der „Liebelei“ nimmt nun zu dieser Tat-idas Werk oder seine Aufführung verursacht,
889 3438 2664 3487 sache Stellung und teilt uns folgendes mit: kann hier nicht untersucht werden, eine Ab¬
920 3475 2678 3569 Die Autoren, in Übereinstimmung mit llehnung der musikalischen „Liebelei“ brachte.
