3436 4320
416 271 828 343 Liebelei
243 273 1395 383 5. Lles#e box 11/3
1505 1315 1620 1406 S
2116 1339 2460 1425 A
853 1365 2918 1476 Mädel, mit dem tiefen Blicke eines Künstlergemüthsl paaren vermag. Das ist die Schlager=Mizi, Christi¬
151 1377 718 1480 Kationaltheater.
862 1441 2223 1529 vor Allen zu erschauen, hat Schnitzler ein böses nens Freundin.
159 1469 867 1523 piel in drei Akten von Arthur Schnitzler.
867 1494 1895 1549 Diminutiv seiner Künstlerschaft eingetragen. Was
1977 1470 2933 1559 In Fritzens Studentenbude. Ein Symposion
165 1520 870 1592 nNationaltheater am 18. Dezember 1908“
858 1534 2927 1617 sihm als lokalliterarischer Ehrentitel gelten sollte, der mit Wein und Mokkatorte, mit Blumen und Musik.
160 1568 2937 1659 österreichischen Dichtern steht Arthur Dichter des „Süßen Mädels“ zu sein, es ward im Als Entreakt natürlich. Mizi und Theodor sind sich
170 1627 865 1689 benan. Das Beiwort, das einzuengen
859 1638 2942 1716 Handumdrehen zur abgegriffenen, bedeutungsarmen völlig klar über die Art ihrer Beziehung. Im Freuden¬
164 1668 872 1740 er näheren Erklärung. Es bedeutet
859 1689 2935 1766 Etikette seines schriftstellerischen Schaffens, der  sich becher der erste Bodensatz von Ueberdruß, und das
158 1723 2935 1792 gs, daß Arthur Schnitzler nicht den Jedermann bediente, der zu träge oder zu miß= nächste Glas gilt einem fröhlichen Scheiden. Sie
180 1777 878 1847 des ganzen modernen deutschen
862 1787 2935 1859 günstig war, die Feinheiten von Schnitzler's artisti= finden Beide den Weg ins Freie. Viel ernster will
160 1833 2937 1900 uzählen sei. Vielmehr will es be=schem Können nach Gebühr zu würdigen. Denn auch Fritz die Sache nicht nehmen. Noch ist ihm
169 1874 2929 1929 vornehmen Künstlerschaft Schnitzler's nur Kurzsichtigkeit oder Böswilligkeit kann den Christine kaum mehr als ein anmuthiges Spielzeug.
159 1909 2935 2001 nösterreichischen Wesens, zumal der weiten Weg zu hoher, überschauender Künstlerschaft Er empfängt auch tugendschwache Gattinen in seiner
154 1967 2938 2053 nit besonderer Prägnanz angeschlagen verkennen, den das Talent Schnitzler's von den Klause. Das Souper ist beendet. Fritz setzt sich ans
184 2025 1885 2099 , sinnige Anmuth, die selbst viele Anatol=Skizzen zu den ersten Akten des „Schleiers
1891 2021 2929 2101 Klavier, Christine singt ein Schumannlied, dann
163 2070 1882 2143 stalten umschweht; zarte, dämmerige der Beatrice“, zum „Einsamen Weg“ und zum
1877 2083 2936 2151 fordert Mizi einen Gassenhauer im Dreivierteltakt,
173 2115 871 2178 durch die Seelen seiner Geschöpfe,
855 2106 1890 2192 I Zwischenspiel“, vom „Lieutenant Gustl“ zu den
1880 2132 2925 2190 denn ihr geht die Lebensfreude in die Beine. Da
188 2164 873 2231 , durch die Landschaften zittert;
857 2156 1902 2251 „Dämmerseelen“ zum „Weg ins Freie“, seinem
1882 2181 2924 2252 klingelt es. Die Gäste ziehen sich zurück, ein fremder
165 2180 2921 2305 üthsinniger Humor, der auch in der ersten groß ausholenden Roman, genommen hat.Herr erschein. Haßsprühenden Auges, den Blitz der
162 2264 874 2330 atire nicht seine Liebenswürdigkeit
958 2278 1897 2337 Die „Liebelei“ freilich, sie ist die Tragödie des
1885 2275 2933 2354 Vernichtung in dem eisigen Blick, fordert er von Fritz.
153 2314 872 2370 hwangig=sinnliche Lebensfreudigkeit;
866 2309 2931 2379 süßen Mädels. Des jungen gebefreudigen Menschen= den vergessenen Schleier, die Briefe seiner Frau
159 2365 2926 2452 es Menschthum, das, frei von jederl kindes, das in Leichtsinn und Grazie dem Zuge zurück. Der junge Verführer steht vor dem Rächer
158 2410 2931 2495 u verstehen, zu vergeben gewillt ist; seines Herzens folgt, seiner frischen Sinnlichkeit, seiner Ehre. Er weiß, die Kugel des Gegners trifft
157 2462 1879 2522 voler Leichtsinn, der sich durch heitere seinem naiven Glücksvertrauen. Zuweilen schwingen
1877 2471 2172 2550 ihn ins Herz.
160 2510 1892 2581 huldigen möchte; dazu der scharfe wohl tiefere Unteriöne mit. Bei so Mancher, wie bei
1977 2493 2922 2587 Ein kleines Meisterstück der Realistik. Der Rest
158 2541 870 2624 en Verwitterungsprozesse der gesell¬
853 2571 1884 2626 Christine Weiring, hat schon die erste Empfindung
1886 2568 2917 2645 ist geistvolle, virtuose Milieuzeichnung und Melo¬
152 2610 877 2668 de, die verbindliche Noblesse eines
855 2608 1879 2675 ihre Wurzeln in das innerste Herz gesenkt, und wenn
1872 2611 2931 2670 dram. Fritz sucht Christine im Hause ihres Vaters
163 2658 1882 2720 die Kraft der Gedanken die seiden= die eine Saite reißt, ist es eine Dissonanz fürs Leben.
1887 2671 2921 2726 auf. Der greise Theatergeiger ist der edelste Idealist.
157 2705 852 2770 einer blühenden Sprache breitet —
844 2697 2934 2772 Es gibt Mimosen voll heißer Leidenschaftlichkeit, sen= Er kennt längst das Geheimniß seines Kindes. Aber
167 2748 857 2814 Farben, die aus den Lebensbildern
852 2761 1890 2822 sitive Menschenblüthen, die sterben müssen, wenn der
1874 2768 2926 2824 er hatte seine Schwester betreut, bewahrt vor allem
155 2804 873 2866 ünstlerischer Gestaltung mit stärkerer
852 2816 2925 2883 Sonnenstrahl, der sie wachgeküßt, verbleicht. Der Ungemach, aller Anfechtung, bis sie darüber ihr
155 2847 352 2920 glänzen.
836 2860 2926 2929 andere Typus: In hellem, vorurtheilslosem Dur. bischen Lebensglück versäumte. Und seinem Kinde
162 2918 2922 2969 g und warmblütig genug war, in Lebensprühend, übermüthig bis zur Frechheit, nüch= will er nicht die Sonne aus dem Leben stehlen. Als
166 2966 2926 3012 seiner Dichterschaft den liebens=stern im Denken, zaglos im Genuß, mit allem kleinen im Burgtheater zum ersten Mal diese goldsunkelnden¬
179 3011 2925 3085 seines Wienerthums, das Wiener! Egoismus, der sich mit wirklicher Seelengüte zu! Worte großer Menschlichkeit fielen, rümpften Mamas
581 3088 2327 3153 Die heutige Nummer umfaßt vierundzwanzig Seiten.
1816 3333 2102 3448 7—
528 3325 1206 3500 GE
2640 3237 3254 3481 OPNA
