3436 4192
288 137 624 206 Liebele
171 134 1260 251 51 box 13/2
1519 87 1585 157 re
1541 630 1591 680 •
1603 46 2315 95 Veva unn erie    eg
1605 81 3131 134 non gelasse il moralista, ma anzi lomié o sei dopo il secondo, ed altret-ich
1592 111 3098 191 intenerisse, 1o commuovesse di piü. Eglihtuits, anche pin, dopo il terzo. La
1594 151 3151 215 coltivava con voluttuosa tristezza le il-#stenora-Riva“e fI Ceseri ebbero nel se-Ig
1586 191 3092 258 dusioni nelle quali aveva cessato difcondo atto un applauso a scena aperta.
1585 235 2343 294 credere. E sopra a queste illusioni,
2361 234 2965 311 Stasera Cristina si zOlica.
2962 249 3049 317 X
1598 269 2350 332 faceva aleggiare la morte. Ma non la
1590 306 2617 403 morte che sbocein dall’amore, volmtà X(1224.
2622 291 3154 394 D
1592 362 2345 401 suprema, o catastrofe nella tragedia dl
1587 394 2346 452 Giulietta e Romeoe di Otello e Desde¬
1586 409 2403 490 mona; ma la morte che viene dal dist.
1580 473 2412 531 fuori, cieca, illogica, estranea alle vi-g
1583 502 2397 563 cende che interrompe, senza causa; nonT
1583 549 2407 596 apice o castigo della passione, ma vi-p
1584 586 2405 646 sitatrice distratta, che abbaite quello,
1586 619 2347 676 Iche sflora. Essa é dappertutto, non
1583 655 2348 709 Ipreannunciata, tutt'al pid qualche vol¬
1586 690 2351 765 ta presentita; vento di rapina nella va¬
1588 730 2350 784 stità. La vita é piena, l'amore esulta,
1589 770 2352 837 tutto pare in divenire; ed ecco, ella en¬
1599 819 2295 873 tra, grigia, sorda; e tutto & finito.
1913 847 2046 897 FXX
1615 869 2373 935 La storia di Cristina e assaf sempli¬
1589 931 2365 992 ce. Cristina, figlia di un modesto pro¬
1572 965 2349 1034 fessore d’orchestra, & un'adorablle fan¬
1571 1011 2348 1059 ciulla, la süssel mädel del borghese
1584 1052 2356 1106 Isentimentalismo azzurro della Vienna
1587 1078 2381 1155 di una volta; ma & la dolce ragazza
1594 1131 2390 1178 soltanto perché è tenera, affettuosa,
1596 1173 2390 1218 carezzevole, niente affatto ingombran-
1591 1204 2373 1259 te, niente affatto calcolatrice, pronta
1581 1232 2392 1295 la concedersi amorosa, semplicemente. K3
1585 1277 2353 1340 quasi ragionevolmente. Ha perö qual¬
1586 1317 2341 1367 che cosa di piü del tipo tradizionale:
1586 1350 2395 1411 ha l’ingenua costanza, ha il senso del¬ #u
1580 1388 2406 1449 la grandezza dell’amore. Per lei T’amo¬
1590 1434 2369 1489 ree tutto. L’amore, non gli amori. Ed
1591 1475 2361 1525 e tutto per lei anche l’uomo che ama,
1585 1510 2346 1570 e vorrebbe essere tutto per lui. Che
1581 1550 2356 1613 non lo sarà sempre, sa bene, e c’é pre¬
1585 1589 2357 1644 parata; ma anche sa che, dal canto
1593 1624 2356 1689 proprio, non cesserà mai d’amare a
1597 1652 2406 1736 quel modo, quello Stesso oggetto. Per-
1591 1705 2352 1771 ci0 nel breve tempo in cui ella sarà
1588 1749 2333 1813 di lui, ha il bisogno di sentirsi tenuta
2341 1755 2419 1809 st
1593 1791 2418 1833 al sommo del cuore, prima, domina-]pe
1594 1828 2405 1875 trice esclusiva. Invece, il suo Fritz laste
1585 1869 2413 1930 considera un amore secondario, un di-Pre
1600 1904 2357 1956 versivo da un altro amore, che non 6
2329 1922 2420 1995 ste
1596 1946 2349 2001 per lui, neppur esso, ardente; ma tut¬
1597 1979 2381 2032 tavia é piu importante, forse perché
1591 2013 2406 2078 e piu difflcile, ed elegante, e rischioso. #
1586 2052 2407 2123 Egli é l'amante di una bella signora, 11#
1584 2102 2343 2152 di una di quelle che si chiamano don¬
1593 2135 2343 2191 ne fatali. Ma ha conosciuto Cristina,
1592 2180 2344 2237 e l'ha corteggiata lietamente, e l'ha ba¬
2342 2157 2410 2224 50
1586 2213 2343 2262 ciata, e l’ha innamorata, e gode con
1588 2256 2334 2296 lei ore di giovinezza spensierata, pron¬
1591 2284 2348 2345 to a correre da quell'altra, al primo
1590 2327 2341 2392 richiamo. II marito di quell’altra sco¬
1588 2371 2331 2430 pre l’adulterio. Fritz si batte con que¬
2347 2350 2417 2422 „
1588 2405 2340 2473 st’uomo, e resta ucciso. Poche ore pri¬
2333 2440 2374 2489 1
1591 2451 2344 2508 ma di scendere sul terreno, nella pros¬
1593 2487 2335 2538 simità della morte, accarezzando Cri¬
2352 2509 2404 2558 n
1601 2528 2341 2578 stina e accomiatandosi da lei senza
2344 2543 2408 2602 N
1591 2556 2344 2622 dirle il proprio segreto, mormora a se
1590 2603 2355 2659 stesso:  Ora mi avvedo che, con que¬
1597 2644 2329 2684 sta fanciulla, avrei potuto trovare la
2341 2627 2398 2709 6
1584 2681 2343 2731 mia vera felicitä! Comprensione tar¬
1593 2711 2350 2778 diva. Di quale grande amore egli fos¬
2344 2728 2390 2772 8
1586 2758 2339 2810 se oggetto, non s’era reso conto; come
1585 2789 2407 2849 Cristina non s’era reso conto del pic-fd
1598 2831 2398 2895 colo posto che occupava nella vita ditg
1593 2874 2360 2917 iu. Ma quando apprende che egli e
1601 2912 2350 2974 morto, ed é morto per un'altra donna,
1596 2948 2340 3013 sorge in lei qualche cosa di piü atro¬
2339 2976 2402 3019 S
1587 2990 2332 3044 ce del dolore d’averlo perduto. Ella si
2339 3009 2408 3054 I1
1583 3036 2327 3089 fa questa domanda: &Che cosa sono
1581 3074 2341 3138 Istata per lui?: La risposta é terribile:
1587 3105 2346 3162 . Nulla, un giocol: E mentre egli gio¬
1589 3138 2411 3202 cava, ella ha bruciato la vita, ha dato
1594 3183 2399 3231 tutto, i tesori dell'anima, senza riserve.Ig
1593 3214 2412 3279 Che le resta? Plangere? Per chif Pre-it.
2347 3259 2414 3302 gr
1587 3265 2333 3313 gare su una tomba dove un’altra, pin
2335 3293 2415 3339 21
1583 3301 2342 3346 amata di lei, é inginocchiata? No. Mo¬
2351 3323 2414 3367 di
1594 3345 2326 3392 rire! E fugge, per por fine ai propri
2343 3361 2413 3402 gi
1587 3381 2331 3427 giorni, mentre il suo vecchlo padre,
1582 3416 2331 3470 Iche non l’aveva neppure rimproverata,
2337 3427 2414 3469 ca
1588 3449 2339 3502 che le riconosceva il diritto di cönqui¬
1589 3500 2329 3542 stare un po’ di gloia nella monotona
1587 3532 2333 3588 umile vita che conduceva, resta solo
2341 3574 2423 3624 da
1595 3577 2336 3617 a piangere. Ecco l’amore. E la morte
1576 3617 2325 3674 T'avevamo vista entrare poco prima,
2343 3610 2432 3701 7
1596 3655 2323 3703 rappresentata dal marito che veniva a
1597 3696 2333 3738 sfldare Fritz, mentre il giovine stava
2341 3679 2415 3745 210
1594 3731 2332 3777 con Cristina e un amico, e la Mitzi
2338 3741 2407 3784 Si
2334 3773 2408 3813 Ce
1585 3767 2334 3822 di questo amico, bevendo i vini chiari
1582 3806 2423 3858 je cantando i valzer leggeri. L’ingressolne
1569 3841 2403 3901 di quell’uomo non era un colpo di sce¬]“
1589 3885 2411 3944 na, ma un'apparizione cupamente sim-ch
1590 3923 2338 3973 bolica. Con Jui, che s'avanzava per pro¬
2333 3905 2421 3987 92
1559 3959 2336 4015 vocare un rivale, la morte entrava, per
2343 3976 2396 4015 n
1553 4004 2404 4064 Iportar via Fritz a Cristina e per attirare’ c.
2219 4047 2320 4103 eiererter
