3484 4256
519 135 872 207 Liebele
360 132 1480 247 5.1 box 12/7
956 658 1227 786 ·OARZ 1870
979 802 1336 882 7A.
633 801 843 912 Warh
487 906 1336 1027 Schaubühne und Kun
550 996 1379 1100 Stadttheater. S „Liebee¬
476 1067 1377 1140 Flei“. Gastspiel Anny Schrötter und Hans
493 1105 650 1176 Kainz.
661 1113 1387 1194 Für Schnitzlers zierliche Klein¬
490 1155 1371 1237 dramatik ist die intime Wirkung einer klei¬
490 1210 1373 1289 neren Bühne nur von Vorteil. Wenn dann
489 1270 1374 1339 auch wirklich gut gespielt wird, wie das bei
491 1319 1363 1386 uns der Fall war, dann erzielt dieses leben¬
484 1364 1362 1438 dige Gegenwartsdrama volle Wirkung. Die
474 1407 1360 1489 beiden Gäste, Fräulein Schrötter und
459 1454 1378 1531 Herr Kainz, als Hauptrollenträger, wußten
464 1510 1359 1585 durch richtiges Erfassen des psychologisch
470 1554 1371 1640 Markanten, das der Dichter lieber skizzenhaft
474 1607 1359 1693 andeutet statt breitspurig auszumalen, ihr
482 1656 1357 1738 Darstellen zu wirklichem Erlebnis zu ge¬
476 1711 1377 1788 stalten. Die wichtigste Aufgabe des darstellen¬
460 1742 1367 1844 „den Künstlers, sich in eine Rolle ganz einzu¬
463 1799 1360 1898 leben, haben beide voll erfüllt. Mit feinem,
477 1859 1346 1921 unausdringlichem Gebärdenspiel hat Herr
469 1887 1339 1978 Kainz den Seelenkampf, der „Lobheimers“
466 1944 1346 2033 Lebensschicksal ist, zum Ausdruck gebracht.
465 1992 1362 2098 Fräulein Schrötter bot einen Höhepunkt
471 2047 1360 2140 schauspielerischer Kunst in der letzten Szene,
475 2100 1365 2175 in der „Christine“ unter der Wucht der
450 2143 1372 2234 Doppelenttäuschung zusammenbricht. Schlicht
445 2207 1356 2279 und Harum wirkungsvoll wußte Herr Redl
444 2228 1348 2326 den alten Musiker zu gestalten. Auch die
467 2305 1360 2377 „Frau Binder“ des Fräuleins Markowitz¬
467 2354 1357 2423 war eine lebensechte Figur, die den scharfen
472 2401 1348 2478 Gegensatz zwischen der Ideenwelt eines nüch¬
450 2419 1354 2520 ternen Alltagsmenschen und der Traumwelt
457 2501 1344 2576 Christinens prächtig hervorgehoben hat. Die
423 2545 1347 2620 tlebenslustige und leichtlebige „Mizzi“ fand
418 2583 1338 2685 in Fräulein Delys eine ausgezeichnete
451 2619 1346 2731 Vertreterin. Auch Herr Kroll als „Theo¬
443 2682 1345 2777 dor“ verdient Lob; nur neigte er — was ja
443 2747 1358 2834 auf den Operettensänger zurückzuführen ist
417 2784 1334 2877 — dazu, die heitere Note dieser Figur allzu¬
431 2847 1331 2903 sehr zu betonen. Endlich sei auch noch Herr
439 2877 1334 2977 Preiß genannt, der den Auftritt der beiden
441 2962 1352 3056 Duellgegner zu einer packenden Szene zu
448 3025 1370 3123 gestalten wußte und auch als Spielleiter.
474 3089 882 3161 volles Lob verdient.
521 3166 1354 3244 Stadttheater. Heute und morgen abends
466 3226 1352 3325 „Ein Herbstmanöver“. Sonntag nachmittags
465 3274 1360 3354 „Der Vogelhändler“. Montag und Dienstag
455 3324 1366 3391 „Die ideale Gattin“, Operette von Franz
472 3370 1364 3445 Lehar. Die Erstaufführung des Werkes finder
471 3434 1363 3499 als Ehrenabend der beliebten Opexetten¬
470 3476 1021 3561 jängerin Else Trauth statt.
1484 1062 2333 1128 halb irrsinnigem Leugnen die einzige Ret¬
1479 1109 2339 1181 tung sah und dann zum Schluß auch die
1487 1166 2343 1217 Ermordung ihres Kindes gestand, das war
1484 1219 2344 1275 eine Meisterleistung, die mit Worten nicht
1493 1260 2348 1333 zu erschöpfen ist und von der man bloß
1493 1322 2348 1381 sagen kann: man wurde mit fortgerissen,
1497 1367 2046 1420 gepackt und tief gerührt.
1519 1412 2354 1469 Ihre Gegenspieler waren Herr Mühlberg
1487 1457 2342 1520 als Leutnant Flamm, der auch als Regis¬
1493 1499 2350 1565 seur zeichnete (aber scheinbar auch nur
1495 1553 2346 1613 zeichnete) und Herr Hölzlin als August
1489 1602 2348 1662 Keil. — In den paar Worten zeigte sich
1488 1650 2360 1729 der unüberbrückbare Abstand der beiden:
1489 1710 2360 1775 Rose: „Am liebsten flög ich ja in alle
1494 1746 2349 1809 Welt“ und Flamms Antwort: „Ich mit.
1501 1804 2351 1873 ich mit!“ Wie lächerlich der Ausruf bei
1492 1849 2350 1923 Herrn Mühlberg doch klang und wie wun¬
1500 1898 2356 1964 derbar bei Fräulein Rosar. — Und wer
1505 1957 2364 2026 übermimmt es, Bewegung, Temperament
1504 1992 2348 2062 und Auffassung in Herrn Hölzlin zu brin¬
1509 2045 2364 2109 gen? Er schien geradezu bockbeinig,
1505 2091 2360 2157 trotzig, so steif war er. Auch den Dialekt
1507 2137 2353 2204 hätte er etwas besser studieren können.
1506 2186 2359 2260 In der Schlußszene des Stückes, in der
1498 2230 2361 2317 sich die Meisterschaft Fräulein Rosars auf
1507 2282 2364 2358 vollster Höhe zeigte, war es Herrn Hölz¬
1509 2339 2372 2411 lins geradezu sonderbares Spiel, das uns
1507 2380 2371 2466 in Erinnerung brachte, daß auch Fräulein
1507 2431 2357 2510 Rosar „nur“ Theater spielte. Anderseits
1509 2481 2362 2563 wieder ermöglicht er eine klarere Kritik
1506 2537 2367 2598 über ihre lebendige Kunst. Deshalb ist
1516 2575 2375 2652 man auch ihm Dank schuldig. Herr Reigt
1505 2632 2319 2697 hardt als Streckmann war unmöglich.
1811 2671 2342 2757 Hans Gerbard Sc hol.
1706 2772 2187 2838 Der Liebestrank.
1510 2835 2374 2895 Schwank von Frank Wedekind. Neu¬
1722 2875 2175 2944 inszenierung in Prag.
1587 2902 2369 3005 Ale Einziges an diesem Abend
2372 1043 3242 1113 Wenn dieses Stück nur ein kleit, wenig
2357 1104 3229 1180 Wedekind, nur ein Miniatur-Hohelied auf
2369 1148 3233 1218 Praxis und Vernunft, unbeeinflußt von
2367 1202 3235 1263 fremder Persönlichkeit („wie hieß doch
2376 1247 3233 1328 der Dichter gleich?“... „Goethe!“), Wis¬
2367 1297 3223 1375 sen und Bildung, wenn dieser Schwiger¬
2371 1345 3243 1403 ling, egozentrisch in eigener Philosophie,
2371 1396 3239 1471 Schüler und Meister der Welt wie sie ist
2372 1442 3237 1510 und nicht wie sie sein könnte, ist, so muß
2368 1488 3233 1564 er wohl seinen Weg kennen. Und wenn er
2374 1539 3243 1619 ihm klar ist, müßte er es doch auch uns
2367 1582 3243 1667 sein. Da er in Rußland seine Frau trifft,
2370 1634 3247 1701 die, von ihm unerkannt, höchst lächerlich
2372 1688 3246 1753 über die Bühne schaukelt, er dann aber,
2371 1742 3247 1802 sie an ihrem Zeichen am Arm erkennend,
2372 1785 3234 1853 innigst küßt, doch später aber ihre Mit¬
2384 1834 3243 1911 reise fürchtet ... wwo waren Regie und
2373 1885 3252 1949 Darstellung, uns das Komödienspiel an
2386 1938 3246 1995 dieser oder jener Stelle erkengen zu
2379 1978 3249 2059 lassen. Man müßte ihn ja sonst für einen
2388 2044 3247 2105 Idioten halten, der er doch wohl nicht ist.
2383 2078 3245 2155 Also ist das Wackeln des Hinterdecks der
2387 2127 3248 2191 Frau, die er einstens liebte, ein Unsinn,
2393 2180 3259 2241 denn sonst müßte er ja brechen und nicht
2393 2225 3244 2297 sie küssen oder es ist Trugspiel seiner
2392 2273 3243 2343 Person. Herr Hüttig klapperte zwar
2379 2318 3259 2396 fleißig mit den Sporen, Frau Pitschau
2381 2385 3261 2444 wülzte sich zwar recht zackig nach vorn,
2383 2422 3263 2512 ammerte und sprach pathetisch, aber das
2383 2466 3256 2539 f genügt doch nicht. — Herr Wurmser
2399 2516 3254 2594 spielte den russischen Fürsten mit dem
2390 2562 3267 2639 Gesicht eines bayerischen Bauern und
2391 2611 3264 2675 böhmelnder Sprache, was wahrscheinlich
2393 2659 3268 2729 an die Gegend erinnern sollte. — Aber
2399 2723 3257 2784 es ist zwecklos, über diese Aufführung
2398 2773 3258 2829 übenhlaupt etwas zu sagen, in der einzig
2398 2809 3254 2871 und allein Fräulein Mittler etwas Tem¬
2397 2853 3273 2939 perament und angedeutete Begeisterung
2401 2913 3274 2980 aus dem Munde — wenn es schon nicht
2402 2961 3271 3040 aus dem Herzen kam — brachte. — Schade
2395 3015 3266 3094 bei diesem Resultat# Mühe des
2408 3057 3277 3139 Regisseurs, vielleicht da war, wenn
2411 3103 3184 3180 man sie-auch nicht zu spüren bekam.
2706 3154 3238 3229 Hans Gerhard Scholz.
2704 3208 3292 3314 C
2541 3238 2672 3324 2
2405 3281 3321 3357 Schauspiel von Arthur Schnitzler*)
2487 3331 3231 3414 Gastspiel Annie
2444 3387 3274 3458 Dieses süß-traurige Stück, in dem eine
2403 3431 3271 3507 brave, hübsche Musikerstochter die Liebe
2420 3495 3293 3580 eines jungen, —hatürlich reichen. Mannes
