<?xml version="1.0" encoding="UTF-8" standalone="yes"?>
<PcGts xmlns="http://schema.primaresearch.org/PAGE/gts/pagecontent/2013-07-15" xmlns:xsi="http://www.w3.org/2001/XMLSchema-instance" xsi:schemaLocation="http://schema.primaresearch.org/PAGE/gts/pagecontent/2013-07-15 http://schema.primaresearch.org/PAGE/gts/pagecontent/2013-07-15/pagecontent.xsd">
    <Metadata>
        <Creator>prov=University of Rostock/Institute of Mathematics/CITlab/Gundram Leifert/gundram.leifert@uni-rostock.de:name=ONB_Newseye_GT_M1+(htr_id=10810)::::v=2.4.2
prov=University of Rostock/Institute of Mathematics/CITlab/Tobias Gruening/tobias.gruening@uni-rostock.de:name=de.uros.citlab.module.baseline2polygon.B2PSeamMultiOriented:v=2.4.2
prov=University of Rostock/Institute of Mathematics/CITlab/Tobias Gruening/tobias.gruening@uni-rostock.de:name=/mnt/transkribus/LA/DEA/URO/LA_news_onb_att.pb:de.uros.citlab.segmentation.CITlab_LA_ML:v=2.4.2
Transkribus</Creator>
        <Created>2019-10-07T11:50:54.997+02:00</Created>
        <LastChange>2019-10-09T01:57:34.698+02:00</LastChange>
        <TranskribusMetadata docId="223992" pageId="9506974" pageNr="307" tsid="16618649" status="IN_PROGRESS" userId="40391" imgUrl="https://files.transkribus.eu/Get?id=HSSZYGGYBUQYXBIITMEVCPUB&amp;fileType=view" xmlUrl="https://files.transkribus.eu/Get?id=XASYPFBGMGUOXGVIPOUDXOTA" imageId="6196780"/>
    </Metadata>
    <Page imageFilename="223992_0307.jpeg" imageWidth="3484" imageHeight="4224">
        <ReadingOrder>
            <OrderedGroup id="ro_1711445767976" caption="Regions reading order">
                <RegionRefIndexed index="0" regionRef="r1"/>
                <RegionRefIndexed index="1" regionRef="r2"/>
            </OrderedGroup>
        </ReadingOrder>
        <TextRegion orientation="0.0" id="r1" custom="readingOrder {index:0;}">
            <Coords points="282,58 282,118 816,118 816,58"/>
            <TextLine id="r1l1" custom="readingOrder {index:0;}">
                <Coords points="448,95 814,92 813,29 772,22 752,42 729,43 668,26 636,51 579,17 531,37 447,36"/>
                <Baseline points="455,87 480,85 505,83 530,82 555,82 580,82 605,81 631,81 656,81 681,81 706,81 731,80 756,80 781,79 807,78"/>
                <TextEquiv>
                    <Unicode>Liebelei</Unicode>
                </TextEquiv>
            </TextLine>
            <TextLine id="r1l2" custom="readingOrder {index:1;}">
                <Coords points="275,105 387,96 512,129 565,110 702,124 776,106 821,128 822,83 455,89 334,36 276,38"/>
                <Baseline points="282,85 308,89 335,93 362,96 388,98 415,100 442,103 468,104 495,106 522,107 549,108 575,108 602,108 629,108 655,107 682,106 709,106 735,104 762,103 789,100 816,98"/>
                <TextEquiv>
                    <Unicode>5. Senenenen</Unicode>
                </TextEquiv>
            </TextLine>
            <TextEquiv>
                <Unicode>Liebelei
5. Senenenen</Unicode>
            </TextEquiv>
        </TextRegion>
        <TextRegion orientation="0.0" id="r2" custom="readingOrder {index:1;}">
            <Coords points="967,44 967,3588 2436,3588 2436,44"/>
            <TextLine id="r2l1" custom="readingOrder {index:0;}">
                <Coords points="960,61 1076,96 1144,72 1267,96 1331,68 1410,78 1409,12 1334,-1 1212,9 1156,38 1121,26 1052,41 1008,14 959,16"/>
                <Baseline points="967,75 992,74 1018,74 1043,74 1069,74 1095,74 1120,74 1146,74 1172,74 1197,74 1223,74 1249,74 1274,73 1300,72 1326,70 1351,69 1377,67 1403,64"/>
                <TextEquiv>
                    <Unicode>box 10/4</Unicode>
                </TextEquiv>
            </TextLine>
            <TextLine id="r2l2" custom="readingOrder {index:1;}">
                <Coords points="1314,506 1995,487 2161,512 2301,496 2302,416 1314,422"/>
                <Baseline points="1321,476 1369,478 1418,481 1467,482 1515,484 1564,484 1613,485 1661,485 1710,485 1759,484 1808,484 1856,483 1905,483 1954,482 2002,482 2051,482 2100,482 2148,483 2197,484 2246,486 2295,487"/>
                <TextEquiv>
                    <Unicode>CORRIERE TEATRALE</Unicode>
                </TextEquiv>
            </TextLine>
            <TextLine id="r2l3" custom="readingOrder {index:2;}">
                <Coords points="1714,549 1741,542 1749,550 1776,541 1786,550 1809,546 1818,551 1838,539 1858,544 1906,526 1905,494 1884,490 1869,489 1850,500 1835,490 1815,492 1796,507 1781,493 1740,500 1714,496"/>
                <Baseline points="1721,532 1746,533 1771,533 1797,533 1822,533 1848,533 1873,532 1899,531"/>
                <TextEquiv>
                    <Unicode>MANZONT</Unicode>
                </TextEquiv>
            </TextLine>
            <TextLine id="r2l4" custom="readingOrder {index:3;}">
                <Coords points="1306,536 1338,558 1363,542 1393,556 1417,544 1447,558 1467,546 1481,552 1517,538 1546,541 1543,492 1493,501 1473,492 1448,502 1426,493 1354,517 1334,505 1304,506"/>
                <Baseline points="1313,542 1338,546 1363,547 1388,546 1413,545 1438,542 1463,539 1488,537 1513,535 1539,535"/>
                <TextEquiv>
                    <Unicode>S</Unicode>
                </TextEquiv>
            </TextLine>
            <TextLine id="r2l5" custom="readingOrder {index:4;}">
                <Coords points="1459,591 1579,611 2047,590 2264,624 2264,551 2120,535 1925,524 1744,553 1657,527 1459,570"/>
                <Baseline points="1465,583 1504,586 1544,587 1583,588 1623,588 1663,588 1702,587 1742,586 1781,585 1821,583 1861,582 1900,581 1940,581 1979,581 2019,581 2059,583 2098,585 2138,589 2177,594 2217,599 2257,607"/>
                <TextEquiv>
                    <Unicode>AMOREGGLAMENTI </Unicode>
                </TextEquiv>
            </TextLine>
            <TextLine id="r2l6" custom="readingOrder {index:5;}">
                <Coords points="1305,648 1431,670 1582,640 1654,671 1725,639 2024,651 2182,626 2086,593 1578,612 1423,566 1306,590"/>
                <Baseline points="1312,621 1355,624 1398,627 1441,631 1484,633 1528,635 1571,637 1614,638 1657,639 1700,640 1744,640 1787,640 1830,640 1873,640 1916,639 1960,638 2003,637 2046,635 2089,634 2132,632 2176,630"/>
                <TextEquiv>
                    <Unicode>40 Dramma in 3 atti di Arturo Schnitzler.</Unicode>
                </TextEquiv>
            </TextLine>
            <TextLine id="r2l7" custom="readingOrder {index:6;}">
                <Coords points="1336,696 1965,717 2267,691 2322,715 2322,665 2264,649 1336,666"/>
                <Baseline points="1343,694 1391,696 1440,698 1488,699 1537,700 1586,700 1634,700 1683,700 1731,699 1780,698 1829,697 1877,696 1926,695 1974,694 2023,693 2072,692 2120,692 2169,692 2217,692 2266,692 2315,693"/>
                <TextEquiv>
                    <Unicode>II dramma é giovanile; e non soltanto perche</Unicode>
                </TextEquiv>
            </TextLine>
            <TextLine id="r2l8" custom="readingOrder {index:7;}">
                <Coords points="1322,770 1760,739 2330,756 2329,718 2267,693 1321,707"/>
                <Baseline points="1329,752 1378,750 1428,748 1478,746 1527,745 1577,744 1627,743 1676,742 1726,741 1776,741 1826,740 1875,740 1925,739 1975,739 2024,739 2074,738 2124,738 2173,738 2223,737 2273,737 2323,737"/>
                <TextEquiv>
                    <Unicode>Scritto da un giovine, ma anche perché pieno di</Unicode>
                </TextEquiv>
            </TextLine>
            <TextLine id="r2l9" custom="readingOrder {index:8;}">
                <Coords points="1317,795 2338,784 2297,733 1317,766"/>
                <Baseline points="1323,794 1373,793 1423,791 1474,791 1524,789 1575,788 1625,787 1675,786 1726,785 1776,784 1827,783 1877,782 1927,782 1978,781 2028,780 2079,780 2129,779 2179,779 2230,779 2280,779 2331,779"/>
                <TextEquiv>
                    <Unicode>giovinezza. Nelle sue forme é facile riconoscere le#</Unicode>
                </TextEquiv>
            </TextLine>
            <TextLine id="r2l10" custom="readingOrder {index:9;}">
                <Coords points="1329,831 2278,836 2303,804 1932,782 1329,813"/>
                <Baseline points="1335,837 1383,836 1431,834 1479,833 1527,832 1575,831 1623,831 1671,830 1719,829 1767,828 1816,828 1864,827 1912,826 1960,826 2008,825 2056,824 2104,823 2152,822 2200,821 2248,820 2297,819"/>
                <TextEquiv>
                    <Unicode>endenze nuove dell' arte; é, infatti, come si dice</Unicode>
                </TextEquiv>
            </TextLine>
            <TextLine id="r2l11" custom="readingOrder {index:10;}">
                <Coords points="1314,906 2301,874 2300,835 2233,825 1313,848"/>
                <Baseline points="1321,889 1369,886 1418,883 1467,881 1515,878 1564,876 1613,874 1661,873 1710,872 1759,870 1808,869 1856,869 1905,868 1954,867 2002,867 2051,867 2100,866 2148,866 2197,866 2246,865 2295,865"/>
                <TextEquiv>
                    <Unicode> Jn4, un dramma d’ambiente. Ei suoi personaggi,</Unicode>
                </TextEquiv>
            </TextLine>
            <TextLine id="r2l12" custom="readingOrder {index:11;}">
                <Coords points="1279,938 2059,904 2199,927 2301,912 2301,874 1277,878"/>
                <Baseline points="1285,927 1335,925 1386,922 1436,921 1487,920 1537,918 1588,917 1638,916 1689,915 1739,915 1790,914 1840,913 1891,912 1941,911 1992,910 2042,909 2093,908 2143,907 2194,905 2244,903 2295,901"/>
                <TextEquiv>
                    <Unicode>#a breve istoria che viene svolgendo, gli son for¬</Unicode>
                </TextEquiv>
            </TextLine>
            <TextLine id="r2l13" custom="readingOrder {index:12;}">
                <Coords points="1320,983 2219,951 2218,923 2137,909 1376,922 1319,953"/>
                <Baseline points="1325,965 1369,964 1413,963 1458,962 1502,961 1546,960 1591,960 1635,959 1679,959 1724,958 1768,957 1812,957 1857,956 1901,955 1945,954 1990,953 2034,952 2078,951 2123,949 2167,947 2212,946"/>
                <TextEquiv>
                    <Unicode>nit Zall’eterno sogno amoroso dei vent’anni.</Unicode>
                </TextEquiv>
            </TextLine>
            <TextLine id="r2l14" custom="readingOrder {index:13;}">
                <Coords points="1363,1014 2308,1011 2307,927 2072,979 2010,954 1362,976"/>
                <Baseline points="1369,1006 1415,1005 1462,1005 1508,1005 1555,1004 1602,1004 1648,1003 1695,1003 1741,1002 1788,1001 1835,1001 1881,1000 1928,999 1974,998 2021,998 2068,997 2114,996 2161,995 2207,994 2254,993 2301,993"/>
                <TextEquiv>
                    <Unicode>Ner ricordo dramma piü semplice di questo,</Unicode>
                </TextEquiv>
            </TextLine>
            <TextLine id="r2l15" custom="readingOrder {index:14;}">
                <Coords points="1328,1054 2313,1039 2312,1011 2192,998 1632,1027 1327,995"/>
                <Baseline points="1334,1049 1382,1049 1431,1049 1479,1049 1528,1048 1577,1048 1625,1047 1674,1046 1722,1046 1771,1044 1820,1044 1868,1042 1917,1041 1965,1040 2014,1039 2063,1038 2111,1037 2160,1036 2208,1036 2257,1035 2306,1035"/>
                <TextEquiv>
                    <Unicode>Non ha azione, non episodi, non interessi d’avve¬</Unicode>
                </TextEquiv>
            </TextLine>
            <TextLine id="r2l16" custom="readingOrder {index:15;}">
                <Coords points="1327,1103 2312,1089 2284,1037 1326,1055"/>
                <Baseline points="1333,1096 1381,1095 1430,1094 1478,1093 1527,1092 1576,1091 1624,1090 1673,1089 1721,1088 1770,1087 1819,1087 1867,1086 1916,1085 1964,1084 2013,1084 2062,1083 2110,1082 2159,1081 2207,1081 2256,1080 2305,1079"/>
                <TextEquiv>
                    <Unicode>nimenti, non scioglimento. E pure non é vano. II</Unicode>
                </TextEquiv>
            </TextLine>
            <TextLine id="r2l17" custom="readingOrder {index:16;}">
                <Coords points="1319,1153 2275,1137 2299,1092 1318,1099"/>
                <Baseline points="1325,1139 1373,1137 1421,1135 1470,1134 1518,1133 1567,1132 1615,1131 1663,1131 1712,1130 1760,1129 1809,1129 1857,1128 1905,1128 1954,1128 2002,1127 2051,1126 2099,1126 2147,1125 2196,1125 2244,1124 2293,1123"/>
                <TextEquiv>
                    <Unicode>oubblico l’ha ieri sera ascoltato con impazienza;</Unicode>
                </TextEquiv>
            </TextLine>
            <TextLine id="r2l18" custom="readingOrder {index:17;}">
                <Coords points="1333,1191 2215,1184 2299,1167 2299,1134 1332,1153"/>
                <Baseline points="1339,1180 1386,1179 1434,1179 1482,1178 1529,1177 1577,1176 1625,1175 1672,1175 1720,1174 1768,1173 1816,1172 1863,1171 1911,1171 1959,1170 2006,1169 2054,1169 2102,1168 2149,1168 2197,1167 2245,1167 2293,1166"/>
                <TextEquiv>
                    <Unicode>#e il prebblico non ha sempre ragione. Altri drammi</Unicode>
                </TextEquiv>
            </TextLine>
            <TextLine id="r2l19" custom="readingOrder {index:18;}">
                <Coords points="1330,1227 2299,1226 2298,1172 1329,1192"/>
                <Baseline points="1337,1225 1384,1224 1432,1224 1480,1223 1528,1222 1576,1221 1623,1220 1671,1219 1719,1218 1767,1217 1815,1215 1862,1214 1910,1213 1958,1212 2006,1211 2054,1210 2101,1210 2149,1209 2197,1209 2245,1209 2293,1209"/>
                <TextEquiv>
                    <Unicode>##rono applanditi che valevano assai meno. Questo</Unicode>
                </TextEquiv>
            </TextLine>
            <TextLine id="r2l20" custom="readingOrder {index:19;}">
                <Coords points="1327,1267 2278,1270 2301,1223 1326,1226"/>
                <Baseline points="1333,1267 1381,1266 1429,1266 1477,1265 1525,1264 1573,1264 1621,1263 1669,1262 1717,1261 1765,1260 1814,1260 1862,1259 1910,1258 1958,1257 2006,1257 2054,1256 2102,1255 2150,1254 2198,1254 2246,1253 2295,1252"/>
                <TextEquiv>
                    <Unicode># ingennamente sentimentale, ecco il suo vero di¬</Unicode>
                </TextEquiv>
            </TextLine>
            <TextLine id="r2l21" custom="readingOrder {index:20;}">
                <Coords points="1315,1312 2304,1314 2303,1274 2236,1261 1379,1282 1314,1256"/>
                <Baseline points="1322,1313 1370,1312 1419,1310 1468,1309 1517,1308 1565,1308 1614,1307 1663,1306 1712,1305 1760,1304 1809,1303 1858,1303 1907,1302 1955,1301 2004,1301 2053,1300 2102,1299 2150,1299 2199,1298 2248,1297 2297,1296"/>
                <TextEquiv>
                    <Unicode>Hesto. La sentimentalità é mal sopportata a teatro;</Unicode>
                </TextEquiv>
            </TextLine>
            <TextLine id="r2l22" custom="readingOrder {index:21;}">
                <Coords points="1316,1360 2323,1361 2322,1314 2241,1299 1315,1316"/>
                <Baseline points="1323,1360 1372,1358 1422,1357 1471,1355 1521,1354 1571,1353 1620,1351 1670,1350 1720,1349 1769,1348 1819,1347 1869,1346 1918,1345 1968,1344 2018,1344 2067,1343 2117,1342 2167,1341 2216,1340 2266,1339 2316,1339"/>
                <TextEquiv>
                    <Unicode> ingenua peggio che l artificiosa. E pretendere</Unicode>
                </TextEquiv>
            </TextLine>
            <TextLine id="r2l23" custom="readingOrder {index:22;}">
                <Coords points="1325,1419 2302,1391 2301,1364 2168,1344 1325,1380"/>
                <Baseline points="1331,1405 1379,1402 1427,1400 1475,1398 1523,1397 1572,1396 1620,1395 1668,1394 1716,1393 1764,1393 1813,1392 1861,1392 1909,1391 1957,1391 2005,1390 2054,1390 2102,1388 2150,1387 2198,1385 2246,1384 2295,1382"/>
                <TextEquiv>
                    <Unicode>cüe un dramma come questo, il quale avrebbe do¬</Unicode>
                </TextEquiv>
            </TextLine>
            <TextLine id="r2l24" custom="readingOrder {index:23;}">
                <Coords points="1342,1442 2286,1443 2320,1436 2319,1364 2202,1404 1342,1421"/>
                <Baseline points="1349,1445 1397,1444 1445,1442 1493,1441 1542,1440 1590,1439 1638,1438 1686,1437 1735,1437 1783,1436 1831,1436 1879,1435 1928,1435 1976,1434 2024,1433 2072,1433 2121,1432 2169,1431 2217,1430 2265,1429 2314,1428"/>
                <TextEquiv>
                    <Unicode>vato interessare e commuovere coll' amore, colla</Unicode>
                </TextEquiv>
            </TextLine>
            <TextLine id="r2l25" custom="readingOrder {index:24;}">
                <Coords points="1333,1498 2306,1484 2305,1439 2157,1432 1399,1460 1332,1438"/>
                <Baseline points="1339,1490 1387,1488 1435,1486 1483,1484 1531,1483 1579,1482 1627,1481 1675,1480 1723,1480 1771,1479 1819,1478 1867,1478 1915,1477 1963,1477 2011,1476 2059,1476 2107,1475 2155,1474 2203,1473 2251,1472 2299,1471"/>
                <TextEquiv>
                    <Unicode>peesia e colla disperazione di una Mimi viennese,</Unicode>
                </TextEquiv>
            </TextLine>
            <TextLine id="r2l26" custom="readingOrder {index:25;}">
                <Coords points="1320,1528 2300,1531 2299,1485 2232,1476 1320,1489"/>
                <Baseline points="1327,1533 1375,1531 1423,1529 1471,1527 1520,1526 1568,1525 1616,1524 1665,1524 1713,1523 1761,1523 1810,1523 1858,1522 1906,1522 1954,1522 2003,1521 2051,1520 2099,1519 2148,1517 2196,1515 2244,1513 2293,1509"/>
                <TextEquiv>
                    <Unicode>intoressasse e commuovesse un pubblico critico 6</Unicode>
                </TextEquiv>
            </TextLine>
            <TextLine id="r2l27" custom="readingOrder {index:26;}">
                <Coords points="1334,1574 1847,1584 1894,1555 2197,1582 2280,1568 2312,1528 1333,1535"/>
                <Baseline points="1340,1575 1388,1573 1436,1572 1484,1570 1533,1569 1581,1568 1629,1568 1678,1567 1726,1566 1774,1566 1823,1565 1871,1565 1919,1564 1967,1564 2016,1563 2064,1562 2112,1562 2161,1561 2209,1559 2257,1558 2306,1556"/>
                <TextEquiv>
                    <Unicode>escettico qual' é il nostro; era ferse pretender</Unicode>
                </TextEquiv>
            </TextLine>
            <TextLine id="r2l28" custom="readingOrder {index:27;}">
                <Coords points="1333,1638 1343,1634 1356,1643 1385,1620 1417,1626 1424,1622 1441,1631 1499,1610 1499,1591 1485,1591 1463,1576 1445,1586 1432,1577 1422,1581 1413,1576 1382,1590 1363,1581 1353,1590 1332,1583"/>
                <Baseline points="1339,1614 1364,1615 1390,1615 1416,1615 1441,1615 1467,1613 1493,1610"/>
                <TextEquiv>
                    <Unicode>(troppo.</Unicode>
                </TextEquiv>
            </TextLine>
            <TextLine id="r2l29" custom="readingOrder {index:28;}">
                <Coords points="1405,1670 2242,1662 2316,1629 1993,1602 1404,1625"/>
                <Baseline points="1411,1654 1455,1655 1500,1655 1545,1655 1590,1655 1635,1655 1680,1654 1725,1654 1770,1653 1815,1653 1860,1652 1904,1652 1949,1651 1994,1650 2039,1649 2084,1649 2129,1648 2174,1647 2219,1646 2264,1645 2309,1645"/>
                <TextEquiv>
                    <Unicode>II Tramma tuttavia meritava, a mio credere, um</Unicode>
                </TextEquiv>
            </TextLine>
            <TextLine id="r2l30" custom="readingOrder {index:29;}">
                <Coords points="1332,1703 1879,1715 2313,1683 2302,1646 1332,1682"/>
                <Baseline points="1339,1705 1387,1703 1435,1702 1484,1700 1532,1700 1581,1699 1629,1698 1677,1698 1726,1698 1774,1698 1823,1697 1871,1697 1919,1697 1968,1696 2016,1696 2065,1695 2113,1694 2161,1692 2210,1690 2258,1688 2307,1686"/>
                <TextEquiv>
                    <Unicode>pin attento esame ed un piü indulgente gindizio.</Unicode>
                </TextEquiv>
            </TextLine>
            <TextLine id="r2l31" custom="readingOrder {index:30;}">
                <Coords points="1345,1763 1924,1731 2313,1760 2299,1687 1345,1709"/>
                <Baseline points="1351,1747 1398,1746 1446,1746 1494,1745 1542,1745 1590,1745 1637,1744 1685,1744 1733,1744 1781,1743 1829,1743 1876,1742 1924,1741 1972,1740 2020,1739 2068,1739 2115,1737 2163,1736 2211,1734 2259,1732 2307,1730"/>
                <TextEquiv>
                    <Unicode>Ripere molte cose già note — é vero. Si potrebbe</Unicode>
                </TextEquiv>
            </TextLine>
            <TextLine id="r2l32" custom="readingOrder {index:31;}">
                <Coords points="1344,1793 2298,1773 2263,1738 1344,1762"/>
                <Baseline points="1351,1789 1398,1789 1445,1789 1492,1789 1539,1789 1586,1789 1633,1788 1680,1788 1727,1788 1774,1787 1821,1787 1868,1786 1915,1786 1962,1785 2009,1783 2056,1782 2103,1781 2150,1779 2197,1777 2244,1775 2291,1772"/>
                <TextEquiv>
                    <Unicode>anzi affermare che in sé non abbia elemento al¬</Unicode>
                </TextEquiv>
            </TextLine>
            <TextLine id="r2l33" custom="readingOrder {index:32;}">
                <Coords points="1336,1830 2314,1844 2323,1790 1336,1805"/>
                <Baseline points="1343,1836 1391,1835 1440,1833 1489,1832 1537,1831 1586,1830 1635,1829 1683,1828 1732,1828 1781,1827 1830,1827 1878,1826 1927,1826 1976,1825 2024,1825 2073,1824 2122,1823 2170,1823 2219,1822 2268,1821 2317,1819"/>
                <TextEquiv>
                    <Unicode>cunc veramente originale. — Ma in parecchie</Unicode>
                </TextEquiv>
            </TextLine>
            <TextLine id="r2l34" custom="readingOrder {index:33;}">
                <Coords points="1335,1877 2281,1879 2315,1832 1334,1848"/>
                <Baseline points="1341,1879 1389,1878 1437,1877 1486,1876 1534,1875 1583,1874 1631,1873 1679,1873 1728,1872 1776,1871 1825,1871 1873,1870 1921,1870 1970,1869 2018,1868 2067,1867 2115,1866 2163,1865 2212,1864 2260,1862 2309,1861"/>
                <TextEquiv>
                    <Unicode>escene rivela pure una non comune concezione dellal</Unicode>
                </TextEquiv>
            </TextLine>
            <TextLine id="r2l35" custom="readingOrder {index:34;}">
                <Coords points="1338,1928 2263,1922 2306,1915 2305,1877 1337,1901"/>
                <Baseline points="1344,1924 1391,1922 1439,1921 1487,1919 1535,1918 1582,1917 1630,1917 1678,1916 1726,1915 1773,1915 1821,1914 1869,1914 1917,1913 1964,1913 2012,1913 2060,1912 2108,1911 2155,1910 2203,1909 2251,1908 2299,1907"/>
                <TextEquiv>
                    <Unicode>vila, e gli circola dentro un sangue vivo di pas¬</Unicode>
                </TextEquiv>
            </TextLine>
            <TextLine id="r2l36" custom="readingOrder {index:35;}">
                <Coords points="1340,1988 1491,1962 2317,1970 2306,1910 1339,1927"/>
                <Baseline points="1346,1969 1394,1966 1442,1964 1490,1963 1539,1961 1587,1961 1635,1960 1683,1959 1732,1958 1780,1958 1828,1958 1876,1957 1925,1957 1973,1957 2021,1956 2069,1956 2118,1955 2166,1954 2214,1953 2262,1952 2311,1950"/>
                <TextEquiv>
                    <Unicode>sione e di pietà. La zua Cristina non é la solita</Unicode>
                </TextEquiv>
            </TextLine>
            <TextLine id="r2l37" custom="readingOrder {index:36;}">
                <Coords points="1337,2012 2300,2012 2311,1972 1336,1986"/>
                <Baseline points="1343,2011 1391,2010 1439,2008 1487,2007 1535,2006 1583,2005 1631,2004 1679,2003 1727,2002 1775,2001 1824,2001 1872,2000 1920,1999 1968,1999 2016,1998 2064,1997 2112,1996 2160,1996 2208,1995 2256,1994 2305,1993"/>
                <TextEquiv>
                    <Unicode>vittima dell'amore; e meno ancora é la solita sen¬</Unicode>
                </TextEquiv>
            </TextLine>
            <TextLine id="r2l38" custom="readingOrder {index:37;}">
                <Coords points="1343,2059 1428,2052 1503,2064 1538,2047 1560,2064 1591,2064 1608,2051 1727,2047 1727,2025 1608,2009 1579,2020 1527,2009 1456,2020 1342,2010"/>
                <Baseline points="1349,2051 1375,2051 1402,2050 1428,2049 1455,2048 1481,2047 1508,2046 1534,2045 1561,2044 1587,2044 1614,2043 1640,2043 1667,2044 1693,2045 1720,2046"/>
                <TextEquiv>
                    <Unicode>timentale tedesca.</Unicode>
                </TextEquiv>
            </TextLine>
            <TextLine id="r2l39" custom="readingOrder {index:38;}">
                <Coords points="1378,2112 2332,2089 2331,2038 2232,2015 2138,2044 1917,2027 1378,2067"/>
                <Baseline points="1385,2091 1432,2091 1479,2091 1526,2090 1573,2090 1620,2090 1667,2089 1714,2089 1761,2089 1808,2088 1855,2088 1902,2087 1949,2087 1996,2086 2043,2085 2090,2085 2137,2084 2184,2083 2231,2082 2278,2081 2325,2080"/>
                <TextEquiv>
                    <Unicode>Nell’espressione della sua anima innamorata e</Unicode>
                </TextEquiv>
            </TextLine>
            <TextLine id="r2l40" custom="readingOrder {index:39;}">
                <Coords points="1341,2140 2331,2147 2330,2088 2259,2077 2111,2113 1886,2088 1341,2121"/>
                <Baseline points="1347,2140 1395,2139 1444,2138 1493,2137 1542,2136 1591,2135 1640,2134 1689,2133 1738,2132 1787,2131 1836,2130 1884,2129 1933,2128 1982,2128 2031,2127 2080,2127 2129,2127 2178,2126 2227,2126 2276,2126 2325,2127"/>
                <TextEquiv>
                    <Unicode>confidente c’é una eloquente sincerità, che dice</Unicode>
                </TextEquiv>
            </TextLine>
            <TextLine id="r2l41" custom="readingOrder {index:40;}">
                <Coords points="1347,2178 2276,2184 2313,2134 1346,2141"/>
                <Baseline points="1353,2182 1400,2181 1448,2181 1496,2181 1543,2180 1591,2180 1639,2179 1686,2179 1734,2179 1782,2178 1830,2177 1877,2177 1925,2176 1973,2175 2020,2174 2068,2173 2116,2172 2163,2170 2211,2169 2259,2167 2307,2165"/>
                <TextEquiv>
                    <Unicode>assai piü che non parli a chi la ascolta con sim¬</Unicode>
                </TextEquiv>
            </TextLine>
            <TextLine id="r2l42" custom="readingOrder {index:41;}">
                <Coords points="1337,2229 2310,2221 2309,2176 2142,2168 1336,2188"/>
                <Baseline points="1343,2229 1391,2227 1439,2226 1487,2224 1535,2223 1583,2223 1631,2222 1679,2221 1727,2221 1775,2220 1823,2220 1871,2219 1919,2219 1967,2219 2015,2218 2063,2217 2111,2217 2159,2216 2207,2215 2255,2213 2303,2212"/>
                <TextEquiv>
                    <Unicode>patia; e ne’ suol abbandoni, ne’ suoi dubbi, nei!</Unicode>
                </TextEquiv>
            </TextLine>
            <TextLine id="r2l43" custom="readingOrder {index:42;}">
                <Coords points="1334,2291 1733,2261 2261,2274 2310,2267 2311,2225 1334,2229"/>
                <Baseline points="1341,2270 1389,2269 1437,2268 1485,2267 1533,2266 1582,2265 1630,2265 1678,2264 1726,2264 1774,2264 1823,2264 1871,2263 1919,2263 1967,2263 2015,2262 2064,2262 2112,2261 2160,2259 2208,2258 2256,2257 2305,2254"/>
                <TextEquiv>
                    <Unicode>subi presentimenti, nel rassegnarsi alla fatalitä</Unicode>
                </TextEquiv>
            </TextLine>
            <TextLine id="r2l44" custom="readingOrder {index:43;}">
                <Coords points="1344,2329 2271,2318 2317,2301 2317,2263 1344,2292"/>
                <Baseline points="1351,2309 1399,2309 1447,2309 1495,2308 1543,2308 1591,2307 1639,2307 1687,2307 1735,2306 1783,2306 1831,2306 1879,2305 1927,2305 1975,2305 2023,2304 2071,2304 2119,2303 2167,2302 2215,2301 2263,2300 2311,2299"/>
                <TextEquiv>
                    <Unicode>della sua passione ci appare squisitamente vera</Unicode>
                </TextEquiv>
            </TextLine>
            <TextLine id="r2l45" custom="readingOrder {index:44;}">
                <Coords points="1348,2349 1386,2368 1423,2355 1452,2366 1495,2358 1511,2366 1524,2355 1576,2365 1592,2356 1610,2361 1610,2339 1578,2322 1503,2324 1492,2313 1380,2316 1348,2330"/>
                <Baseline points="1355,2350 1382,2351 1410,2351 1438,2351 1465,2350 1493,2349 1521,2349 1548,2349 1576,2349 1604,2351"/>
                <TextEquiv>
                    <Unicode>bed artistica.</Unicode>
                </TextEquiv>
            </TextLine>
            <TextLine id="r2l46" custom="readingOrder {index:45;}">
                <Coords points="1392,2398 1828,2416 1905,2384 2172,2386 2332,2416 2331,2357 2283,2338 1392,2380"/>
                <Baseline points="1399,2397 1445,2398 1491,2398 1537,2398 1584,2397 1630,2397 1676,2396 1723,2395 1769,2394 1815,2393 1862,2392 1908,2390 1954,2389 2000,2388 2047,2388 2093,2387 2139,2387 2186,2387 2232,2387 2278,2387 2325,2388"/>
                <TextEquiv>
                    <Unicode>Cosi suo padre, il povero suonatore Zi violino,</Unicode>
                </TextEquiv>
            </TextLine>
            <TextLine id="r2l47" custom="readingOrder {index:46;}">
                <Coords points="1360,2440 1710,2462 2260,2430 2340,2454 2339,2409 2276,2391 1360,2408"/>
                <Baseline points="1367,2442 1415,2442 1463,2442 1511,2441 1560,2441 1608,2440 1656,2439 1705,2439 1753,2438 1801,2437 1850,2436 1898,2435 1946,2434 1994,2433 2043,2432 2091,2431 2139,2431 2188,2430 2236,2430 2284,2430 2333,2430"/>
                <TextEquiv>
                    <Unicode>6 una dolce e poetica figura che unn filosofia</Unicode>
                </TextEquiv>
            </TextLine>
            <TextLine id="r2l48" custom="readingOrder {index:47;}">
                <Coords points="1359,2501 2314,2472 2254,2436 1966,2430 1358,2454"/>
                <Baseline points="1365,2488 1412,2487 1459,2486 1506,2484 1553,2484 1600,2483 1647,2483 1694,2482 1741,2482 1788,2482 1836,2481 1883,2481 1930,2481 1977,2480 2024,2480 2071,2479 2118,2478 2165,2477 2212,2475 2259,2474 2307,2472"/>
                <TextEquiv>
                    <Unicode>piena di sapienza e di bontà ingrandisce ai no¬</Unicode>
                </TextEquiv>
            </TextLine>
            <TextLine id="r2l49" custom="readingOrder {index:48;}">
                <Coords points="1353,2563 1499,2528 2332,2525 2331,2470 1352,2493"/>
                <Baseline points="1359,2531 1407,2529 1455,2528 1503,2528 1552,2527 1600,2527 1648,2526 1697,2526 1745,2526 1793,2526 1842,2526 1890,2525 1938,2525 1986,2524 2035,2524 2083,2523 2131,2521 2180,2520 2228,2518 2276,2516 2325,2513"/>
                <TextEquiv>
                    <Unicode>stri occhi senza togliergli la forma modesta della</Unicode>
                </TextEquiv>
            </TextLine>
            <TextLine id="r2l50" custom="readingOrder {index:49;}">
                <Coords points="1353,2583 2340,2553 2324,2525 2212,2519 1498,2528 1352,2562"/>
                <Baseline points="1359,2575 1407,2574 1456,2573 1505,2573 1553,2572 1602,2571 1651,2571 1699,2570 1748,2569 1797,2569 1846,2568 1894,2567 1943,2566 1992,2566 2040,2565 2089,2564 2138,2563 2186,2562 2235,2561 2284,2560 2333,2559"/>
                <TextEquiv>
                    <Unicode>naturalezza. Cosi che ascoltando il colloquio fra</Unicode>
                </TextEquiv>
            </TextLine>
            <TextLine id="r2l51" custom="readingOrder {index:50;}">
                <Coords points="1356,2620 2327,2630 2336,2557 1355,2582"/>
                <Baseline points="1362,2617 1410,2618 1458,2618 1507,2617 1555,2617 1604,2616 1652,2615 1700,2614 1749,2612 1797,2611 1846,2610 1894,2608 1942,2607 1991,2606 2039,2605 2088,2604 2136,2603 2184,2603 2233,2603 2281,2603 2330,2604"/>
                <TextEquiv>
                    <Unicode>il padre e la figlia nel terzo atto io mi sentil</Unicode>
                </TextEquiv>
            </TextLine>
            <TextLine id="r2l52" custom="readingOrder {index:51;}">
                <Coords points="1356,2691 1723,2653 2252,2667 2322,2623 1355,2620"/>
                <Baseline points="1362,2660 1409,2659 1457,2658 1504,2657 1552,2657 1600,2656 1647,2656 1695,2655 1743,2655 1790,2655 1838,2655 1886,2654 1933,2654 1981,2654 2029,2653 2076,2652 2124,2652 2172,2651 2219,2649 2267,2648 2315,2646"/>
                <TextEquiv>
                    <Unicode>ieri profondamente penetrato da una vera com¬</Unicode>
                </TextEquiv>
            </TextLine>
            <TextLine id="r2l53" custom="readingOrder {index:52;}">
                <Coords points="1363,2712 2336,2719 2335,2673 2282,2652 1362,2676"/>
                <Baseline points="1369,2703 1417,2704 1465,2704 1513,2703 1561,2703 1609,2703 1657,2702 1705,2701 1753,2701 1801,2700 1849,2699 1897,2698 1945,2697 1993,2696 2041,2695 2089,2695 2137,2694 2185,2694 2233,2693 2281,2693 2329,2693"/>
                <TextEquiv>
                    <Unicode>mozione estetica che scaturiva dalla bellezza del</Unicode>
                </TextEquiv>
            </TextLine>
            <TextLine id="r2l54" custom="readingOrder {index:53;}">
                <Coords points="1362,2759 1467,2750 1505,2762 1545,2744 1696,2758 1748,2743 1805,2757 1824,2751 1824,2722 1732,2703 1671,2720 1634,2703 1568,2718 1361,2714"/>
                <Baseline points="1369,2753 1395,2750 1421,2749 1448,2747 1474,2746 1500,2745 1527,2744 1553,2744 1579,2744 1606,2744 1632,2743 1658,2743 1685,2743 1711,2743 1737,2742 1764,2741 1790,2741 1817,2739"/>
                <TextEquiv>
                    <Unicode>pensieroe della parola.</Unicode>
                </TextEquiv>
            </TextLine>
            <TextLine id="r2l55" custom="readingOrder {index:54;}">
                <Coords points="1395,2791 2344,2800 2343,2759 2248,2734 2011,2730 1943,2766 1859,2741 1394,2755"/>
                <Baseline points="1401,2789 1447,2790 1494,2790 1541,2789 1588,2789 1635,2789 1681,2788 1728,2787 1775,2786 1822,2785 1869,2784 1915,2783 1962,2782 2009,2781 2056,2780 2103,2780 2149,2779 2196,2779 2243,2778 2290,2778 2337,2778"/>
                <TextEquiv>
                    <Unicode>Non vogllo dire con ciö — intendiamoci bene</Unicode>
                </TextEquiv>
            </TextLine>
            <TextLine id="r2l56" custom="readingOrder {index:55;}">
                <Coords points="1407,2839 2003,2826 2048,2849 2131,2820 2342,2845 2341,2802 2299,2782 1407,2810"/>
                <Baseline points="1414,2829 1460,2830 1506,2830 1552,2831 1598,2831 1644,2831 1690,2831 1736,2831 1782,2831 1828,2830 1874,2830 1920,2829 1966,2829 2012,2828 2058,2827 2104,2826 2150,2825 2196,2824 2242,2823 2288,2822 2335,2821"/>
                <TextEquiv>
                    <Unicode>che tutto il dramma mi sia parso degno di</Unicode>
                </TextEquiv>
            </TextLine>
            <TextLine id="r2l57" custom="readingOrder {index:56;}">
                <Coords points="1347,2912 1611,2872 2324,2890 2343,2844 2124,2820 2041,2850 1347,2850"/>
                <Baseline points="1353,2877 1402,2877 1451,2877 1500,2876 1549,2876 1599,2876 1648,2875 1697,2875 1746,2874 1795,2874 1845,2873 1894,2873 1943,2872 1992,2871 2041,2870 2091,2869 2140,2869 2189,2867 2238,2866 2287,2865 2337,2863"/>
                <TextEquiv>
                    <Unicode>lode. Spesso mi parve vuoto, lento o fatto senza</Unicode>
                </TextEquiv>
            </TextLine>
            <TextLine id="r2l58" custom="readingOrder {index:57;}">
                <Coords points="1363,2944 1515,2919 2270,2929 2339,2886 1672,2874 1362,2903"/>
                <Baseline points="1369,2919 1417,2919 1465,2919 1513,2919 1561,2918 1610,2918 1658,2917 1706,2917 1754,2916 1802,2916 1851,2915 1899,2914 1947,2914 1995,2913 2043,2913 2092,2912 2140,2912 2188,2912 2236,2912 2284,2912 2333,2912"/>
                <TextEquiv>
                    <Unicode>abilità. Anche mi parve manierato nell’ultima scena</Unicode>
                </TextEquiv>
            </TextLine>
            <TextLine id="r2l59" custom="readingOrder {index:58;}">
                <Coords points="1367,2989 1439,2967 1980,2972 1989,2926 1639,2920 1565,2940 1516,2918 1366,2945"/>
                <Baseline points="1373,2972 1403,2969 1434,2967 1464,2965 1495,2963 1525,2962 1556,2961 1586,2960 1617,2960 1647,2960 1678,2960 1708,2960 1739,2960 1769,2960 1800,2960 1830,2959 1861,2959 1891,2958 1922,2958 1952,2956 1983,2955"/>
                <TextEquiv>
                    <Unicode>pel gusto di dargli una morale.</Unicode>
                </TextEquiv>
            </TextLine>
            <TextLine id="r2l60" custom="readingOrder {index:59;}">
                <Coords points="1402,3013 2305,3009 2343,2973 2106,2952 1402,2977"/>
                <Baseline points="1409,3006 1455,3006 1501,3006 1548,3006 1594,3006 1641,3005 1687,3005 1733,3005 1780,3004 1826,3003 1873,3003 1919,3002 1965,3001 2012,3000 2058,2999 2105,2999 2151,2998 2197,2997 2244,2996 2290,2995 2337,2994"/>
                <TextEquiv>
                    <Unicode>E sopratutto vi sentli la mancanza di una in¬</Unicode>
                </TextEquiv>
            </TextLine>
            <TextLine id="r2l61" custom="readingOrder {index:60;}">
                <Coords points="1357,3079 1439,3053 2344,3048 2332,2992 1589,3029 1356,2997"/>
                <Baseline points="1363,3053 1411,3052 1460,3051 1509,3050 1558,3049 1606,3049 1655,3048 1704,3047 1753,3047 1801,3046 1850,3045 1899,3045 1948,3044 1996,3043 2045,3043 2094,3042 2143,3041 2191,3041 2240,3040 2289,3039 2338,3038"/>
                <TextEquiv>
                    <Unicode>dividualità artistica capace di rinnovare intiera¬</Unicode>
                </TextEquiv>
            </TextLine>
            <TextLine id="r2l62" custom="readingOrder {index:61;}">
                <Coords points="1357,3103 2136,3084 2343,3108 2343,3050 1357,3079"/>
                <Baseline points="1364,3098 1412,3096 1461,3095 1509,3093 1558,3092 1607,3092 1655,3091 1704,3090 1753,3090 1801,3090 1850,3089 1899,3089 1947,3088 1996,3088 2045,3087 2093,3087 2142,3086 2191,3085 2239,3084 2288,3083 2337,3081"/>
                <TextEquiv>
                    <Unicode>rmente vecchi temi e vecchi tipi. Ma vi sentli</Unicode>
                </TextEquiv>
            </TextLine>
            <TextLine id="r2l63" custom="readingOrder {index:62;}">
                <Coords points="1359,3168 1420,3142 2234,3129 2329,3158 2355,3088 1358,3111"/>
                <Baseline points="1365,3140 1414,3139 1463,3138 1512,3137 1562,3136 1611,3135 1660,3134 1709,3134 1759,3133 1808,3132 1857,3131 1906,3131 1956,3130 2005,3130 2054,3129 2103,3129 2153,3129 2202,3129 2251,3128 2300,3128 2350,3128"/>
                <TextEquiv>
                    <Unicode>(la vita e la passione; i quali elementi sono fra</Unicode>
                </TextEquiv>
            </TextLine>
            <TextLine id="r2l64" custom="readingOrder {index:63;}">
                <Coords points="1369,3205 1410,3212 1443,3181 1531,3197 1947,3188 1969,3181 1968,3145 1598,3139 1491,3157 1434,3142 1368,3168"/>
                <Baseline points="1375,3187 1404,3186 1433,3185 1463,3184 1492,3182 1521,3181 1551,3180 1580,3180 1609,3179 1639,3179 1668,3178 1697,3178 1727,3177 1756,3177 1785,3176 1815,3176 1844,3175 1873,3174 1903,3174 1932,3173 1962,3172"/>
                <TextEquiv>
                    <Unicode>ggli essenziali dell’opera d’arte.</Unicode>
                </TextEquiv>
            </TextLine>
            <TextLine id="r2l65" custom="readingOrder {index:64;}">
                <Coords points="1404,3226 2152,3238 2357,3212 2356,3176 2301,3173 1404,3195"/>
                <Baseline points="1411,3224 1460,3224 1509,3224 1559,3223 1608,3223 1658,3222 1707,3222 1756,3221 1806,3220 1855,3220 1905,3219 1954,3218 2004,3217 2053,3217 2102,3216 2152,3215 2201,3214 2251,3213 2300,3213 2350,3212"/>
                <TextEquiv>
                    <Unicode>L’esecuzione fu tale da meritare l’applause La</Unicode>
                </TextEquiv>
            </TextLine>
            <TextLine id="r2l66" custom="readingOrder {index:65;}">
                <Coords points="1370,3304 1728,3263 2302,3275 2355,3244 2309,3218 1824,3222 1753,3250 1368,3218"/>
                <Baseline points="1375,3270 1423,3270 1472,3270 1521,3269 1569,3269 1618,3268 1667,3268 1715,3267 1764,3266 1813,3266 1862,3265 1910,3264 1959,3263 2008,3263 2056,3262 2105,3261 2154,3260 2202,3258 2251,3257 2300,3256 2349,3255"/>
                <TextEquiv>
                    <Unicode>signora Mariani — nell’ultimo atto specialmente</Unicode>
                </TextEquiv>
            </TextLine>
            <TextLine id="r2l67" custom="readingOrder {index:66;}">
                <Coords points="1425,3312 2013,3324 2334,3311 2353,3279 1425,3288"/>
                <Baseline points="1432,3311 1477,3311 1523,3311 1569,3311 1615,3311 1660,3310 1706,3310 1752,3310 1798,3310 1843,3309 1889,3309 1935,3309 1981,3308 2026,3308 2072,3307 2118,3307 2164,3306 2209,3306 2255,3305 2301,3304 2347,3303"/>
                <TextEquiv>
                    <Unicode> espresse il personaggio di Cristina con una</Unicode>
                </TextEquiv>
            </TextLine>
            <TextLine id="r2l68" custom="readingOrder {index:67;}">
                <Coords points="1366,3383 2351,3346 2350,3302 1366,3324"/>
                <Baseline points="1373,3357 1421,3357 1470,3357 1518,3357 1567,3357 1615,3356 1664,3356 1712,3356 1761,3355 1809,3355 1858,3354 1907,3353 1955,3353 2004,3352 2052,3351 2101,3350 2149,3349 2198,3348 2246,3347 2295,3346 2344,3344"/>
                <TextEquiv>
                    <Unicode>verità, una misura, una efficacia ed un buon gu¬</Unicode>
                </TextEquiv>
            </TextLine>
            <TextLine id="r2l69" custom="readingOrder {index:68;}">
                <Coords points="1378,3415 2241,3406 2361,3389 2361,3360 1377,3370"/>
                <Baseline points="1385,3402 1433,3401 1482,3401 1530,3400 1579,3399 1627,3398 1676,3398 1724,3397 1773,3396 1821,3396 1870,3395 1918,3394 1967,3393 2015,3392 2064,3391 2112,3390 2161,3389 2209,3387 2258,3386 2306,3384 2355,3382"/>
                <TextEquiv>
                    <Unicode>sto eccezionali. Eccellente la signorina Mazzocca</Unicode>
                </TextEquiv>
            </TextLine>
            <TextLine id="r2l70" custom="readingOrder {index:69;}">
                <Coords points="2344,3434 2354,3435 2361,3431 2375,3431 2378,3434 2381,3431 2389,3431 2389,3397 2363,3397 2351,3384 2344,3384"/>
                <Baseline points="2351,3432 2383,3432"/>
                <TextEquiv>
                    <Unicode>d1</Unicode>
                </TextEquiv>
            </TextLine>
            <TextLine id="r2l71" custom="readingOrder {index:70;}">
                <Coords points="1367,3463 2341,3438 2340,3393 1487,3425 1366,3394"/>
                <Baseline points="1373,3447 1421,3446 1469,3445 1517,3443 1565,3442 1613,3441 1661,3440 1709,3438 1757,3437 1805,3437 1854,3436 1902,3435 1950,3434 1998,3433 2046,3433 2094,3433 2142,3432 2190,3432 2238,3432 2286,3432 2335,3432"/>
                <TextEquiv>
                    <Unicode>nella parte di Nina. E cosi la Zampieri — mal¬</Unicode>
                </TextEquiv>
            </TextLine>
            <TextLine id="r2l72" custom="readingOrder {index:71;}">
                <Coords points="2358,3472 2364,3473 2371,3469 2393,3472 2395,3469 2415,3485 2427,3475 2443,3475 2444,3445 2434,3443 2420,3428 2414,3429 2402,3420 2385,3433 2360,3431"/>
                <Baseline points="2364,3467 2400,3467 2436,3471"/>
                <TextEquiv>
                    <Unicode>Au,</Unicode>
                </TextEquiv>
            </TextLine>
            <TextLine id="r2l73" custom="readingOrder {index:72;}">
                <Coords points="1369,3520 1478,3489 2331,3481 2311,3439 1369,3464"/>
                <Baseline points="1376,3487 1423,3486 1470,3486 1518,3485 1565,3485 1613,3484 1660,3484 1707,3483 1755,3483 1802,3482 1850,3482 1897,3481 1944,3480 1992,3480 2039,3479 2087,3479 2134,3478 2181,3477 2229,3476 2276,3476 2324,3475"/>
                <TextEquiv>
                    <Unicode>grado il suo mal vezzo di finire ogni frase con</Unicode>
                </TextEquiv>
            </TextLine>
            <TextLine id="r2l74" custom="readingOrder {index:73;}">
                <Coords points="1375,3538 2365,3542 2415,3521 2415,3479 1375,3510"/>
                <Baseline points="1382,3535 1433,3532 1484,3529 1535,3527 1587,3525 1638,3525 1689,3524 1741,3524 1792,3524 1843,3524 1895,3524 1946,3524 1997,3524 2048,3524 2100,3523 2151,3522 2202,3520 2254,3518 2305,3515 2356,3511 2408,3507"/>
                <TextEquiv>
                    <Unicode>un ch insopportabile — il Talli, il Calabresi e las 25</Unicode>
                </TextEquiv>
            </TextLine>
            <TextLine id="r2l75" custom="readingOrder {index:74;}">
                <Coords points="2191,3585 2212,3581 2217,3586 2235,3578 2244,3586 2273,3584 2287,3591 2306,3575 2328,3569 2328,3523 2297,3528 2256,3523 2219,3528 2190,3539"/>
                <Baseline points="2197,3561 2228,3559 2259,3559 2290,3560 2321,3559"/>
                <TextEquiv>
                    <Unicode> 9.</Unicode>
                </TextEquiv>
            </TextLine>
            <TextLine id="r2l76" custom="readingOrder {index:75;}">
                <Coords points="1372,3596 1400,3593 1440,3609 1496,3577 1677,3580 1719,3570 1718,3539 1673,3528 1608,3543 1549,3533 1434,3545 1408,3533 1370,3544"/>
                <Baseline points="1378,3576 1403,3578 1429,3578 1455,3578 1480,3577 1506,3576 1532,3576 1557,3574 1583,3573 1609,3572 1634,3571 1660,3570 1686,3569 1712,3568"/>
                <TextEquiv>
                    <Unicode>signora Venturi.</Unicode>
                </TextEquiv>
            </TextLine>
            <TextEquiv>
                <Unicode>box 10/4
CORRIERE TEATRALE
MANZONT
S
AMOREGGLAMENTI 
40 Dramma in 3 atti di Arturo Schnitzler.
II dramma é giovanile; e non soltanto perche
Scritto da un giovine, ma anche perché pieno di
giovinezza. Nelle sue forme é facile riconoscere le#
endenze nuove dell' arte; é, infatti, come si dice
 Jn4, un dramma d’ambiente. Ei suoi personaggi,
#a breve istoria che viene svolgendo, gli son for¬
nit Zall’eterno sogno amoroso dei vent’anni.
Ner ricordo dramma piü semplice di questo,
Non ha azione, non episodi, non interessi d’avve¬
nimenti, non scioglimento. E pure non é vano. II
oubblico l’ha ieri sera ascoltato con impazienza;
#e il prebblico non ha sempre ragione. Altri drammi
##rono applanditi che valevano assai meno. Questo
# ingennamente sentimentale, ecco il suo vero di¬
Hesto. La sentimentalità é mal sopportata a teatro;
 ingenua peggio che l artificiosa. E pretendere
cüe un dramma come questo, il quale avrebbe do¬
vato interessare e commuovere coll' amore, colla
peesia e colla disperazione di una Mimi viennese,
intoressasse e commuovesse un pubblico critico 6
escettico qual' é il nostro; era ferse pretender
(troppo.
II Tramma tuttavia meritava, a mio credere, um
pin attento esame ed un piü indulgente gindizio.
Ripere molte cose già note — é vero. Si potrebbe
anzi affermare che in sé non abbia elemento al¬
cunc veramente originale. — Ma in parecchie
escene rivela pure una non comune concezione dellal
vila, e gli circola dentro un sangue vivo di pas¬
sione e di pietà. La zua Cristina non é la solita
vittima dell'amore; e meno ancora é la solita sen¬
timentale tedesca.
Nell’espressione della sua anima innamorata e
confidente c’é una eloquente sincerità, che dice
assai piü che non parli a chi la ascolta con sim¬
patia; e ne’ suol abbandoni, ne’ suoi dubbi, nei!
subi presentimenti, nel rassegnarsi alla fatalitä
della sua passione ci appare squisitamente vera
bed artistica.
Cosi suo padre, il povero suonatore Zi violino,
6 una dolce e poetica figura che unn filosofia
piena di sapienza e di bontà ingrandisce ai no¬
stri occhi senza togliergli la forma modesta della
naturalezza. Cosi che ascoltando il colloquio fra
il padre e la figlia nel terzo atto io mi sentil
ieri profondamente penetrato da una vera com¬
mozione estetica che scaturiva dalla bellezza del
pensieroe della parola.
Non vogllo dire con ciö — intendiamoci bene
che tutto il dramma mi sia parso degno di
lode. Spesso mi parve vuoto, lento o fatto senza
abilità. Anche mi parve manierato nell’ultima scena
pel gusto di dargli una morale.
E sopratutto vi sentli la mancanza di una in¬
dividualità artistica capace di rinnovare intiera¬
rmente vecchi temi e vecchi tipi. Ma vi sentli
(la vita e la passione; i quali elementi sono fra
ggli essenziali dell’opera d’arte.
L’esecuzione fu tale da meritare l’applause La
signora Mariani — nell’ultimo atto specialmente
 espresse il personaggio di Cristina con una
verità, una misura, una efficacia ed un buon gu¬
sto eccezionali. Eccellente la signorina Mazzocca
d1
nella parte di Nina. E cosi la Zampieri — mal¬
Au,
grado il suo mal vezzo di finire ogni frase con
un ch insopportabile — il Talli, il Calabresi e las 25
 9.
signora Venturi.</Unicode>
            </TextEquiv>
        </TextRegion>
    </Page>
</PcGts>
