3436 4224
277 167 796 253 5. Liebele
451 172 1416 279 box 11/5
1835 62 2577 122 Fran; Jse A
2795 63 3011 136 n
1708 96 1815 158 taler
1830 117 2489 174 Oberlieutenant Rudolf Lang u. a.
1714 145 1815 195 die
1694 188 1818 246 Stils
1896 181 2931 267 Neumann-Schnitzlers Oper „Liebelei“.
1698 238 1824 300 ichen
2031 258 2820 332 (Original=Korrespondenz der „Neuen Freien Presse“.)
1697 284 1825 341 iben
2326 312 2967 375 Frankfurt a. M., 30. Oktober.
1698 333 1824 385 aus¬
1913 362 3002 416 Die Frage nach dem Textbuch der modernen Oper hat
1680 378 1830 435 jedes
1829 404 3006 463 seit Wagner sich immer brennender gestaltet. Wie viel Gutes
1692 425 1827 489 and¬
1827 460 3009 506 ist an dem schlechten, unpsychologischen oder gar unlogischen, un¬
1693 469 1809 525 und
1832 497 3001 548 interessanten Libretto gescheitert! Wohl begann das künstlerische
1681 517 1822 584 ziale
1839 548 3013 590 Gewissen derzeit mit Wagner zu fühlen, daß es nicht mehr anging,
1705 576 3009 643 wie Worte singen zu lassen, die zu dumm waren, um gesprochen zu
1831 617 3007 682 werden. Und doch war immer noch die Textfrage die schwierigste
1690 659 1822 730 ffen,
1834 679 3015 721 auf dem schwierigen Gebiet der Wagner=Nachfolge. Man hielt
1704 719 3004 765 feste Umschau nach bekannten Stoffen, die zu Operntexten ver¬
1833 746 3005 818 arbeitet wurden, was wahrlich auch nicht immer das Richtige
1693 753 1835 807 aber
1830 801 3020 850 war. Nicht jeder Tondichter war ein Wortdichter, der Wagner
1691 797 1817 859 glück¬
1835 833 3003 882 oder anderen gewachsen war, und selbst als Tondichter war
1685 842 1821 907 mm¬
1835 876 3010 929 nicht jeder dem erwählten Wortdichter gewachsen. Da fand
1699 891 1833 965 noch
1839 927 3013 974 man den Ausweg, bereiis vorliegende Dramen von litera¬
1701 940 1817 997 sehr
1836 958 3009 1008 rischem Werte zu Opern zu erheben. ... Man braucht nur
1680 987 1819 1048 kirch¬
1827 1004 3008 1078 die Namen Debussy und Richard Strauß zu hören, um zu
1717 1031 1821 1085 des
1836 1042 3015 1101 wissen, was gemeint ist um sich zu erinnern, wie bei ihnen
1683 1079 1827 1139 ztsein
1838 1088 3021 1145 Maeterlinck, Wilde und Hugo v. Hofmannsthal erklangen.
1709 1120 1826 1187 ließ
1841 1146 3018 1191 Ihrem guten Vorbild entsprach nun Franz Neumann.
1838 1183 3010 1237 von Geburt Oesterreicher und seit Jahren zweiter Dirigent
1686 1174 1825 1229 men.
1833 1213 3017 1264 unserer Oper, als er den kühnen, jugendfrohen Griff nach
1833 1255 3023 1326 des Wieners Artur Schnitzler erfolgreichem Schauspiel
1685 1268 1829 1333 durch
1838 1302 2188 1369 „Liebelei“ machte.
1686 1315 1822 1372 ions¬
1912 1328 3031 1417 Was an dem Werke des jungen Komponisten so be¬
1683 1361 1820 1412 uden¬
1833 1381 3012 1454 sonders wohltuend auffällt, das ist das Fehlen jeglicher spitz¬
1699 1405 1836 1463 Ver¬
1832 1435 3021 1496 findigen Reflexion. Frisch und unbesorgt greift er zu und
1707 1452 1817 1511 und
1844 1463 3014 1536 findet nicht nur einen sehr natürlichen musikalischen Plauder¬
1681 1501 1821 1564 chner
1838 1514 3011 1573 ton und Konversationsstil, sondern auch eine Reihe glücklich
1679 1543 1827 1609 erfall
1848 1578 3028 1621 erfundener, Stimmung fördernder und vertiefender Themen
1702 1597 1822 1656 Mit
1840 1596 3009 1662 und Motive, die zum Teil eine echte Wiener Färbung auf¬
1696 1648 1822 1701 dem
1840 1656 3019 1706 weisen. Er schöpft dabei ganz aus dem Geiste der Dichtung,
1832 1704 3024 1757 jenem liebenswerten feinsinnigen, dramatischen Sang von
1682 1689 1831 1751 tober
1840 1729 3027 1793 echter Liebe und Liebelei, tragisch=ernstem und leichtfertigem
1716 1744 1813 1803 zu¬
1846 1774 3009 1839 Leben, den uns Artur Schnitzler warm, lebendig und
1683 1777 1827 1845 keinen
1839 1813 3020 1879 typisch gestaltet hat. Besonders sein erster Akt ist von Neu¬
1701 1835 1821 1888 und
1839 1857 3020 1924 mann sehr lebendig nachempfunden worden. Zu seiner tempe¬
1683 1876 1836 1942 zialen
1842 1898 3021 1960 ramentvollen Grundstimmung, die sich bei dem Nachtmahl mit
1675 1936 1836 1983 ramm
1845 1942 3022 2011 den lieben Mädeln zu einem echten Wiener Valzer aufschwingt,
1842 1988 3012 2046 findet er einen guten lyrischen Gegensatz in einem weich,
1768 2025 1832 2080 er
1841 2026 3019 2092 hingebungsvoll aufblickenden Motiv Christinens und einem
1839 2067 3010 2123 Liebeslied aus dem „Locheimer Liederbuch“, das sie am
1698 2117 1822 2185 selbst
1837 2112 3019 2168 Klavier singt. Der Auftritt des beleidigten Ehegaiten und
1849 2172 3031 2232 seine Herausforderung bringt dann starken dramatischen Ein¬
1853 2198 3019 2264 schlag. Stimmungsvoll klingt der Akt nach dem Abschied
1849 2245 3028 2306 der beiden Mädchen und dem verhallenden, tändelnden
1846 2312 3032 2355 Motiv der Mizzi aus. Der zweite Akt vertieft zu¬
1671 2284 1827 2364 ages.
1841 2327 3023 2392 nächst die lyrische Stimmung als Vorbereitung für die Szene
1849 2378 3024 2431 in der Wohnung Christinens und ihres Vaters. Er beginnt
1678 2382 1809 2446 nber.
1844 2411 3019 2467 mit einem seinfarbigen Vorspiel, das auch ein hübsches Fugato
1731 2436 1835 2494 den
1850 2458 3034 2529 bringt. Des Vaters Schilderung von seinem Gang durch den
1673 2483 1832 2554 Nonate
1849 2502 3038 2557 erwachten Frühling, die Liebesszene, die auch vor einigen
1834 2544 3023 2616 Prosaismen, die nicht zu umgehen waren, nicht zurückscheut,
1674 2582 1831 2642 igen
1840 2600 3035 2643 wird zum Ausspinnen reicher, klangschöner Melodik verwendet,
1668 2630 1822 2690 ssegger
1845 2641 3032 2689 in der nur ein etwas billiges Liebesthema auf zerlegtem Drei¬
1667 2677 1828 2735 id der
1848 2674 3035 2739 klang in einfachen Harmonien auftaucht. Der lebhaft erfundene
1852 2734 3032 2780 Kontrast ist hier die treffend geschilderte klatschsüchtige Nach¬
1671 2723 1830 2784 eigene
1844 2755 3025 2832 barin. Dem dritten Akt ist ein noch längeres Vorspiel voran¬
1675 2770 1838 2827 relativ
1843 2825 3033 2876 gestellt, das sich bemüht, einen tragischen Ton zu finden, das
1682 2818 1820 2895 jeden¬
1850 2845 3034 2909 aber leider ein wenig im Sentimentalen und Konventionellen
1840 2895 3029 2950 stecken bleibt. Trotz mancher guten und geschickten Einzelheit
1701 2901 1836 2975 sind
1851 2951 3030 2993 berührt es nicht recht organisch. In der Folge findet der
1846 2992 3033 3043 Komponist dann noch manch wuchtigen Klang; er vertraut
1682 3006 1822 3063 katen¬
1850 3015 3037 3084 sich vielleicht zu sehr dem italienischen Fuocostil, den
1689 3054 1834 3112 it es
1845 3061 3026 3126 wir von Leoncavallo, Puccini und d'Albert kennen, ohne
1684 3101 1827 3160 rund¬
1842 3104 3024 3176 immer eine tiefe Wirkung zu erreichen. Dennoch bleibt er der
1718 3149 1824 3214 des
1846 3147 3032 3217 gewandte Musiker, dem immer wieder etwas „einfällt“, wäh¬
1840 3189 3034 3251 rend so manchem anderen nichts einfällt als höchstens ein Luft¬
1846 3227 3034 3310 schloß! Und alles, was Neumann in seiner Sprache des
1852 3276 3041 3347 jungen, zukunftsfrohen Dramatikers uns sagt, ist klangvoll,
1859 3316 2785 3385 überaus sinnlich und mannigfaltig instrumentiert.
1913 3345 3030 3420 Die neue Oper, die den dramatischen Konversationsstil
1683 3351 1820 3430 iber.
1847 3400 3025 3464 mit ihrer gesunden, sicheren Deklamation bereichert, hat sich
1691 3423 1824 3479 : Die
1845 3465 3030 3518 bisher gut auf dem Repertoire gehalten. Ihr Erfolg bei der
1691 3469 1834 3538 ericht¬
1848 3485 3023 3551 Uraufführung war sehr stark. Der Komponist und Artur
1854 3529 3014 3596 Schnitzler, der anwesenb war, wurden mehrmals lebhaft ge¬
1673 3568 1837 3626 sren
1847 3564 3037 3637 rusen, zugleich mit unserem Kapellmeister, Herrn Doktor
1754 3609 1828 3672 im
1852 3621 3019 3681 Rottenberg, der das Werk des Kollegen ausgezeichnet
1740 3651 1839 3720 ins
1848 3661 3027 3730 interpretierte, und dem Intendanten, Herrn Paul Jensen,
1728 3708 1839 3759 dem
1853 3727 3029 3772 der die stimmungsvolle Inszenierung besorgt hatte. Auch die
1716 3753 1839 3829 jeder
1847 3747 3025 3811 Darstellung auf der Bühne geschah sichtlich mit Liebe und
1747 3798 1837 3858 ein
1854 3792 3022 3850 Sorgfalt. Lisbeth Sellin schuf die rührende Gestalt der in
1852 3833 3021 3911 ihrem Empfinden aufblühenden und welkenden Christine mit
1733 3845 1835 3915 die
1855 3875 3036 3960 großem, hiefür gerodezu prädestiniertem Geschick, während Karl
1858 3923 3018 3992 Gentner den Fritz temperamentvoll und überzeugend ge¬
1852 3988 3044 4055 staltete. Das lauere Gegenpaar gaben Lina Doningen.
