3484 4224
194 159 289 235 5
327 156 722 234 Liebelei
322 210 744 272 I Ae e e
878 156 1295 245 box 13/7
2764 124 2972 201 R 65
2629 124 2692 198 7
2364 115 2597 215 K
2693 159 2781 200 3% 1
1985 146 2883 233 „ODSLNSVEN
1685 201 1821 262 6
1768 238 1812 260 —
1815 235 1868 273 —
1988 228 2956 287 L. österr. behördl. konzessionieries Unternehmen für
1703 250 1739 280 *
1781 240 1914 295 9 —
1892 268 1940 300 12
1685 258 1813 320 1
2266 275 2679 325 Zeitungs-Ausschnitle
1815 286 1912 325 6
1722 308 1939 349 #
2133 305 2838 396 WIEN, I., WOLLZEILE 11
1689 335 1914 378 E
1810 342 1946 402 — 5
1688 367 1881 423 bru ven
2267 375 2683 419 TELEPHON R 23-0-42
1881 393 1946 431 105
2535 408 2797 475 S
1691 412 1881 475 6 6
1884 417 1946 457 25
1877 436 1938 482 65
1692 436 1888 520 —
1872 477 1950 528 —2
1980 472 2962 555 Ausschnitt aus: „NEUES WIENER JOURNAL“
1694 526 1946 618 ≅ S 5
1815 598 1890 636 05
1692 608 1893 659 Ee
1709 648 1770 685 9#¬
1696 656 1816 717 1
1814 651 1880 735 8
1940 699 2123 760 F vom:
1692 706 1829 760 1
1759 718 1953 812 u 1
1892 797 2936 946 HEATER und KUNST
1892 956 2964 1029 Genennnunenenenmnmnmneenenenenmnn
1769 1023 2921 1150 Die kleine Annie wird Schau¬
1902 1143 2819 1281 spielerin der Josefstadt.
1923 1264 2775 1350 Es gibt noch überraschende Theaterkarrieren.
2302 1318 2429 1394 Von
2269 1387 2453 1476 K. E.
2051 1425 2972 1520 Die 16jährige Schülerin des Reinhardt=Seminars
1975 1493 2968 1552 Annie Maier wurde an das Theater in der Josefstadt
1970 1533 2975 1604 engagiert und debütiert am nächsten Sonntag in Schön¬
1969 1578 2416 1642 herrs „Kindertragödie“.
1866 1607 2980 1693 Sie ist die Glücklichste in ganz Erdberg, die kleine, schlanke
1767 1684 2971 1740 Annie Maier, mit ihren rotblonden Locken und langen —
1764 1732 2981 1784 echten — Wimpern. Vor kurzem war sie noch eine bescheidene
1767 1774 2976 1846 Schülerin des Reinhardt=Seminars und jetzt ist sie, sie hat das
1767 1821 2985 1874 schwarz auf weiß, ein Mitglied des Theaters in der Josefstadt,
1759 1880 2983 1950 das in wenigen Tagen in einer sehr interessanten Rolle zu
1768 1929 2167 1992 sehen sein wird...
1859 1960 2987 2030 Das ist alles sehr, sehr schnell gegangen. Wenn es sich
1760 2032 2986 2085 auch nicht so glatt, so reibungslos abgewickelt hat, wie es vielleicht
1765 2070 2994 2158 für theaterfremde Leute den Anschein hat. Der Vater ist Schmied.
1772 2119 2995 2182 „Huf= und Wagenschmied“ steht mit deutscher Gründlichkeit auf
1763 2171 2986 2240 dem bereis verblaßten Schild und das bedeutet, die kleine Annie
1769 2208 2994 2277 weiß es recht gut, sehr viel Arbeit und wenig Geld. Für Extra¬
1772 2266 2988 2328 vaganzen hat Vater nicht viel übrig und die kleine Volksschülerin
1764 2309 2995 2363 Annie spricht zu Hause nicht viel über ihre ehrgeizigen Theater¬
1770 2357 2993 2425 pläne. Die Mutter, ja freilich: die Mutter kennt die Sehnsucht
1766 2403 3050 2470 des Töchterchens, aber man nimmt Träume nicht sehr ernst da
1771 2457 2995 2521 draußen in Erdberg. Bis eines Tages die Deutschlehrerin den
1778 2497 2985 2558 Vater rufen läßt. „Ihre Tochter muß Schauspielerin werden,
1762 2551 2997 2632 Herr Maier“, sagt sie. „Sie deklamiert so schön, mit soviel
1778 2600 2991 2649 Gefühl und Herz. .. es wäre schade, jammerschade, wenn so viel
1777 2646 2990 2697 Talent unausgenutzt bliebe." Talent bricht sich Bahn. Nicht
1776 2696 3003 2765 immer zwar, aber die kleine Annie ist eben ein Glückspilz. Eine
1783 2762 2998 2811 Schülervorstellung der Hauptschule — Annie ist nämlich schon
1778 2802 2995 2850 Hauptschülerin — lenkt die allgemeine Aufmerksamkeit auf das
1776 2840 3004 2906 Kind. Man spielt natürlich Raimund und Annie schlüpft keck in
1774 2893 2995 2949 die zerrissene Hose des alten Bauern, der zum Millionär wird.
1767 2942 2992 3000 Und sie spielt den alten Mann so gut, in so treffender Auf¬
1777 2980 3008 3047 fassung, daß der gesamte Lehrkörper nur eines Sinnes ist: „Das
1768 3036 2404 3109 Mädel gehört dem Theater...
1885 3079 3003 3158 „Also mach' nur die Prüfung bei diesem Reinhardt“, sagt
1781 3145 2999 3198 eines Tages der Vater. „Wenn du erst durchgefallen sein wirst,
1782 3195 2990 3244 wirst du selbst einsehen, daß das alles keinen Zweck hat.“ Sie
1782 3233 2991 3292 ist nicht durchgefallen, die Annie, obwohl sie sehr aufgeregt
1777 3291 2995 3337 war. Und wie dann alles glücklich vorüber ist, umarmt sie die
1779 3324 2989 3411 Mutter und auch der Vater. Der kühle, herbe Mann ist gerührt:
1781 3375 2999 3446 „Du bist ein Mordsmädel,“ sagt er, „ich hab's eigentlich schon
1776 3427 2105 3493 immer gewußt.“
1878 3478 2994 3547 Nun folgen fast zwei Jahre harten Studiums unter der
1773 3517 2988 3598 Leitung der Professoren Geyer, Kalbeck, Hans Thimig und zuletzt
1773 3567 2987 3641 Hofrat Dr. Lothar. Eine Aufführung von Schnitzlers „Liebelei“
1779 3622 2995 3693 im Schönbrunner Schloßtheater bringt die Entscheidung. Annie
1785 3668 2995 3736 erhält die Rolle der Christine. Eine schwere Auf¬
1782 3734 2998 3803 gabe, gewiß, aber eine Aufgabe, für die ein Mädel
1772 3774 2995 3835 aus der Wiener Vorstadt wie geschaffen ist. Es wird ein
1778 3819 2998 3898 herrlicher Theaterabend, den Fräulein Annie Maier, die Vor¬
1781 3863 3001 3935 zugsschülerin des Seminars, niemals vergessen wird. Sie erlebt
1779 3928 3003 3981 die große Liebe des kleinen Mädels und die Tränen, die die
1787 3971 3005 4030 geschminkten Wangen benetzen, sind nicht aus Glyzerin, sondern
1790 4011 2736 4073 echt. Sie kommen direkt aus einem jungen Herzen.
1882 4045 3010 4119 Nach der Vorstellung wünscht Hofrat Lothar Annie zu
