3484 4256
543 222 778 291 belei
237 216 1384 325 5. Li. box 12//7
341 1448 1240 1576 o#36. m#furter Zeite
743 1522 1181 1616 Frankfurt e. M.
389 1567 1472 1694 (Frankfurter Neues Theater.] „Liebelei“ und
337 1621 1484 1724 Die Unschuldige“ vertragen sich nicht an ein und demselben
324 1664 1476 1778 Abend. Die immer graziöse Ausgelassenheit, die melancholische
335 1706 1501 1818 Wollust süß rieselnder Fränen des Wieners und (was über
340 1742 1481 1868 Schnitzlers Konversationsgenie gern vergessen wird) die echte
340 1777 1485 1892 Gefühlsentladung im dritten, Akt rühren so tief und nachhaltig
335 1803 1490 1926 am Innersten, daß der errechneten Künstlichkoit des Heinrich
336 1858 1488 1965 Mann' schen Einakters das Herz kein Willkommen zuruft.
335 1887 1490 1996 Der Adrokat Dr. Hallarnd hat für die des Mordes an ihrem
354 1927 1488 2048 ersten Gatten schwer verdächtigte Gabriele, kraft seiner
362 1967 1481 2092 Anwaltskünste, einen Freispruch erkämpft. Die „Unschuldige“.
352 1997 1499 2128 will die Liebe des Erretters unbedingt und unabhängig
359 2034 1500 2169 davon, ob sie Mörderin sei oder nicht; sie fordert moralin¬
353 2084 1491 2207 freie Liebe und stellt sich ihm als die Schuldige an
355 2121 1506 2252 der Blutiat dar. Und siebe da: der Dr. joris uimsque hält
363 2160 1497 2276 auch dieser Prüfung stand. Sei sie Tier oder Engel — er
367 2195 1490 2318 liebt sie. Da gibt sich die von Hemmengen so herrlich Unge¬
367 2237 1505 2358 trübte wieder als die Unschuldige, und er empört sich über ihr
369 2288 1458 2410 Katzenspiel. Sie wieder empört sich über seine Empörung -
381 2309 1510 2431 und es könnte ewig so weiter gehen. Denn, daß sich nach
378 2360 1501 2465 einer Dialektik über Mannestat und „Weibchen“=Nache die
378 2391 1528 2511 angeblich Liebenden akkurat zum Fallen des Vorhangs in die
385 2529 1535 2599 Arme schließen, verbürgt keinen inneren Adschluß. Hier
388 2567 1534 2639 kämpften nicht zwei Menschen um sich, sondern zwei Ge¬
388 2609 1534 2664 hirne um ein Rätsel. Ein Experiment — Heinrich Mann
381 2639 1528 2706 hat schon bei Weitem Größeres gezeitigt. Herr Schröder
391 2679 1542 2756 gab sich als einen zielsicheren Liebhaber, dessen Männlichkeit
383 2724 1532 2808 vor nichts zurückschreckt, und Frl. Marija Leiko erfreute sich
381 2765 1538 2826 und uns mit weiblicher Schonheit. Das Spiel dieses Aktes
387 2810 1533 2883 war geschlossener als das in Schnitzlers Stück; wo Herr
380 2836 1535 2901 Schwartze als Musikus Weiring auffiel, der einzige, der
389 2878 1538 2952 etwas Wienerisches verbreitete — abgesehen von der im Munde
1367 2920 1520 2980 Dhd.
392 2924 1265 2993 des Theodor=Spielers kohlenden k. k. Virginia.
2747 1488 3172 1583 gurfer Vürrhers
2426 1495 2746 1583 Feünklecher
1919 1528 2233 1623 25.0417
2023 1678 2757 1781 Theater und Musikz,
2202 1756 2637 1849 Kammerspiele.
1918 1797 2997 1882 G. Nürnberg, 25. Juni. „Liebese: —„Alt.
1885 1874 2862 1943 Heidelberg“, „Alt=Heidelberg“ — „Liebelei“, gar
1877 1914 2922 1983 groß ist der Unterschied am Ende nicht. Die süße
1878 1976 2931 2020 Mischung von Moll und Dur ist so ziemlich dieselbe
1881 2017 2919 2059 und die Wirkung auf das Publikum vollkommen die
1883 2052 2925 2119 gleiche. Ob Schnitzler seinen dramatisierten
1885 2080 2928 2147 Studentenroman in unbewußter Naivität oder mit
1876 2129 2929 2208 schlauer Berechnung auf den durchschnittlichen Ge¬
1880 2183 2923 2242 schmack der gleichermaßen wein= wie lachseligen
1875 2238 2915 2281 Theater=Stammgäste so reichlich mit Sentimentali¬
1872 2265 2923 2325 täten, Schlagrahm=Poesie und abgestandenen Fideli¬
1872 2314 2929 2369 täten bespickte, weiß ich nicht. Das aber weiß ich,
1873 2352 2925 2413 daß es gegenüber solchen Stücken Pflicht jedes Spiel¬
1878 2398 2917 2462 leiters und Schauspielers wäre, abzuschwächen und ab¬
1871 2442 2926 2519 zutönen, wo es nur immer geht. Also bitte, Herr
1888 2506 2925 2554 Sondinger, das Licht nicht gar so theatralisch=roman¬
1887 2527 2910 2599 tisch=symbolisch am Ende des ersten Aktes ausblasen!
1881 2574 2916 2631 Nicht gar so sehr die Augen rollen, nicht gar so viel
1886 2628 2927 2682 Schmelz in die Stimme usw. Auch der alte Weiring
1872 2661 2901 2726 kann ruhig etwas weniger gedrückt und zitterig ge¬
1877 2706 2925 2778 geben werden. Uebrigens stehen Herrn Korter solche
1886 2751 2930 2810 Rollen — seine Maske war recht geschickt — ungleich
1882 2793 2925 2851 besser als Lebemänner, Barone usw. Am besten ge¬
1873 2838 2939 2894 fielen mir — abgesehen von Herrn Sattler als Gast,
1878 2882 2924 2949 der die dankbare Figur des Theodor Kaiser recht nett
2223 2929 2923 2985 Frl. Steuermann als Christine, ob¬
1881 2938 2223 2998 herausbrachte —
1882 2972 2931 3029 gleich auch sie sich allzu schmachtend und elegisch gab,
1884 3020 2930 3072 und vie wirklich natürlich frische Mizi Schlager des
1887 3074 2935 3120 Frl. Heinlein, ein Schackerl, an das man glauben
1888 3104 2924 3172 konnte. Im übrigen fehlte es dem Zusammenspiel
1884 3149 2942 3215 im großen und ganzen an der gerade in Stücken wie
1872 3192 2790 3278 der „Liebelei“ dringend notwendigen Oelung.
