3484 4224
453 100 837 184 Liebelei
269 113 944 228 5. Ahntnthennc
959 98 1396 203 box 11/2
1515 573 1908 662 Telephon 12801.
1149 660 2271 728 Alex. Weigls Unternehmen für Zeitungs-Ausschnitto
2012 736 2091 820 4
1339 747 2015 853 „OBSERVER‘
1142 847 2270 924 L. österr. behördl. konz. Bureau für Zeitungsberichte u. Personalnachrichten
1337 909 2103 991 Wien, I., Concordiaplatz 4.
1573 976 1865 1043 Vertretungen
1140 1026 2274 1078 in Berlin, Budapest, Chicago, Genf, London, New-York,
1132 1085 2270 1136 Paris, Rom, Mailand, Stockholm, Christiania, St. Petersburg.
1421 1116 1986 1188 (Quellenangabe ohne Gewähr.)
1134 1206 1607 1292 Ausschnitt aus:
1142 1289 2265 1410 vom: ###/7 Reichennorger Zeitung
1179 1425 2013 1485 Arthur Schnitzlers „Liebelei“ ist eines
1114 1461 2011 1532 der besten zeitgenössischen Dramen — ist das
1113 1515 2011 1577 Werk eines Autors von echter Begabung, der
1122 1562 2004 1629 damit sein Bestes, das seiner Eigenart auf
1117 1607 2003 1664 dramatischem Gebiete erreichbare Summum
1121 1659 2003 1723 geleistet hat; deshalb bleibt das Stück typisch
1116 1700 2008 1762 für diese Eigenart. Aber es handelt sich nicht
1118 1749 2001 1801 bloß um ein Stück, sondern um ein Stück
1111 1800 2013 1858 Leben, und die handelnden Personen sind nicht
1106 1850 2017 1911 bloß dankbare Rollen, sondern Menschen von
1115 1893 2006 1951 Fleisch und Blut, von Empfindung und Seele.
1107 1944 2007 2008 Solche Figuren müssen vom Schauspieler
1105 1994 2009 2053 ebenso intuitiv erfaßt und unmittelbarst wie¬
1106 2044 2010 2106 dergegeben werden, wie sie anderseits eine
1108 2086 2007 2149 künstlerische Ausarbeitung und Vervollkomm¬
1114 2137 2008 2202 nung in infinitum zulassen. — Annie Trau¬
1100 2185 2010 2251 ner bot als Schlager Mizzi eine über den
1101 2228 2012 2309 Durchschnitt sich erhebende Leistung. Sie ist
1102 2284 2006 2340 nicht nur eine geübte, sie ist auch eine fleißige
1104 2322 2006 2391 Schauspielerin, die ihre Rolle nicht bloß lernt,
1113 2376 2001 2429 sondern auch durcharbeitet und mit treffenden
1111 2421 2011 2473 Nüancen auszustatten weiß — hoffentlich hält
1103 2478 2009 2551 dieser Elser an. Vor Einem möchten wir sie
1097 2527 1995 2604 warnen: Nur nichts auf die Spitze treiben,
1093 2587 1990 2649 auch nicht der komischen Wirkung zu Liebe!
1094 2635 1986 2690 Die Christine gab Carla Mann. Wiener
1094 2687 1998 2748 Dialekt und Wiener Art sind ihr offenbar
1086 2728 1993 2782 fremd. Das beeinträchtigte ihre Darbietung,
1095 2784 1997 2827 die sonst von guten Intentionen zeugte. Im
1098 2827 2005 2911 letzten Akte fand sie, trotz manchen Zeichen der
1091 2865 1993 2937 Anfängerschaft, wiederholt ergreifende Töne.
1085 2928 1995 2974 Der S##elleiter Gustav Fischer, der — von
1081 2974 1990 3026 kleinen Hemmungen abgesehen — für ein ver¬
1088 3016 1989 3088 hältnismäßig gutes Zusammenspiel gesorgt
1090 3073 1974 3129 hatte, muß auch als Darsteller rühmend her¬
1079 3115 1990 3173 vorgehoben werden. Er spielte den alten
1077 3165 1979 3234 Weiring schlicht und lebenswahr. Von den
1077 3216 1979 3268 beiden Liebhabern zeigte sich Emil Amann,
1088 3253 1990 3327 der den Theodor Kaiser gab, als der geübtere.
1085 3303 1987 3366 doch trug er hie und da eine Nüance zu stark
1076 3346 1983 3418 auf. Josef Halpern war als Fritz Lob¬
1084 3402 1980 3470 heimer etwas ungelenk. Doch muß anerkanni
1091 3454 1988 3515 werden, daß er richtige Auffassung und ein
1086 3503 1983 3564 lobenswertes Streben nach korrekter, feiner
1078 3551 1986 3602 Spielweise bewies. In einer Episode machte¬
1088 3593 1975 3670 Georg Gaedeke starken Eindruck. Noch sei
1090 3636 1990 3726 Emma Türke (Frau Binder) mit Ehren¬
1075 3686 1296 3773 genannt.
1775 3691 1950 3759 K. S.
