3436 4320
438 256 792 341 Liebelei
247 247 1402 383 5. Lres#Ie1 box 11/3
1863 1375 2961 1437 Für den Spielplan des Nationaltheaters ist ein
2971 1371 3363 1435 der Kabarettdiva,
593 1362 1788 1456 er in der Erinnerung an seine Schwester, die alte
2959 1416 3359 1499 große Schauspieler
1773 1412 2956 1479 Werk Schnitzlers unter allen Umständen Zierde und Ge¬
586 1421 1776 1488 Jungfer, sagt, er habe sie kniefällig um Verzeihung
2963 1469 3346 1539 heute schon als
1781 1471 2962 1540 winn. Seine Aufführung verrät die Absicht, das Inter¬
593 1470 1774 1532 bitten müssen, weil er sie so herrlich vor allem Glück
2957 1517 3344 1584 Applaus freilich
1780 1511 2961 1581 esse des großen Publikums kräftiger anzuregen. Es ist
580 1525 1772 1589 behütet habe! Wie viel Laune und echter Frohsinn
2967 1564 3368 1635 sungenen Liedchen
1779 1564 2963 1634 zumindest ein Anfang. Auch die äußeren Umstände
599 1576 1771 1631 lichern durch die wienerisch gemütlichen Szenen in
3043 1614 3365 1686 Die Aufführu
1778 1618 2962 1680 waren danach, der Premiere von „Liebelei“ den Anstrich
594 1626 1772 1691 Fritzens Junggesellenwohnung! Und welche Kunst der
2957 1652 3358 1744 allzu großer Grü
1775 1668 2965 1730 einer lokalen Sensation zu verleihen. Das Nationaltheater
592 1689 1781 1738 Spannung baut auf dem hellen Grunde dieser Souper¬
2961 1703 3367 1784 „Stimmungen“ her
1784 1713 2964 1778 holte sich für die Darstellung der Hauptrolle eine junge
589 1721 1776 1783 szene gleichsam im Nu ein Drama auf! Wie ausgelöscht
2964 1754 3341 1831 gen von Szenen,
1783 1765 2964 1826 Künstlerin direkt vom Kaborett. Man muß sie nicht erst
597 1771 1774 1839 ist mit einem Male alles freundliche Licht und der
2971 1808 3345 1877 im zweiten Akte,
1778 1818 2970 1872 vorstellen. Die Kabaretts sind ja besser besucht als die
596 1811 1786 1884 Frohsinn, der sich unmittelbar vorher auf der Bühne
2964 1858 3367 1928 möglich hinauskom
1785 1865 2971 1930 Theater. Und Vilma Medgyaßay galt als die ungarische
587 1872 1780 1935 ausgetobt, ein bischen beduselt und rasch ausgeschlafen
2969 1912 3349 1973 tes Lampenfieber
1794 1909 2969 1979 Yvette Guilbert. Ihr künstlerischer Stammbaum reicht
593 1914 1777 1985 hat, auch der ist fort und die Vorahnungen des kom¬
2962 1957 3360 2034 die Moderateurlan
1786 1958 2967 2012 übrigens weiter zurück. Bis in die Operette, wo sie mit
598 1962 1782 2027 menden Endes legen sich wie schwarze Schleier auf
1792 2010 2964 2072 kleiner Stimme und großem Darstellungstalent allerlei
2968 2010 3356 2077 Ujhäzi vielleicht a
589 2010 1781 2075 unsere Seelen. So stark ist der Dichter, daß er unserem
1787 2055 2962 2118 Unsinn entschuldigte. Auf dem Brettel bot sie noch mehr
2972 2051 3367 2125 donna seinen Auf
603 2061 1787 2131 Optimismus nicht einmal die Chance einräumt, der
1783 2114 2970 2170 Illusion. Sie hatte eine Art des Gesangsvortrages, die
2960 2097 3343 2171 alten Weiring so
599 2118 1777 2179 Zweikampf könne auch gut ausgehen. Er suggeriert uns
1787 2168 2956 2222 allerlei verborgene dramatische Schätze vermuten ließ.
2966 2151 3357 2222 wie er bei Schnitz
600 2165 1769 2226 das Ende des Helden, ohne uns darüber aufzuklären,
1786 2202 2961 2272 Direktor Töth wollte diese Schätze heben. Und heute
2967 2199 3364 2279 sorgten Herr Dezs
594 2212 1787 2283 ob er Fritz als Schuldigen zum Tode verurteilt oder
1784 2252 2962 2327 spielte die Künstlerin die Christine Weiring. Das weiche,
2969 2250 3358 2319 langender Laune
606 2261 1783 2338 nur darum beseitigt hat, weil das im Leben bisweilen
1789 2306 2958 2363 empfindsame, hingebende, vertrauensvolle Wiener Mädel,
2972 2303 3370 2373 Grisettenkeckheit als
595 2308 1779 2367 gleichfalls so kommt. Das dunkle, quälende Vorgefühl
2971 2351 3360 2421 des Fritz Lobhe
1794 2345 2969 2423 diese passive Heldin, die in ihrer unendlichen Liebe auf¬
602 2352 1786 2412 des Jungen freilich, das läßt vermuten, daß der Dichter
2965 2393 3363 2468 Odry ist immer n
1787 2397 2959 2470 geht und an ihrer Leidenschaft untergeht. Als Rolle nicht
595 2407 1782 2469 in ehrlicher, sittlicher Wallung den Verhältnissen solcher
1791 2444 2966 2508 allzu dankbar, weil es keine Künste zu zeigen, nur wenige
2974 2452 3360 2520 Ein sehr nützliche
605 2463 1786 2520 Art seine Protektion versagt. Er schreit sich in keinerlei
1789 2506 2964 2564 Töne anzuschlagen gibt. Die aber müssen rein ungen.
2960 2498 3358 2568 tiger Persönlichkeit
607 2512 1782 2565 Entrüstung hinein, überläßt das Moralisieren mit kost¬
1782 2553 2969 2612 Zwei Akte lang laviert das Mädel zwischen allerlei stär¬
2960 2543 3361 2617 den harten, scharf
607 2550 1782 2617 barer Laune der Frau Binder, die ihre Jugend auch
1789 2591 2964 2651 keren Strömungen, zum Schlusse erst gewinnt das hüb¬
2965 2604 3360 2665 Stück die einzige
609 2615 1787 2670 nicht vertrödelt hat. Ueberhaupt ein merkwürdiger Dichter.
1795 2644 2961 2704 sche Puppengesicht Charakter. Zu Bravourleistungen fehlt
2967 2648 3361 2711 wiesen ist. Jedes
602 2649 1789 2730 Protzt nicht mit seiner Subjektivität, hält sich gar nicht
1791 2690 2966 2747 die Gelegenheit, aber Anlässe: rein Menschliches durch¬
2964 2688 3360 2768 Fallbeil und solle
600 2695 1784 2776 in dem Stücke auf, doziert nicht, läßt die Leute reden,
1799 2728 2962 2805 schimmern, schließlich hell aufleuchten zu lassen, sind vor¬
2963 2739 3359 2804 det sein, so muß
597 2756 1787 2816 wie uns der Schnabel gewachsen ist. Nur die im zweiten
1785 2791 2960 2869 handen. Gleichwie es in der Natur keine Sprünge gibt,
2970 2782 3374 2861 Illusion gewähren
608 2800 1789 2860 Akte sich ausbreitende Sentimentalität, die allerdings
1792 2849 2967 2907 so geschehen auch auf dem Theater keine Wunder. Uns
2958 2837 3359 2925 Frau Keczeri recht
602 2851 1783 2914 mit zum wienerischen Naturell gehört, wirkt heute bereits
1781 2883 2965 2959 genügt es vollständig, daß die debütierende Künstlerin
597 2910 1784 2964 etwas abspannend. Wie ein laues Bad zur Sommerszeit.
1797 2936 2963 2996 die Umrisse ihrer Rolle tadellos sehen ließ, daß man
2966 2935 3329 3011 sicher gewinnen.
597 2955 1786 3021 Die meisterliche Herausarbeitung der Katastrophe macht
1781 2985 2968 3052 ihr die Rolle aus den beredten Augen lesen konnte. Das
2965 2978 3363 3061 Werke eine sehr
603 3009 1796 3059 dann alles wieder gut. Man glaubt wieder an die
1786 3039 2958 3102 Wort kommt noch ein wenig zu kurz. Im dritten Akte,
2965 3034 3360 3102 wesenden Dichter
612 3040 1796 3112 Modernität des Dichters und freut sich seiner als einer
1788 3091 2960 3146 wo das arme süße Mädel in seiner namenlosen Ver¬
2957 3085 3359 3170 allen Aktschlüssen
606 3091 1792 3152 der wenigen wahrhaft bedeutenden Erscheinungen, die
593 3150 2978 3210 der Weltliteratur durch die neueren Strömungen zuge= zweiflung aus sich herausfährt, gab es auch eine starke
1769 3171 3006 3269 Abschlagszahlung auf die Zukunft. Uebers Jahr kann aus;
598 3199 955 3278 führt wurden.
