3436 4224
325 95 703 176 Liebelei
896 96 1285 193 box 13/8
194 95 756 221 5. B4
594 599 971 702 „ SEHNEU
365 674 1084 797 K ion, I., Wellzeile Nr. #9
509 740 1001 848 Wrlaion R-2B-G-62
611 828 1207 919 Neues Wiener Abendblaft
680 916 1118 1028 27. DEZ. 1934
493 997 1221 1102 Bibliophiles Allerlei.
342 1075 1462 1140 Für jede Literaturepoche kommt die Zeit, in der ihre
239 1140 1454 1188 Werke die Germanisten mehr beschäftigen als jene Leser, die
247 1187 1458 1243 keine Studienzwecke dabei verfolgen. Auch für das Jung=Wien
271 1243 1459 1294 er neunziger Jahre scheint diese Zeit schon angebrochen zu
250 1284 1459 1340 sein. Gewiß sind seine Hauptvertreter, Hofmannsthal,
250 1335 1461 1378 Schnitzler, Bahr, Altenberg, noch nicht in das Schattenreich
246 1378 1471 1443 jener Dichter getreten, die nur mehr ein dämmeriges
235 1429 1458 1484 Bibliothekendasein führe., aber neben diesen Großen gibt es
235 1477 1468 1537 noch eine Menge andrer, kleinerer, deswegen oft aber nicht
240 1527 1459 1587 weniger interessanter, deren Namen heute gänzlich vergessen
251 1574 1470 1628 sind. Wer weiß, daß der Herausgeber der ersten Zeitschrift
232 1620 1474 1695 jener Literaturbewegung, der in Brünn erschienenen
236 1665 1459 1718 „Modernen Dichtung", Eduard Michael Kafka und ihr
234 1695 1471 1770 Redakteur der Vater der Schauspielerin Constantin war? Daß
225 1772 1456 1819 es ein nach dem Schnitzlerschen Schauspiel benanntes Blatt
231 1802 1473 1874 „Liebelei“ gab, in dem sich Peter Altenberg zum erstenmal
235 1857 1462 1920 gedruckt sah? Die Zeitschriften sind vermodert und viele
235 1905 1466 1972 Bücher Jung=Wiens ebenso, aber der junge Germanist Doktor
239 1953 1460 2023 Alfred Zohner, für den diese Zeit nicht Erlebnis, sondern
228 1995 1459 2052 unerlebte Literaturgeschichte ist, blies den Staub weg und
232 2043 1479 2111 schlugsie wieder einmal auf, und in dem von Hans Feigl
245 2111 1475 2159 herausgegebenen „Jahrbuch deutscher Bibliophilen
245 2152 1461 2212 und Literaturfreunde“ (Wien, Verlag Paul Zsolnay)
231 2192 1464 2246 berichtet er von seinen Entdeckungen. „Bibliophiles um das
244 2231 1477 2307 junge Wien“ nennt er den Aufsatz, aber es ist nicht nur
257 2289 1467 2368 Bibliophiles, was ns da dargeboten wird, sondern vielmehr
207 2367 1438 2464 noch literarhistorische Forschung. Auch sonst gedenkt das Jahr¬
208 2449 1441 2499 buch der Zeiten Jung=Wiens, und es ist im Todesjahre
207 2479 1442 2549 Hermann Bahrs sehr gerechtfertigt, wenn diesem gleich zwei
215 2530 1442 2609 Aufsätze gewidmet werden. In einem schreibt Paul Graf
224 2576 1445 2663 Thun=Hohenstein über „Hermann Bahr und die Bücher“, im
222 2641 1445 2695 zweiten stellte seine Witwe Anna Bahr=Mildenburg eine
224 2686 1441 2736 „Bibliographie der Werke von Hermann Bahr“ zusammen.
217 2730 1433 2801 Von welcher Fruchtbarkeit war dieser Schriftsteller! Wohl¬
222 2789 1441 2844 gezählte 115 Bücher weist die Liste auf, in der natürlich alle
211 2828 1443 2895 Beiträge für Zeitungen und Zeitschriften — sie gehen in die
214 2863 1445 2942 Tausende! — fehlen. Auch von diesem Lebenswerk ist vieles
217 2920 1434 2978 schon in Vergessenheit gesunken, und die frühen Arbeiten des
209 2968 1457 3035 Dichters gehören schon lange zu den Seltenheiten. Wie wenig
212 3021 1445 3099 ührigens Hermann Bahr selbst seinen Büchern anhing, wenn
214 3064 1442 3137 sie einmal geschrieben und erschiener waren, dafür gibt es
211 3105 1443 3174 einen sprechenden Beweis: Seine Bibliothek, an zwanzig¬
215 3159 1425 3231 tausend Bände, vermachte er bekanntlich noch zu Lebzeiten der
210 3219 1425 3281 Studienbibliothek in Salzburg. Dort wurde sie in einem
210 3263 1421 3324 eigenen Saal aufgestellt und bildet eine Büchersammlung, in
201 3295 1424 3358 der sich die geistigen und dichterischen Bewegungen des letzten
216 3351 1431 3407 halben Jahrhunderts getreu wiberspiegeln. Aber eine große
210 3404 1435 3470 Lücke hat die Bibliothek dennoch: Bahrs eigene Werke fehlen
203 3438 1430 3531 fast gänzlich! Der Dichter hat anscheinend gar keinen Wert
207 3497 786 3580 darauf gelegt, sie zu besitzen.
1990 79 2248 153 eleion 0..
2020 268 2572 375 Göteborgs Posten
2066 427 2176 503 200
2266 453 2514 540 001930
2402 752 2591 923 07
2368 920 3217 1004 Ntr 302. GöTEBORGS-POSTI
2002 1038 3119 1197 Wienskar av i dag. ##
1723 1254 3232 1317 Om Greta Garbo i sin sä mycket om-Ten som i sitt utseende förenar wien¬
1682 1307 3225 1369 talade men ändä inte bevisade djup-Iskornas bästa egenskaper är den be¬
1694 1349 3239 1405 sinnighet skulle göra upp en balans-Ikanta filmskädespelerskan Liane Haid.
1696 1403 3226 1459 räkning över den glädje och den skada Hon tillhör en genuin borgerlig Wien¬
1693 1438 2445 1502 Ihon gjort världen mäste hon skriva
2469 1431 3233 1512 familj men genom sitt giftermäl med
1666 1480 2445 1559 forna dagars wienska pä sitt synda¬
2448 1501 3222 1550 baron Haymerle, ordförande i Öster¬
1686 1510 3229 1591 Tregister. Ty även wienskan, som i#rikes exklusivaste automobilklubb,
1688 1570 2449 1630 yttre och inre mätto är vär berömda
2464 1584 3214 1645 ocksà aristokratie Hon har den ty¬
1684 1624 2454 1676 landsmaninnas absoluta motsats, greps
2453 1614 3220 1684 piskt wienska mjukheten men är dock
1684 1667 2446 1726 för nägra är sedan av Greta Garbofe¬
2464 1672 3211 1729 sporttränad och en fullt modern wien¬
1693 1712 2440 1775 bern och försökte efter ''den gudom¬
2463 1707 3211 1773 ska som stär mitt uppe i livets kamp
1677 1750 2445 1814 ligas' mönster operera bort den rest
2458 1756 3216 1820 och vet att man inte längre begär
1678 1808 3210 1867 av wienska särprägeln kriget och ef-självmord för en olycklig kärleks¬
1690 1836 3218 1910 terkrigsären lämnat kvar. Hon vat-historia, Den sortens unga wienskor
1697 1890 2440 1949 tenkammade det ostyriga burr, som
2464 1889 3221 1958 som Arthur Schnitzlers Christine 1
1691 1942 3230 2009 omgav ett barnsligt runt ansikte, för-naiskög Hinis ite mer¬ Oen das
1679 1980 2445 2040 sökte fä ett tränande och grubblande
2459 1989 3221 2050 süsse Wienermäd'!“, som stoppade si¬
1686 2029 3225 2097 uttryck i de av livsglädje strälandel na mäns strumpor och frös med honom
1673 2054 3214 2129 ögonen och att svälta sin '’’mollige'fär man ocksä leta efter. Den mo¬
1673 2110 3220 2185 gestalt till ett smalt och okvinnligt derna wienerflickan förtjänar sitt bröd,
1680 2163 2440 2214 streck. Gudskelov lyckades hon inte
2453 2170 3213 2215 om det är henne möjligt, dricker gärna
1678 2209 2439 2273 alldeles, ty Wiens kvinnor ha i sin mju¬
2451 2210 3219 2274 ett glas vin i en Heurigenlokalf men
1684 2265 2443 2322 ka, litet runda figur som sä väl ka¬
2443 2251 3216 2323 dansar lika gärna jazz som gammal
1669 2300 2446 2355 rakteriseras av ordet '’mollig'' ett kän¬
2455 2292 3221 2367 wienervals. Hon kan bäda delarna och
1663 2347 2444 2400 Inetecken som inte ens den vildaste
2453 2346 3246 2415 har, om hon steppar i tre fjärdedels
1670 2374 2438 2449 modegalenskap hux flux kan utpläna.
2448 2396 3231 2461 takt, dock musiken och dansen i blo¬
1683 2440 2443 2496 Charmen och den wienska egenarten
2454 2441 3224 2498 det. Hon vandrar i bergen som den
1669 2461 3232 2561 ör allt för djupt rotad bäde hos adels-Iduktigaste pojke, bär själv sin rygg¬
1678 2522 2444 2588 damerna, de gamla patricierfamiljerna
2451 2524 3211 2594 sück, stär pä skidor i de vildaste stup!
1681 2563 2438 2632 och hos de enkla borgarkvinnorna.
2449 2587 3217 2631 och tävlar med de unga männen 1
1680 2615 2428 2673 Under mänga sekler ha de insupit den
2454 2620 3212 2678 simning och segling. Men hon förlorar
1682 2662 2446 2727 med den vackra naturen, Donaus väg¬
2441 2662 3209 2728 dock aldrig sin mjuka kvinnlighet och
1682 2706 2440 2766 svall, musiken, dansen och det i ordets
2453 2714 3213 2779 hon läter mycket sällan hjärtat bära
1677 2752 2439 2812 bästa bemärkelse kultiverade livet i
2451 2750 2906 2816 i väg med förständet.
1685 2797 2437 2859 Wien. Men man fär ha ögonen öppna
2469 2781 3217 2869 Det är kanske inte utan rätt man
1669 2820 2435 2902 för att inte falla för tron att vära da¬
2442 2846 3205 2907 förebrär den unga wienskan att hon
1667 2884 2437 2954 gars wienska är en genomsnittstyp
2441 2898 3220 2955 intresserar sig alltför litet för politik,
1680 2937 2438 3003 stöpt i samma form som alla andra
2454 2939 3207 3002 för kvinnofrägor och dylikt. Men är
1682 2975 1941 3035 storstäders.
2446 2978 3218 3046 det egentligen sà förvänansvärt? Han
1718 2994 2431 3082 Wienskan av alla klasser är framför
2437 3030 3207 3101 har fétts och vuxit upp i kriget och ef¬
1682 3063 2419 3133 allt kvinna, med sä stort K som möj
2440 3070 3212 3140 terkrigsärens Wien, hen har i sim
1667 3119 2434 3174 ligt, maka, mor och husmor. Har hon
2446 3118 3213 3187 barndom endast lärt känna nöd och
1673 3153 2433 3209 inte egna barn sörjer hon pä ett rö¬
2444 3164 3201 3220 bekymmer. Kan nägon förtänka henne
1666 3186 2424 3259 rande sätt för yngre syskon eller an¬
2439 3209 3198 3264 om hon nu vill njuta av livets glädje,
1670 3241 2440 3305 dra hjälpbehövande. Grunddraget i
2437 3252 3205 3319 och ha nägot av den ungdom livet sä
1673 3286 2428 3359 hennes karaktär är nämligen kvinnlig
2446 3297 3210 3369 snöpligt bedragit henne pä? Hennes
1673 3341 2437 3400 mjukhet, vilket ingalunda behöver va¬
2435 3345 3203 3410 plikter i det politiska avseendet skötas
1670 3383 2430 3443 re liktydigt med pjäskig mjäkighet.
2447 3396 3197 3438 av en trupp rena förkämpar för kvin¬
1662 3414 2424 3489 Hon är tvärtom frisk och sund samt
2436 3444 3197 3493 nornas intressen, anförda av den yng¬
1668 3488 2429 3534 trots att hon är huslig och kvinnlig
2439 3478 3207 3525 sta, modernaste och mest stridslystna
1663 3523 2429 3580 mannens bästa kamrat, som visst inte
2440 3519 3202 3591 av alla wienskor — den omkring 90¬
1660 3569 2428 3626 Inöjer sig med att förvisas till barn¬
2429 3553 3203 3647 äriga M rianne Hainisch, den gamla
1669 3620 2421 3673 kammaren eller köket. Wienarnas
2433 3611 3210 3694 före detta presidenten Michael Hainisch
1662 3644 2422 3707 chevalereska beundran för kvinnan
2438 3657 3200 3738 moder, som ännu i dag stär mitt i stri¬
1666 3699 2432 3761 förbjuder dem ocksä att som exempel¬
2437 3703 3194 3765 den och som är urtypen för den gam¬
1675 3750 2419 3808 vis ofta är fallet i Sverige — efter en
2432 3738 3195 3812 la och nya wienskan — kvinnan, ma¬
1666 3797 2420 3855 middag eller supé dra sig tillbaka till
2440 3793 3201 3853 kan, modern, husmodern. Med denna
1661 3834 2425 3902 rökrummet och läta damerna under¬
2430 3832 3210 3898 Österrikes grand old lady kan ingen
1668 3884 2426 3941 hälla sig själva. För wienarna äro da¬
2432 3887 3206 3954 wienska av det yngre släktet mäta sig.
1658 3930 2436 3990 merna medelpunkten i sällskapslivet.
2832 3933 3204 3993 Gerda Marcus.
1648 3979 2437 4034 Tmen de ställas dock icke som i Ameri¬
1634 4015 2448 4093 (ka pä en piedestal, frän vilken de mot¬
