3436 4320
427 166 738 249 Liebel
271 180 1408 301 5. Sa1 box 11/1
972 924 1455 1022 Emil: In wiefern?
976 986 2438 1076 Agathe: Nun, es wird doch auf irgend eine Weise für die Unter¬
860 1049 1394 1137 haltung gesorgt werden.
972 1103 2457 1178 Emil: Selbstverständlich. Ich weiß allerdings nicht ... aber die
852 1185 2467 1254 Stimmung ist ja schon durch den bedeutenden Augenblick gehoben. Bedenken
858 1242 1493 1318 Sie: ein neues Jahr beginnt.
983 1297 1407 1368 Agathe: Freilich.
972 1355 1862 1424 Emil: Wahrscheinlich wird man tanzen.
966 1421 1874 1493 Agathe: Haben Sie einen Klavierspieler?
972 1474 1859 1552 Emil: Fritz wird spielen; — jedenfalls.
973 1533 1506 1611 Agathe: Ihr Cousin?
973 1598 2428 1650 Emil: Ja. Wir sind ja ganz unter uns: es ist nichts als ein er¬
855 1654 2440 1732 weiterter Familienkreis. Glauben Sie denn, gnädige Frau, Sie wären heute
860 1714 2439 1782 bei uns geladen, wenn nicht Ihr Gemahl der Cousin von Mama wäre?
977 1769 1393 1852 Agathe: Ach ja.
969 1834 2432 1899 Emil: In unserem Haus hält man noch an der schönen Sitte fest,
854 1879 2441 1959 daß an solchen Abenden nur die Menschen zusammenkommen, die wirklich
859 1950 2438 2026 zusammengehören, die durch Bande der Verwandtschaft miteinander verknüpft
855 2020 2455 2087 sind. Na ja, darum unterhält man sich auch so gut, daher die festliche
855 2070 2160 2116 und gerührte Stimmung. Haben Sie das gar nicht bemerkt?
967 2133 2450 2191 Agathe: Gewiß. Auch hab' ich die Sitzordnung so sinnig gefunden:
871 2188 1874 2254 Ehepaare zusammen, Kinder neben den Eltern .
973 2239 1289 2319 Emil: Ja. —
967 2300 2243 2379 Agathe: Und was sollen die Leute thun, die nicht tanzen?
976 2368 2438 2443 Emil: Nun, die Herren werden Karten spielen; Ihr Mann, Papa
861 2423 1865 2504 und Herr Friedmann haben bereits angefangen.
973 2477 1650 2555 (Klavierspiel im Nebenzimmer.)
968 2527 2098 2613 Hören Sie, Fritz hat sich schon an den Flügel gesetzt.
965 2602 2117 2681 Agathe: Darauf wird man schwerlich tanzen können.
978 2659 2435 2752 Emil: 0, er fängt immer mit Tristan und Isolde an, aber es
868 2729 2435 2793 wird immer wieder die Fledermaus. Darf ich Sie nicht hineinführen,
868 2789 1197 2865 gnädige Frau?
980 2832 1958 2914 Agathe: Es hat Zeit; ich tanze nicht mehr.
980 2902 1561 2982 Emil: 0, gnädige Frau!
970 2969 2440 3043 Agathe: Bitte, bemühen Sie sich nicht. Ich bin sechzehn Jahre
854 3041 2450 3096 verheirathet. Wenn Sie mir vielleicht mein Cape reichen wollten? Dort
850 3079 1423 3156 über der Lehne hängt es.
988 3136 1603 3217 Emil: Hier, gnädige Frau.
965 3197 2440 3257 Agathe: Danke. So — ich bleibe noch ein bischen am Fenster; es
863 3263 2441 3331 ist wunderschön. Aber stören Sie sich nicht um meinetwillen, ich bitte
853 3308 1768 3405 sehr. Sie wollten wahrscheinlich fortgehen.
974 3366 1360 3449 Emil: 0 nein.
970 3426 2453 3487 Agathe: Sie sind gewiß noch irgendwo eingeladen und werden wohl
850 3496 2327 3564 noch Ihre besondere Splvesterfeier haben, in der richtigen Gesellschaft.
