<?xml version="1.0" encoding="UTF-8" standalone="yes"?>
<PcGts xmlns="http://schema.primaresearch.org/PAGE/gts/pagecontent/2013-07-15" xmlns:xsi="http://www.w3.org/2001/XMLSchema-instance" xsi:schemaLocation="http://schema.primaresearch.org/PAGE/gts/pagecontent/2013-07-15 http://schema.primaresearch.org/PAGE/gts/pagecontent/2013-07-15/pagecontent.xsd">
    <Metadata>
        <Creator>prov=University of Rostock/Institute of Mathematics/CITlab/Gundram Leifert/gundram.leifert@uni-rostock.de:name=ONB_Newseye_GT_M1+(htr_id=10810)::::v=2.4.2
prov=University of Rostock/Institute of Mathematics/CITlab/Tobias Gruening/tobias.gruening@uni-rostock.de:name=de.uros.citlab.module.baseline2polygon.B2PSeamMultiOriented:v=2.4.2
prov=University of Rostock/Institute of Mathematics/CITlab/Tobias Gruening/tobias.gruening@uni-rostock.de:name=/mnt/transkribus/LA/DEA/URO/LA_news_onb_att.pb:de.uros.citlab.segmentation.CITlab_LA_ML:v=2.4.2
Transkribus</Creator>
        <Created>2019-10-07T11:59:00.034+02:00</Created>
        <LastChange>2019-10-09T12:43:39.736+02:00</LastChange>
        <TranskribusMetadata docId="223992" pageId="9509155" pageNr="1235" tsid="16651343" status="IN_PROGRESS" userId="40391" imgUrl="https://files.transkribus.eu/Get?id=CXSHABJAQIHOMZRNOVWLXIQQ&amp;fileType=view" xmlUrl="https://files.transkribus.eu/Get?id=WPPLXDFKRJJTKBAFBSDXLHSG" imageId="6198128"/>
    </Metadata>
    <Page imageFilename="223992_1235.jpeg" imageWidth="3436" imageHeight="4256">
        <ReadingOrder>
            <OrderedGroup id="ro_1711446209000" caption="Regions reading order">
                <RegionRefIndexed index="0" regionRef="r1"/>
                <RegionRefIndexed index="1" regionRef="r2"/>
            </OrderedGroup>
        </ReadingOrder>
        <TextRegion orientation="0.0" id="r1" custom="readingOrder {index:0;}">
            <Coords points="200,269 200,2941 1568,2941 1568,269"/>
            <TextLine id="r1l1" custom="readingOrder {index:0;}">
                <Coords points="862,306 890,297 948,313 977,296 1035,307 1085,292 1210,332 1313,286 1314,231 1221,243 1134,231 1072,269 1016,248 989,259 953,236 863,232"/>
                <Baseline points="870,299 895,296 921,294 946,293 972,292 998,293 1023,294 1049,294 1075,296 1100,298 1126,299 1152,300 1177,301 1203,301 1229,300 1254,299 1280,296 1306,293"/>
                <TextEquiv>
                    <Unicode>box 12/6</Unicode>
                </TextEquiv>
            </TextLine>
            <TextLine id="r1l2" custom="readingOrder {index:1;}">
                <Coords points="383,307 746,306 745,250 712,241 677,260 618,232 553,266 504,243 442,254 429,241 382,245"/>
                <Baseline points="390,300 416,300 443,300 470,299 497,299 524,298 551,297 577,296 604,296 631,295 658,295 685,295 712,296 739,297"/>
                <TextEquiv>
                    <Unicode>iebelei</Unicode>
                </TextEquiv>
            </TextLine>
            <TextLine id="r1l3" custom="readingOrder {index:2;}">
                <Coords points="193,338 263,308 455,343 572,325 793,334 824,325 825,291 391,302 270,246 195,239"/>
                <Baseline points="200,296 230,301 261,306 292,310 323,313 354,316 385,319 415,319 446,321 477,322 508,322 539,322 570,322 601,322 631,321 662,320 693,319 724,318 755,317 786,315 817,314"/>
                <TextEquiv>
                    <Unicode>5. Jnn</Unicode>
                </TextEquiv>
            </TextLine>
            <TextLine id="r1l4" custom="readingOrder {index:3;}">
                <Coords points="440,1758 1276,1752 1503,1784 1477,1723 1229,1690 441,1718"/>
                <Baseline points="448,1753 500,1750 552,1747 605,1745 657,1744 710,1742 762,1742 814,1742 867,1742 919,1743 972,1744 1024,1745 1076,1746 1129,1748 1181,1750 1234,1752 1286,1754 1338,1756 1391,1759 1443,1760 1496,1763"/>
                <TextEquiv>
                    <Unicode>Ausschnitt ausvaurheit, Linz, Oberösterr.</Unicode>
                </TextEquiv>
            </TextLine>
            <TextLine id="r1l5" custom="readingOrder {index:4;}">
                <Coords points="647,1817 666,1813 738,1832 763,1825 778,1833 838,1828 855,1836 885,1823 888,1762 869,1765 841,1749 825,1758 818,1752 774,1759 763,1748 710,1758 650,1747"/>
                <Baseline points="655,1804 683,1804 711,1805 739,1806 767,1807 795,1808 823,1810 851,1810 879,1812"/>
                <TextEquiv>
                    <Unicode>3-0K119</Unicode>
                </TextEquiv>
            </TextLine>
            <TextLine id="r1l6" custom="readingOrder {index:5;}">
                <Coords points="463,1851 473,1850 490,1863 506,1854 520,1862 611,1855 611,1808 599,1808 584,1795 572,1796 560,1806 552,1803 537,1809 513,1826 493,1821 463,1826"/>
                <Baseline points="470,1853 496,1854 523,1854 550,1853 577,1854 604,1855"/>
                <TextEquiv>
                    <Unicode>vom:</Unicode>
                </TextEquiv>
            </TextLine>
            <TextLine id="r1l7" custom="readingOrder {index:6;}">
                <Coords points="580,1949 683,1970 928,1950 998,1976 1061,1945 1154,1972 1358,1960 1360,1829 712,1852 582,1823"/>
                <Baseline points="587,1947 625,1947 663,1947 701,1947 739,1947 778,1948 816,1948 854,1949 892,1950 930,1951 969,1952 1007,1952 1045,1953 1083,1953 1121,1954 1160,1954 1198,1954 1236,1954 1274,1953 1312,1952 1351,1951"/>
                <TextEquiv>
                    <Unicode>Theater und Kunlt.</Unicode>
                </TextEquiv>
            </TextLine>
            <TextLine id="r1l8" custom="readingOrder {index:7;}">
                <Coords points="417,2009 456,2000 465,2005 479,2000 500,2007 509,1860 483,1860 464,1870 426,1868"/>
                <Baseline points="426,1989 460,1993 494,1993"/>
                <TextEquiv>
                    <Unicode>7</Unicode>
                </TextEquiv>
            </TextLine>
            <TextLine id="r1l9" custom="readingOrder {index:8;}">
                <Coords points="500,2031 1258,2026 1317,2053 1472,2032 1520,2010 1520,1960 587,1973 500,2004"/>
                <Baseline points="507,2025 557,2023 607,2022 657,2021 708,2021 758,2021 808,2021 859,2022 909,2022 959,2023 1010,2024 1060,2024 1110,2025 1160,2025 1211,2025 1261,2024 1311,2024 1362,2022 1412,2020 1462,2018 1513,2014"/>
                <TextEquiv>
                    <Unicode>„Liebelei“ von Arthur Schnitzler Auch diese Auf¬</Unicode>
                </TextEquiv>
            </TextLine>
            <TextLine id="r1l10" custom="readingOrder {index:9;}">
                <Coords points="422,2079 1511,2093 1488,2020 1317,2053 422,2028"/>
                <Baseline points="429,2081 482,2080 536,2078 590,2077 644,2076 697,2075 751,2074 805,2073 859,2072 912,2072 966,2071 1020,2070 1074,2070 1127,2069 1181,2069 1235,2068 1289,2068 1342,2067 1396,2067 1450,2066 1504,2066"/>
                <TextEquiv>
                    <Unicode>führung hat gezeigt, daß unser Landesthealer heuer</Unicode>
                </TextEquiv>
            </TextLine>
            <TextLine id="r1l11" custom="readingOrder {index:10;}">
                <Coords points="422,2112 550,2143 1520,2116 1457,2066 422,2093"/>
                <Baseline points="429,2125 483,2125 537,2124 591,2123 645,2123 700,2122 754,2122 808,2121 862,2121 916,2120 971,2120 1025,2119 1079,2119 1133,2119 1187,2118 1242,2118 1296,2118 1350,2118 1404,2117 1458,2117 1513,2117"/>
                <TextEquiv>
                    <Unicode>über ein ganz vorzügliches Schauspielensemble verfügt,</Unicode>
                </TextEquiv>
            </TextLine>
            <TextLine id="r1l12" custom="readingOrder {index:11;}">
                <Coords points="421,2169 1492,2188 1519,2125 627,2146 420,2115"/>
                <Baseline points="428,2170 482,2171 536,2171 590,2171 644,2171 699,2171 753,2171 807,2170 861,2170 915,2169 970,2169 1024,2168 1078,2167 1132,2167 1186,2166 1241,2166 1295,2165 1349,2165 1403,2165 1457,2165 1512,2165"/>
                <TextEquiv>
                    <Unicode>das uns noch manchen genußreichen Abend bescheren</Unicode>
                </TextEquiv>
            </TextLine>
            <TextLine id="r1l13" custom="readingOrder {index:12;}">
                <Coords points="422,2211 1523,2211 1522,2158 422,2183"/>
                <Baseline points="430,2220 484,2218 538,2217 592,2216 647,2216 701,2216 755,2215 810,2215 864,2215 918,2216 973,2216 1027,2216 1081,2216 1135,2216 1190,2216 1244,2215 1298,2215 1353,2214 1407,2213 1461,2212 1516,2210"/>
                <TextEquiv>
                    <Unicode>wird — wenn es das operettenlüsterne Publikum er¬</Unicode>
                </TextEquiv>
            </TextLine>
            <TextLine id="r1l14" custom="readingOrder {index:13;}">
                <Coords points="415,2271 1523,2257 1437,2215 415,2212"/>
                <Baseline points="422,2269 476,2268 531,2267 586,2267 640,2266 695,2266 750,2266 804,2265 859,2265 914,2265 969,2265 1023,2265 1078,2265 1133,2264 1187,2264 1242,2263 1297,2262 1351,2261 1406,2259 1461,2258 1516,2256"/>
                <TextEquiv>
                    <Unicode>laubt. Die Hauptrolle des Stückes, die unglückliche Mu¬</Unicode>
                </TextEquiv>
            </TextLine>
            <TextLine id="r1l15" custom="readingOrder {index:14;}">
                <Coords points="418,2309 1519,2313 1518,2257 418,2270"/>
                <Baseline points="426,2320 480,2319 534,2318 588,2317 643,2316 697,2315 751,2315 806,2315 860,2314 914,2314 969,2314 1023,2313 1077,2313 1131,2312 1186,2312 1240,2311 1294,2311 1349,2310 1403,2309 1457,2307 1512,2306"/>
                <TextEquiv>
                    <Unicode>sikerstochter Christine, gab Fräulein Alice Lilard mit</Unicode>
                </TextEquiv>
            </TextLine>
            <TextLine id="r1l16" custom="readingOrder {index:15;}">
                <Coords points="422,2370 1463,2375 1515,2346 1429,2312 422,2320"/>
                <Baseline points="430,2369 483,2367 537,2366 591,2365 645,2365 699,2364 753,2364 807,2363 861,2363 915,2362 969,2362 1022,2362 1076,2361 1130,2361 1184,2360 1238,2360 1292,2359 1346,2358 1400,2357 1454,2356 1508,2354"/>
                <TextEquiv>
                    <Unicode>inniger Wärme in den Liebesszenen und mit erschüttern¬</Unicode>
                </TextEquiv>
            </TextLine>
            <TextLine id="r1l17" custom="readingOrder {index:16;}">
                <Coords points="430,2430 1523,2423 1509,2365 429,2375"/>
                <Baseline points="436,2414 492,2414 549,2413 606,2413 663,2413 719,2413 776,2412 833,2412 890,2412 947,2411 1003,2410 1060,2410 1117,2409 1174,2408 1231,2407 1287,2405 1344,2404 1401,2403 1458,2401 1515,2399"/>
                <TextEquiv>
                    <Unicode>dem Schmerz in der Szene, wo sie von dem Tode des</Unicode>
                </TextEquiv>
            </TextLine>
            <TextLine id="r1l18" custom="readingOrder {index:17;}">
                <Coords points="455,2463 1528,2450 1425,2407 454,2419"/>
                <Baseline points="462,2464 517,2463 573,2462 629,2461 684,2461 740,2461 796,2460 852,2460 907,2460 963,2459 1019,2459 1075,2458 1130,2458 1186,2457 1242,2456 1298,2456 1353,2454 1409,2453 1465,2451 1521,2449"/>
                <TextEquiv>
                    <Unicode>Geliebten erfährt. Das war wahre Kunst! Ihr eben¬</Unicode>
                </TextEquiv>
            </TextLine>
            <TextLine id="r1l19" custom="readingOrder {index:18;}">
                <Coords points="505,2512 1523,2515 1522,2467 1395,2455 505,2472"/>
                <Baseline points="512,2515 562,2513 612,2511 662,2510 712,2509 763,2508 813,2507 863,2507 913,2507 963,2506 1014,2506 1064,2506 1114,2506 1164,2505 1214,2505 1265,2504 1315,2503 1365,2503 1415,2501 1465,2499 1516,2498"/>
                <TextEquiv>
                    <Unicode>rtig zur Seite standen die Herren Willi Rolden</Unicode>
                </TextEquiv>
            </TextLine>
            <TextLine id="r1l20" custom="readingOrder {index:19;}">
                <Coords points="508,2564 1442,2562 1542,2552 1542,2515 507,2515"/>
                <Baseline points="514,2564 565,2561 616,2558 667,2556 718,2555 769,2554 820,2554 871,2554 922,2554 973,2554 1024,2554 1075,2555 1126,2555 1177,2554 1228,2554 1279,2553 1330,2551 1381,2549 1432,2546 1483,2542 1535,2537"/>
                <TextEquiv>
                    <Unicode>ritz), Kurt Walter (Theodor) und Josef Hüb¬</Unicode>
                </TextEquiv>
            </TextLine>
            <TextLine id="r1l21" custom="readingOrder {index:20;}">
                <Coords points="504,2613 1481,2610 1535,2592 1535,2547 504,2569"/>
                <Baseline points="511,2605 561,2603 612,2602 663,2602 714,2601 765,2601 816,2601 867,2601 918,2601 969,2601 1020,2601 1070,2601 1121,2601 1172,2601 1223,2601 1274,2600 1325,2600 1376,2598 1427,2597 1478,2595 1529,2592"/>
                <TextEquiv>
                    <Unicode>r (Christinens Vater). Als munteres, lebenslustiges</Unicode>
                </TextEquiv>
            </TextLine>
            <TextLine id="r1l22" custom="readingOrder {index:21;}">
                <Coords points="489,2663 1522,2643 1495,2599 489,2608"/>
                <Baseline points="496,2656 549,2655 603,2654 656,2653 710,2652 764,2652 817,2652 871,2651 925,2651 978,2651 1032,2651 1085,2650 1139,2650 1193,2649 1246,2649 1300,2648 1354,2647 1407,2645 1461,2644 1515,2641"/>
                <TextEquiv>
                    <Unicode>ädel war Frl. Vicky Pistor (Mizzi) ganz auf dem</Unicode>
                </TextEquiv>
            </TextLine>
            <TextLine id="r1l23" custom="readingOrder {index:22;}">
                <Coords points="439,2697 1469,2708 1532,2687 1531,2641 438,2672"/>
                <Baseline points="446,2707 502,2705 559,2704 616,2702 673,2702 729,2701 786,2701 843,2700 900,2700 957,2700 1013,2700 1070,2700 1127,2699 1184,2698 1241,2697 1297,2696 1354,2694 1411,2692 1468,2689 1525,2685"/>
                <TextEquiv>
                    <Unicode>richtigen Platze. Frl. Elsa Maltana gab die klatsch¬</Unicode>
                </TextEquiv>
            </TextLine>
            <TextLine id="r1l24" custom="readingOrder {index:23;}">
                <Coords points="422,2758 1262,2764 1576,2724 1498,2690 421,2721"/>
                <Baseline points="429,2756 488,2754 548,2753 608,2751 668,2750 728,2749 788,2748 848,2747 908,2746 968,2745 1028,2745 1088,2744 1148,2744 1208,2744 1268,2744 1328,2744 1388,2744 1448,2744 1508,2744 1568,2744"/>
                <TextEquiv>
                    <Unicode>süchtige Strumpfwirkerin sehr gut. Das Zusammenspiel</Unicode>
                </TextEquiv>
            </TextLine>
            <TextLine id="r1l25" custom="readingOrder {index:24;}">
                <Coords points="423,2800 1090,2812 1441,2779 1416,2747 423,2757"/>
                <Baseline points="430,2799 480,2799 530,2798 580,2798 630,2797 680,2797 730,2796 781,2796 831,2795 881,2795 931,2794 981,2793 1031,2793 1081,2792 1132,2792 1182,2791 1232,2790 1282,2790 1332,2789 1382,2788 1433,2787"/>
                <TextEquiv>
                    <Unicode>war ein recht flottes und der Gesamteindruck der N</Unicode>
                </TextEquiv>
            </TextLine>
            <TextLine id="r1l26" custom="readingOrder {index:25;}">
                <Coords points="439,2861 1150,2839 1327,2873 1489,2841 1536,2794 438,2813"/>
                <Baseline points="446,2844 500,2844 554,2845 608,2845 662,2845 716,2845 770,2845 825,2845 879,2845 933,2844 987,2844 1041,2843 1095,2843 1149,2842 1204,2841 1258,2840 1312,2838 1366,2837 1420,2836 1474,2835 1529,2833"/>
                <TextEquiv>
                    <Unicode>stellung daher ein sehr angenehmer, obwohl dasschlecht</Unicode>
                </TextEquiv>
            </TextLine>
            <TextLine id="r1l27" custom="readingOrder {index:26;}">
                <Coords points="450,2926 665,2895 841,2892 916,2926 1052,2925 1110,2891 1260,2900 1259,2851 1147,2843 450,2859"/>
                <Baseline points="458,2897 497,2896 537,2896 577,2895 616,2895 656,2894 696,2894 735,2893 775,2893 815,2893 855,2892 894,2892 934,2892 974,2892 1013,2892 1053,2892 1093,2892 1132,2892 1172,2892 1212,2892 1252,2892"/>
                <TextEquiv>
                    <Unicode>besetzte Haus davon wenig merken ließ.—</Unicode>
                </TextEquiv>
            </TextLine>
            <TextLine id="r1l28" custom="readingOrder {index:27;}">
                <Coords points="1244,2938 1328,2932 1395,2953 1440,2934 1496,2930 1512,2940 1539,2934 1539,2883 1422,2898 1388,2896 1358,2880 1302,2900 1244,2892"/>
                <Baseline points="1251,2928 1276,2929 1301,2929 1327,2930 1352,2931 1378,2931 1403,2931 1429,2931 1454,2931 1480,2930 1505,2929 1531,2928"/>
                <TextEquiv>
                    <Unicode>GELAan</Unicode>
                </TextEquiv>
            </TextLine>
            <TextEquiv>
                <Unicode>box 12/6
iebelei
5. Jnn
Ausschnitt ausvaurheit, Linz, Oberösterr.
3-0K119
vom:
Theater und Kunlt.
7
„Liebelei“ von Arthur Schnitzler Auch diese Auf¬
führung hat gezeigt, daß unser Landesthealer heuer
über ein ganz vorzügliches Schauspielensemble verfügt,
das uns noch manchen genußreichen Abend bescheren
wird — wenn es das operettenlüsterne Publikum er¬
laubt. Die Hauptrolle des Stückes, die unglückliche Mu¬
sikerstochter Christine, gab Fräulein Alice Lilard mit
inniger Wärme in den Liebesszenen und mit erschüttern¬
dem Schmerz in der Szene, wo sie von dem Tode des
Geliebten erfährt. Das war wahre Kunst! Ihr eben¬
rtig zur Seite standen die Herren Willi Rolden
ritz), Kurt Walter (Theodor) und Josef Hüb¬
r (Christinens Vater). Als munteres, lebenslustiges
ädel war Frl. Vicky Pistor (Mizzi) ganz auf dem
richtigen Platze. Frl. Elsa Maltana gab die klatsch¬
süchtige Strumpfwirkerin sehr gut. Das Zusammenspiel
war ein recht flottes und der Gesamteindruck der N
stellung daher ein sehr angenehmer, obwohl dasschlecht
besetzte Haus davon wenig merken ließ.—
GELAan</Unicode>
            </TextEquiv>
        </TextRegion>
        <TextRegion orientation="0.0" id="r2" custom="readingOrder {index:1;}">
            <Coords points="1940,595 1940,3996 3100,3996 3100,595"/>
            <TextLine id="r2l1" custom="readingOrder {index:0;}">
                <Coords points="1964,665 2257,651 2365,688 3013,659 3012,568 2962,558 2770,605 2683,573 2578,608 2447,586 2286,616 2194,582 1964,608"/>
                <Baseline points="1971,643 2022,642 2074,643 2126,644 2177,646 2229,648 2281,650 2332,652 2384,655 2436,656 2488,658 2539,659 2591,659 2643,658 2694,657 2746,654 2798,650 2849,643 2901,636 2953,626 3005,615"/>
                <TextEquiv>
                    <Unicode>Ausschnitt ausVelser Anzeiger</Unicode>
                </TextEquiv>
            </TextLine>
            <TextLine id="r2l2" custom="readingOrder {index:1;}">
                <Coords points="1964,732 1974,730 2008,754 2025,747 2040,755 2070,751 2122,755 2122,711 2087,704 2057,719 2006,690 1994,692 1979,683 1965,683"/>
                <Baseline points="1971,744 1999,745 2028,745 2057,745 2086,746 2115,748"/>
                <TextEquiv>
                    <Unicode>voln:</Unicode>
                </TextEquiv>
            </TextLine>
            <TextLine id="r2l3" custom="readingOrder {index:2;}">
                <Coords points="2314,797 2362,792 2403,805 2553,792 2583,769 2669,745 2665,704 2554,709 2520,699 2487,713 2395,711 2371,728 2307,735"/>
                <Baseline points="2319,785 2345,782 2371,780 2398,777 2424,775 2451,772 2477,769 2504,766 2530,763 2557,761 2583,758 2610,754 2636,751 2663,748"/>
                <TextEquiv>
                    <Unicode>—</Unicode>
                </TextEquiv>
            </TextLine>
            <TextLine id="r2l4" custom="readingOrder {index:3;}">
                <Coords points="1933,866 2022,822 2681,861 3034,837 3052,804 2689,778 2043,812 2002,780 1932,810"/>
                <Baseline points="1940,835 1995,835 2050,836 2105,836 2161,836 2216,837 2271,837 2327,837 2382,837 2437,837 2493,837 2548,837 2603,837 2658,836 2714,835 2769,834 2824,833 2880,831 2935,829 2990,827 3046,825"/>
                <TextEquiv>
                    <Unicode> — Schnitzlers „Liebele i“ (aufgeführt Sonn¬</Unicode>
                </TextEquiv>
            </TextLine>
            <TextLine id="r2l5" custom="readingOrder {index:4;}">
                <Coords points="1940,884 2765,897 2953,861 3063,889 3063,835 2525,858 2014,823 1940,864"/>
                <Baseline points="1947,880 2002,879 2057,878 2113,878 2168,878 2224,878 2279,878 2334,879 2390,880 2445,880 2501,881 2556,882 2611,882 2667,882 2722,882 2778,881 2833,880 2888,879 2944,878 2999,875 3055,871"/>
                <TextEquiv>
                    <Unicode>Lagdn 12. Olisber-1013) entzückt wie am</Unicode>
                </TextEquiv>
            </TextLine>
            <TextLine id="r2l6" custom="readingOrder {index:5;}">
                <Coords points="1965,936 3005,926 3060,886 1964,889"/>
                <Baseline points="1971,918 2025,919 2079,921 2133,922 2187,923 2241,924 2295,924 2349,925 2403,925 2457,925 2512,925 2566,925 2620,925 2674,924 2728,923 2782,922 2836,921 2890,920 2944,919 2998,917 3053,916"/>
                <TextEquiv>
                    <Unicode>ersten Tag (von wie viel Stücken, die beinahe</Unicode>
                </TextEquiv>
            </TextLine>
            <TextLine id="r2l7" custom="readingOrder {index:6;}">
                <Coords points="1956,970 2966,975 3069,953 3069,924 1956,937"/>
                <Baseline points="1963,966 2020,966 2078,966 2136,966 2194,966 2252,966 2310,966 2367,966 2425,966 2483,965 2541,965 2599,965 2657,964 2714,964 2772,963 2830,962 2888,961 2946,960 3004,959 3062,958"/>
                <TextEquiv>
                    <Unicode>zwunzig Jahre alt sind, kann dies noch gesagt</Unicode>
                </TextEquiv>
            </TextLine>
            <TextLine id="r2l8" custom="readingOrder {index:7;}">
                <Coords points="1960,1014 2985,1015 3062,1006 3062,951 2402,993 1960,964"/>
                <Baseline points="1967,1005 2021,1005 2075,1006 2130,1006 2184,1006 2239,1007 2293,1007 2347,1007 2402,1008 2456,1008 2511,1008 2565,1008 2619,1008 2674,1008 2728,1007 2783,1006 2837,1006 2891,1004 2946,1004 3000,1002 3055,1000"/>
                <TextEquiv>
                    <Unicode>werden?) durch die edelschlichte Einfachheit seines</Unicode>
                </TextEquiv>
            </TextLine>
            <TextLine id="r2l9" custom="readingOrder {index:8;}">
                <Coords points="1960,1043 2966,1065 3052,1056 3052,999 1960,1014"/>
                <Baseline points="1968,1046 2021,1046 2075,1047 2129,1048 2183,1048 2237,1049 2290,1049 2344,1049 2398,1050 2452,1050 2506,1050 2559,1050 2613,1050 2667,1050 2721,1049 2775,1049 2828,1048 2882,1047 2936,1046 2990,1045 3044,1044"/>
                <TextEquiv>
                    <Unicode>Bauesnd seiner Heiterkeit. Alles fügt sich an¬</Unicode>
                </TextEquiv>
            </TextLine>
            <TextLine id="r2l10" custom="readingOrder {index:9;}">
                <Coords points="1967,1105 3030,1092 3065,1043 1966,1055"/>
                <Baseline points="1973,1091 2027,1091 2081,1092 2135,1093 2190,1093 2244,1094 2298,1094 2352,1094 2407,1094 2461,1094 2515,1094 2569,1093 2624,1093 2678,1092 2732,1091 2786,1090 2841,1089 2895,1088 2949,1087 3003,1085 3058,1083"/>
                <TextEquiv>
                    <Unicode>überhaster, kräftig und gerundet zusammen; die</Unicode>
                </TextEquiv>
            </TextLine>
            <TextLine id="r2l11" custom="readingOrder {index:10;}">
                <Coords points="1966,1142 3062,1140 3062,1103 2969,1086 1966,1103"/>
                <Baseline points="1973,1137 2027,1137 2081,1136 2135,1135 2189,1135 2243,1134 2297,1134 2351,1133 2405,1133 2459,1133 2513,1133 2567,1132 2621,1132 2675,1132 2729,1132 2783,1131 2837,1131 2891,1130 2945,1130 2999,1129 3054,1128"/>
                <TextEquiv>
                    <Unicode>Menschen eines kleinen Weltausschnittes haben mit¬</Unicode>
                </TextEquiv>
            </TextLine>
            <TextLine id="r2l12" custom="readingOrder {index:11;}">
                <Coords points="1970,1181 2965,1186 3067,1166 3067,1136 1970,1149"/>
                <Baseline points="1977,1176 2031,1177 2085,1178 2139,1178 2193,1178 2247,1178 2301,1178 2356,1177 2410,1176 2464,1176 2518,1175 2572,1174 2626,1173 2680,1172 2735,1171 2789,1170 2843,1170 2897,1169 2951,1169 3005,1170 3060,1170"/>
                <TextEquiv>
                    <Unicode>einander zu tun und wieder aus kleinem Ausschnitt</Unicode>
                </TextEquiv>
            </TextLine>
            <TextLine id="r2l13" custom="readingOrder {index:12;}">
                <Coords points="1964,1229 3047,1223 3059,1182 1963,1185"/>
                <Baseline points="1971,1219 2025,1221 2079,1221 2133,1222 2187,1222 2241,1222 2295,1222 2349,1221 2403,1221 2457,1220 2511,1219 2565,1218 2619,1217 2673,1216 2727,1215 2781,1215 2835,1214 2889,1214 2943,1214 2997,1214 3052,1215"/>
                <TextEquiv>
                    <Unicode>ist noch eine kleinere Lahl, sind nur zwei, die enger</Unicode>
                </TextEquiv>
            </TextLine>
            <TextLine id="r2l14" custom="readingOrder {index:13;}">
                <Coords points="1956,1269 3066,1256 3065,1225 2897,1215 2595,1241 2441,1211 2349,1251 2314,1222 1955,1231"/>
                <Baseline points="1963,1267 2017,1266 2072,1265 2127,1265 2182,1264 2237,1264 2291,1263 2346,1263 2401,1263 2456,1263 2511,1262 2565,1262 2620,1262 2675,1261 2730,1261 2785,1260 2839,1260 2894,1259 2949,1258 3004,1257 3059,1255"/>
                <TextEquiv>
                    <Unicode>zusammenwachsen, eine stille, lautlos, verblutende,</Unicode>
                </TextEquiv>
            </TextLine>
            <TextLine id="r2l15" custom="readingOrder {index:14;}">
                <Coords points="1960,1304 2781,1318 3003,1308 3063,1295 3063,1257 1960,1285"/>
                <Baseline points="1967,1306 2021,1306 2075,1306 2130,1306 2184,1306 2239,1305 2293,1305 2348,1305 2402,1305 2457,1304 2511,1304 2565,1304 2620,1303 2674,1303 2729,1302 2783,1301 2838,1300 2892,1300 2947,1299 3001,1298 3056,1296"/>
                <TextEquiv>
                    <Unicode>unpathetische Tragödie inmitten der lauten, stürmen¬</Unicode>
                </TextEquiv>
            </TextLine>
            <TextLine id="r2l16" custom="readingOrder {index:15;}">
                <Coords points="1961,1368 3063,1355 3062,1320 2980,1299 1961,1320"/>
                <Baseline points="1968,1349 2022,1349 2076,1349 2131,1349 2185,1349 2240,1349 2294,1349 2348,1348 2403,1348 2457,1348 2512,1347 2566,1347 2620,1346 2675,1346 2729,1345 2784,1344 2838,1343 2892,1342 2947,1340 3001,1339 3056,1338"/>
                <TextEquiv>
                    <Unicode>den und gellenden Wellen der großen Stadt. Aber</Unicode>
                </TextEquiv>
            </TextLine>
            <TextLine id="r2l17" custom="readingOrder {index:16;}">
                <Coords points="1963,1385 3070,1379 3000,1342 1963,1361"/>
                <Baseline points="1970,1391 2024,1391 2079,1390 2133,1390 2188,1390 2243,1390 2297,1391 2352,1391 2407,1391 2461,1391 2516,1391 2571,1391 2625,1391 2680,1391 2735,1390 2789,1390 2844,1389 2899,1387 2953,1386 3008,1385 3063,1382"/>
                <TextEquiv>
                    <Unicode>trotz dieses Vornehmen und Adetigen des Stückes</Unicode>
                </TextEquiv>
            </TextLine>
            <TextLine id="r2l18" custom="readingOrder {index:17;}">
                <Coords points="1964,1430 2864,1446 3042,1437 3068,1392 1964,1397"/>
                <Baseline points="1971,1427 2025,1429 2080,1430 2134,1432 2189,1433 2243,1433 2298,1433 2352,1433 2407,1433 2461,1432 2516,1432 2570,1431 2625,1431 2679,1430 2734,1429 2788,1429 2843,1429 2897,1429 2952,1429 3006,1430 3061,1431"/>
                <TextEquiv>
                    <Unicode>.— die Heldin steht dennoch in vielen Augenblicken</Unicode>
                </TextEquiv>
            </TextLine>
            <TextLine id="r2l19" custom="readingOrder {index:18;}">
                <Coords points="1967,1484 3023,1471 3078,1498 3061,1427 2779,1456 1967,1436"/>
                <Baseline points="1975,1478 2029,1478 2084,1478 2139,1478 2194,1477 2248,1477 2303,1477 2358,1476 2413,1476 2467,1475 2522,1475 2577,1474 2632,1474 2686,1473 2741,1473 2796,1472 2851,1472 2905,1471 2960,1471 3015,1470 3070,1470"/>
                <TextEquiv>
                    <Unicode>scharf an der Grenze, wo innig=süße, berauschende</Unicode>
                </TextEquiv>
            </TextLine>
            <TextLine id="r2l20" custom="readingOrder {index:19;}">
                <Coords points="1962,1525 3068,1507 3023,1472 1962,1494"/>
                <Baseline points="1969,1525 2023,1523 2078,1522 2132,1521 2187,1521 2241,1521 2296,1520 2350,1520 2405,1520 2459,1520 2514,1520 2569,1520 2623,1520 2678,1520 2732,1519 2787,1518 2841,1517 2896,1515 2950,1513 3005,1510 3060,1507"/>
                <TextEquiv>
                    <Unicode>Liebesworte zur sentimentalen Pose, zur theatrali¬</Unicode>
                </TextEquiv>
            </TextLine>
            <TextLine id="r2l21" custom="readingOrder {index:20;}">
                <Coords points="1963,1566 3023,1567 3074,1519 1963,1532"/>
                <Baseline points="1971,1566 2025,1565 2080,1565 2135,1564 2190,1564 2245,1563 2300,1563 2354,1562 2409,1562 2464,1562 2519,1561 2574,1561 2629,1560 2684,1560 2738,1559 2793,1559 2848,1558 2903,1557 2958,1556 3013,1555 3068,1554"/>
                <TextEquiv>
                    <Unicode>schen Deklamation werden — und in manchen Mo¬</Unicode>
                </TextEquiv>
            </TextLine>
            <TextLine id="r2l22" custom="readingOrder {index:21;}">
                <Coords points="1955,1590 2095,1622 3073,1601 3073,1569 3007,1555 2876,1586 2584,1556 1955,1580"/>
                <Baseline points="1963,1609 2018,1608 2073,1607 2128,1606 2183,1605 2238,1605 2293,1605 2348,1605 2403,1604 2458,1604 2514,1604 2569,1604 2624,1604 2679,1604 2734,1603 2789,1603 2844,1602 2899,1601 2954,1600 3009,1599 3065,1597"/>
                <TextEquiv>
                    <Unicode>menten überschreitet sie diese Linie sogar. Darum</Unicode>
                </TextEquiv>
            </TextLine>
            <TextLine id="r2l23" custom="readingOrder {index:22;}">
                <Coords points="1956,1631 2006,1662 3076,1646 3076,1608 3023,1601 1956,1608"/>
                <Baseline points="1963,1650 2018,1650 2073,1649 2128,1649 2184,1649 2239,1648 2294,1648 2350,1648 2405,1648 2460,1647 2516,1647 2571,1647 2626,1646 2681,1646 2737,1645 2792,1644 2847,1644 2903,1643 2958,1642 3013,1641 3069,1639"/>
                <TextEquiv>
                    <Unicode>obliegt der Künstlerin, in deren Händen die Rolle</Unicode>
                </TextEquiv>
            </TextLine>
            <TextLine id="r2l24" custom="readingOrder {index:23;}">
                <Coords points="1969,1702 3018,1696 3067,1646 1969,1658"/>
                <Baseline points="1976,1694 2030,1693 2084,1693 2138,1693 2193,1693 2247,1692 2301,1692 2355,1692 2410,1692 2464,1691 2518,1691 2572,1691 2627,1690 2681,1690 2735,1689 2789,1688 2844,1687 2898,1686 2952,1684 3006,1683 3061,1681"/>
                <TextEquiv>
                    <Unicode>der Christine Weiring ruht, dopvelt die Verpflich¬</Unicode>
                </TextEquiv>
            </TextLine>
            <TextLine id="r2l25" custom="readingOrder {index:24;}">
                <Coords points="1973,1739 3068,1734 3045,1694 2949,1685 1973,1706"/>
                <Baseline points="1981,1739 2037,1738 2094,1737 2151,1737 2208,1736 2264,1735 2321,1734 2378,1734 2435,1733 2492,1732 2548,1732 2605,1731 2662,1731 2719,1730 2776,1730 2832,1729 2889,1728 2946,1728 3003,1727 3060,1726"/>
                <TextEquiv>
                    <Unicode>tung, das übergrell Geratene, das zerfließend Rühr¬</Unicode>
                </TextEquiv>
            </TextLine>
            <TextLine id="r2l26" custom="readingOrder {index:25;}">
                <Coords points="1973,1792 3064,1785 3074,1732 1972,1741"/>
                <Baseline points="1980,1780 2034,1779 2088,1779 2143,1779 2197,1778 2251,1778 2306,1777 2360,1777 2414,1777 2469,1776 2523,1776 2577,1775 2632,1775 2686,1774 2740,1774 2795,1773 2849,1773 2903,1772 2958,1772 3012,1772 3067,1771"/>
                <TextEquiv>
                    <Unicode>selige, das Unwienerische und Unlebendige ihrer</Unicode>
                </TextEquiv>
            </TextLine>
            <TextLine id="r2l27" custom="readingOrder {index:26;}">
                <Coords points="1962,1825 3070,1824 3069,1780 2992,1772 1962,1797"/>
                <Baseline points="1969,1824 2023,1824 2078,1823 2132,1822 2187,1822 2242,1821 2296,1820 2351,1819 2406,1818 2460,1817 2515,1816 2570,1816 2624,1815 2679,1814 2734,1813 2788,1812 2843,1812 2898,1811 2952,1811 3007,1811 3062,1811"/>
                <TextEquiv>
                    <Unicode>Partie zu dämpfen, über aller Wehmut und allem</Unicode>
                </TextEquiv>
            </TextLine>
            <TextLine id="r2l28" custom="readingOrder {index:27;}">
                <Coords points="1970,1872 3079,1853 2920,1810 1970,1827"/>
                <Baseline points="1977,1865 2031,1864 2086,1863 2141,1863 2196,1862 2250,1862 2305,1861 2360,1861 2415,1861 2469,1861 2524,1861 2579,1860 2634,1860 2688,1860 2743,1860 2798,1859 2853,1858 2907,1858 2962,1857 3017,1855 3072,1854"/>
                <TextEquiv>
                    <Unicode>tiefen Seelenton etwas Jungfrisches, Hinreißendes</Unicode>
                </TextEquiv>
            </TextLine>
            <TextLine id="r2l29" custom="readingOrder {index:28;}">
                <Coords points="1966,1911 2910,1916 3073,1867 1966,1872"/>
                <Baseline points="1973,1910 2027,1908 2082,1907 2136,1905 2191,1905 2246,1904 2300,1904 2355,1903 2410,1903 2464,1903 2519,1903 2574,1903 2628,1903 2683,1903 2738,1902 2792,1902 2847,1900 2902,1899 2956,1898 3011,1896 3066,1894"/>
                <TextEquiv>
                    <Unicode>und Berauschendes leuchten zu lassen. Frl. Li¬</Unicode>
                </TextEquiv>
            </TextLine>
            <TextLine id="r2l30" custom="readingOrder {index:29;}">
                <Coords points="1972,1949 3082,1939 2950,1897 2902,1924 1971,1911"/>
                <Baseline points="1979,1950 2033,1949 2088,1949 2143,1949 2198,1948 2252,1948 2307,1947 2362,1947 2417,1947 2471,1946 2526,1946 2581,1945 2636,1945 2690,1944 2745,1944 2800,1943 2855,1943 2909,1943 2964,1942 3019,1942 3074,1942"/>
                <TextEquiv>
                    <Unicode>lard, weniger theatralisch akzentuierend als im</Unicode>
                </TextEquiv>
            </TextLine>
            <TextLine id="r2l31" custom="readingOrder {index:30;}">
                <Coords points="1967,2011 3074,1973 3060,1939 1966,1964"/>
                <Baseline points="1973,2000 2027,1997 2082,1994 2136,1992 2191,1990 2246,1989 2300,1988 2355,1988 2410,1988 2464,1988 2519,1988 2574,1988 2628,1989 2683,1989 2738,1989 2792,1989 2847,1989 2902,1988 2956,1987 3011,1986 3066,1984"/>
                <TextEquiv>
                    <Unicode>„Meister“ und also künstlerisch befriedigender, hatte</Unicode>
                </TextEquiv>
            </TextLine>
            <TextLine id="r2l32" custom="readingOrder {index:31;}">
                <Coords points="1960,2030 2991,2041 3077,2029 3077,1996 1960,2011"/>
                <Baseline points="1967,2044 2022,2041 2077,2038 2132,2037 2187,2035 2242,2034 2297,2033 2353,2032 2408,2032 2463,2031 2518,2031 2573,2031 2628,2031 2683,2031 2739,2030 2794,2030 2849,2029 2904,2029 2959,2027 3014,2026 3070,2024"/>
                <TextEquiv>
                    <Unicode>gleichwohl noch zu viel des Unterstrichenen, ein¬</Unicode>
                </TextEquiv>
            </TextLine>
            <TextLine id="r2l33" custom="readingOrder {index:32;}">
                <Coords points="1969,2074 2953,2084 3073,2041 1969,2044"/>
                <Baseline points="1976,2084 2030,2082 2085,2079 2139,2078 2194,2077 2248,2076 2303,2075 2357,2074 2412,2074 2466,2073 2521,2073 2575,2072 2630,2072 2684,2071 2739,2071 2793,2070 2848,2069 2902,2068 2957,2067 3011,2066 3066,2064"/>
                <TextEquiv>
                    <Unicode>tönig im Jammer Versunkenen an sich. Das Theater</Unicode>
                </TextEquiv>
            </TextLine>
            <TextLine id="r2l34" custom="readingOrder {index:33;}">
                <Coords points="1969,2131 3005,2132 3074,2104 3016,2070 2214,2093 2178,2062 1969,2108"/>
                <Baseline points="1977,2125 2031,2124 2086,2123 2140,2122 2195,2121 2249,2120 2304,2120 2358,2119 2413,2119 2467,2118 2522,2118 2576,2117 2631,2116 2685,2116 2740,2116 2794,2115 2849,2115 2903,2115 2958,2114 3012,2114 3067,2113"/>
                <TextEquiv>
                    <Unicode>zu vergessen und für Stunden in die Geheimnisse</Unicode>
                </TextEquiv>
            </TextLine>
            <TextLine id="r2l35" custom="readingOrder {index:34;}">
                <Coords points="1964,2169 3063,2168 3077,2121 1964,2130"/>
                <Baseline points="1971,2166 2028,2165 2086,2165 2144,2165 2202,2164 2260,2164 2318,2163 2375,2162 2433,2162 2491,2161 2549,2161 2607,2160 2665,2160 2722,2159 2780,2159 2838,2159 2896,2158 2954,2158 3012,2158 3070,2158"/>
                <TextEquiv>
                    <Unicode>des von starken Händen geöffneten Lebens zu</Unicode>
                </TextEquiv>
            </TextLine>
            <TextLine id="r2l36" custom="readingOrder {index:35;}">
                <Coords points="2166,2204 3047,2210 3078,2165 2166,2180"/>
                <Baseline points="2174,2207 2218,2206 2263,2205 2308,2205 2353,2204 2398,2204 2443,2204 2487,2203 2532,2203 2577,2203 2622,2203 2667,2203 2712,2203 2757,2203 2801,2203 2846,2202 2891,2202 2936,2201 2981,2201 3026,2200 3071,2199"/>
                <TextEquiv>
                    <Unicode>— wie sehnt man sich monatelang nach</Unicode>
                </TextEquiv>
            </TextLine>
            <TextLine id="r2l37" custom="readingOrder {index:36;}">
                <Coords points="1963,2216 2005,2208 2018,2215 2027,2209 2052,2214 2069,2208 2082,2217 2087,2211 2126,2219 2164,2196 2163,2178 2140,2168 2091,2174 2075,2163 2044,2177 2006,2165 1989,2176 1978,2169 1962,2171"/>
                <Baseline points="1971,2210 1997,2210 2024,2210 2050,2209 2077,2209 2103,2208 2130,2206 2157,2205"/>
                <TextEquiv>
                    <Unicode>tauchen</Unicode>
                </TextEquiv>
            </TextLine>
            <TextLine id="r2l38" custom="readingOrder {index:37;}">
                <Coords points="1978,2253 3081,2243 3066,2200 1977,2217"/>
                <Baseline points="1985,2252 2039,2251 2093,2250 2148,2249 2202,2249 2257,2248 2311,2247 2366,2246 2420,2246 2475,2245 2529,2245 2583,2244 2638,2244 2692,2243 2747,2243 2801,2243 2856,2243 2910,2242 2965,2242 3019,2242 3074,2241"/>
                <TextEquiv>
                    <Unicode>solchen Offenbarungen der Kunst! — es wollte und</Unicode>
                </TextEquiv>
            </TextLine>
            <TextLine id="r2l39" custom="readingOrder {index:38;}">
                <Coords points="1970,2296 3082,2296 3081,2241 1970,2256"/>
                <Baseline points="1977,2295 2031,2294 2086,2294 2141,2294 2196,2293 2251,2292 2306,2291 2360,2290 2415,2290 2470,2289 2525,2288 2580,2287 2635,2286 2690,2286 2744,2285 2799,2285 2854,2285 2909,2285 2964,2285 3019,2286 3074,2287"/>
                <TextEquiv>
                    <Unicode>wollte nicht gelingen! Ihr Partner Herr Rol##</Unicode>
                </TextEquiv>
            </TextLine>
            <TextLine id="r2l40" custom="readingOrder {index:39;}">
                <Coords points="1971,2325 2875,2342 3066,2335 3083,2295 1971,2296"/>
                <Baseline points="1978,2336 2032,2335 2087,2335 2142,2334 2197,2334 2252,2333 2307,2333 2362,2332 2417,2332 2472,2332 2527,2331 2581,2331 2636,2331 2691,2330 2746,2330 2801,2330 2856,2330 2911,2329 2966,2329 3021,2329 3076,2329"/>
                <TextEquiv>
                    <Unicode>den gab ein gutes und erfreuliches Spiel voll¬</Unicode>
                </TextEquiv>
            </TextLine>
            <TextLine id="r2l41" custom="readingOrder {index:40;}">
                <Coords points="1976,2378 2827,2392 3076,2379 3076,2333 1976,2340"/>
                <Baseline points="1983,2381 2037,2380 2091,2378 2145,2377 2200,2376 2254,2375 2308,2375 2363,2375 2417,2375 2471,2375 2526,2375 2580,2375 2634,2375 2688,2375 2743,2375 2797,2374 2851,2374 2906,2373 2960,2372 3014,2371 3069,2369"/>
                <TextEquiv>
                    <Unicode>schwerer, erdrückender Angst, jähem, krampfhaftem</Unicode>
                </TextEquiv>
            </TextLine>
            <TextLine id="r2l42" custom="readingOrder {index:41;}">
                <Coords points="1966,2437 3079,2430 3054,2375 1965,2386"/>
                <Baseline points="1973,2423 2027,2422 2082,2422 2137,2421 2192,2421 2247,2420 2302,2420 2357,2419 2412,2419 2467,2418 2522,2418 2576,2417 2631,2417 2686,2416 2741,2415 2796,2415 2851,2414 2906,2414 2961,2413 3016,2412 3071,2411"/>
                <TextEquiv>
                    <Unicode>Vergessenwollen und der erstarrenden Wiederkehr</Unicode>
                </TextEquiv>
            </TextLine>
            <TextLine id="r2l43" custom="readingOrder {index:42;}">
                <Coords points="1968,2457 2818,2476 2862,2447 3040,2464 3078,2426 1968,2437"/>
                <Baseline points="1976,2469 2030,2467 2085,2466 2140,2464 2195,2463 2249,2463 2304,2462 2359,2462 2414,2461 2468,2461 2523,2461 2578,2461 2633,2460 2687,2460 2742,2460 2797,2460 2852,2459 2906,2458 2961,2458 3016,2457 3071,2455"/>
                <TextEquiv>
                    <Unicode>würgender Ahnungen. Seine Leistung bestätigte</Unicode>
                </TextEquiv>
            </TextLine>
            <TextLine id="r2l44" custom="readingOrder {index:43;}">
                <Coords points="1970,2514 3075,2512 3075,2464 1970,2474"/>
                <Baseline points="1977,2509 2031,2507 2086,2506 2140,2505 2195,2505 2249,2504 2304,2504 2358,2504 2413,2504 2467,2504 2522,2504 2576,2504 2631,2504 2685,2504 2740,2504 2794,2504 2849,2504 2903,2503 2958,2503 3012,2503 3067,2501"/>
                <TextEquiv>
                    <Unicode>den angenehmen Eindruck seines ersten Auftretens.</Unicode>
                </TextEquiv>
            </TextLine>
            <TextLine id="r2l45" custom="readingOrder {index:44;}">
                <Coords points="1965,2563 2865,2560 3050,2551 3082,2513 1964,2520"/>
                <Baseline points="1971,2548 2026,2548 2081,2548 2136,2548 2191,2548 2247,2548 2302,2548 2357,2548 2412,2547 2467,2547 2523,2547 2578,2547 2633,2547 2688,2546 2743,2546 2799,2546 2854,2546 2909,2546 2964,2545 3019,2545 3075,2545"/>
                <TextEquiv>
                    <Unicode>Die neue Naive, Frl. Pistor, stellte sich als</Unicode>
                </TextEquiv>
            </TextLine>
            <TextLine id="r2l46" custom="readingOrder {index:45;}">
                <Coords points="2438,2583 3053,2600 3080,2586 3080,2539 2865,2561 2529,2540 2437,2558"/>
                <Baseline points="2445,2586 2476,2587 2507,2588 2539,2589 2570,2590 2602,2590 2633,2590 2664,2590 2696,2590 2727,2590 2759,2589 2790,2589 2821,2588 2853,2588 2884,2588 2916,2587 2947,2587 2978,2587 3010,2587 3041,2587 3073,2588"/>
                <TextEquiv>
                    <Unicode>mit einer frischen Fidelität</Unicode>
                </TextEquiv>
            </TextLine>
            <TextLine id="r2l47" custom="readingOrder {index:46;}">
                <Coords points="1962,2599 2224,2605 2307,2589 2355,2602 2406,2593 2406,2557 2256,2564 2213,2547 2165,2558 2133,2548 2112,2567 2065,2548 1961,2561"/>
                <Baseline points="1969,2597 1994,2595 2019,2595 2044,2594 2070,2593 2095,2593 2120,2592 2146,2591 2171,2591 2196,2591 2221,2590 2247,2590 2272,2590 2297,2589 2323,2589 2348,2588 2373,2588 2399,2587"/>
                <TextEquiv>
                    <Unicode>Mitzi Schlager vor</Unicode>
                </TextEquiv>
            </TextLine>
            <TextLine id="r2l48" custom="readingOrder {index:47;}">
                <Coords points="1974,2635 2868,2643 3064,2633 3064,2598 1974,2607"/>
                <Baseline points="1982,2640 2035,2638 2089,2636 2143,2635 2197,2634 2250,2634 2304,2633 2358,2633 2412,2633 2465,2633 2519,2633 2573,2633 2627,2633 2680,2633 2734,2633 2788,2633 2842,2633 2895,2632 2949,2631 3003,2630 3057,2628"/>
                <TextEquiv>
                    <Unicode>und schnippischen Zappligkeit, die sie sicherlich für</Unicode>
                </TextEquiv>
            </TextLine>
            <TextLine id="r2l49" custom="readingOrder {index:48;}">
                <Coords points="1975,2686 3077,2671 3054,2634 2711,2622 1975,2650"/>
                <Baseline points="1983,2681 2037,2681 2091,2680 2146,2680 2200,2679 2254,2679 2309,2678 2363,2678 2417,2677 2472,2677 2526,2677 2580,2676 2635,2675 2689,2675 2743,2674 2798,2674 2852,2673 2906,2673 2961,2672 3015,2671 3070,2670"/>
                <TextEquiv>
                    <Unicode>das längst verwaiste Fach der wirbeligen Backfische</Unicode>
                </TextEquiv>
            </TextLine>
            <TextLine id="r2l50" custom="readingOrder {index:49;}">
                <Coords points="2413,2721 2692,2734 2782,2715 2841,2738 3072,2712 3071,2674 2922,2701 2866,2675 2529,2700 2413,2684"/>
                <Baseline points="2421,2716 2453,2717 2485,2717 2517,2718 2549,2718 2582,2718 2614,2718 2646,2718 2678,2719 2710,2719 2743,2719 2775,2719 2807,2719 2839,2718 2871,2718 2904,2718 2936,2718 2968,2717 3000,2717 3032,2716 3065,2716"/>
                <TextEquiv>
                    <Unicode>sie auch Seele hat, wird</Unicode>
                </TextEquiv>
            </TextLine>
            <TextLine id="r2l51" custom="readingOrder {index:50;}">
                <Coords points="1974,2728 2010,2740 2040,2724 2068,2736 2117,2723 2172,2733 2236,2722 2245,2731 2330,2729 2330,2697 2272,2681 2191,2693 2132,2682 2091,2693 2064,2675 2042,2691 1997,2681 1974,2696"/>
                <Baseline points="1981,2726 2007,2725 2033,2725 2059,2724 2086,2724 2112,2723 2138,2723 2165,2723 2191,2722 2217,2722 2244,2723 2270,2723 2296,2723 2323,2724"/>
                <TextEquiv>
                    <Unicode>geeignet macht.</Unicode>
                </TextEquiv>
            </TextLine>
            <TextLine id="r2l52" custom="readingOrder {index:51;}">
                <Coords points="1982,2766 2716,2780 2875,2744 3024,2770 3066,2715 1982,2731"/>
                <Baseline points="1989,2769 2042,2767 2096,2766 2149,2765 2203,2764 2256,2764 2310,2763 2363,2763 2417,2763 2470,2763 2524,2763 2577,2762 2631,2762 2684,2762 2738,2762 2791,2761 2845,2760 2898,2759 2952,2758 3005,2756 3059,2754"/>
                <TextEquiv>
                    <Unicode>sich ja weisen. Erheblich höher als im Meister“</Unicode>
                </TextEquiv>
            </TextLine>
            <TextLine id="r2l53" custom="readingOrder {index:52;}">
                <Coords points="1976,2829 2983,2813 3080,2806 3080,2766 1975,2764"/>
                <Baseline points="1983,2811 2037,2809 2092,2808 2146,2807 2201,2806 2255,2806 2310,2805 2364,2805 2419,2805 2473,2805 2528,2806 2582,2806 2637,2806 2691,2805 2746,2805 2800,2804 2855,2803 2909,2802 2964,2800 3018,2798 3073,2795"/>
                <TextEquiv>
                    <Unicode>stand diesmal Herr Hübner, der dem alten Wei¬</Unicode>
                </TextEquiv>
            </TextLine>
            <TextLine id="r2l54" custom="readingOrder {index:53;}">
                <Coords points="1981,2860 3086,2855 3085,2805 2954,2798 1981,2832"/>
                <Baseline points="1988,2852 2042,2851 2097,2851 2151,2850 2206,2849 2260,2849 2315,2849 2369,2848 2424,2848 2478,2847 2533,2847 2588,2847 2642,2846 2697,2846 2751,2846 2806,2846 2860,2845 2915,2845 2969,2844 3024,2844 3079,2843"/>
                <TextEquiv>
                    <Unicode>ring die feine, abgeklärte, tröstende Güte des Aters</Unicode>
                </TextEquiv>
            </TextLine>
            <TextLine id="r2l55" custom="readingOrder {index:54;}">
                <Coords points="1974,2896 3082,2892 3054,2845 1974,2859"/>
                <Baseline points="1981,2899 2035,2897 2090,2895 2145,2893 2199,2892 2254,2892 2309,2891 2363,2891 2418,2891 2473,2891 2528,2891 2582,2891 2637,2891 2692,2891 2746,2890 2801,2890 2856,2890 2910,2889 2965,2888 3020,2886 3075,2885"/>
                <TextEquiv>
                    <Unicode>gab, und Herr Walter, dem die anbekünmherten</Unicode>
                </TextEquiv>
            </TextLine>
            <TextLine id="r2l56" custom="readingOrder {index:55;}">
                <Coords points="1986,2946 3067,2951 3083,2899 1985,2898"/>
                <Baseline points="1993,2939 2047,2938 2101,2937 2155,2936 2209,2936 2263,2935 2317,2935 2371,2934 2425,2934 2479,2934 2534,2933 2588,2933 2642,2933 2696,2933 2750,2933 2804,2933 2858,2933 2912,2932 2966,2932 3020,2932 3075,2932"/>
                <TextEquiv>
                    <Unicode>Flaneure besser zu liegen scheinen, als schwere,</Unicode>
                </TextEquiv>
            </TextLine>
            <TextLine id="r2l57" custom="readingOrder {index:56;}">
                <Coords points="1978,2998 2508,3000 2671,2965 2984,2997 3064,2991 3085,2948 1978,2953"/>
                <Baseline points="1985,2981 2039,2980 2094,2980 2148,2979 2203,2978 2258,2978 2312,2977 2367,2977 2422,2976 2476,2976 2531,2976 2586,2976 2640,2976 2695,2976 2750,2976 2804,2976 2859,2976 2914,2976 2968,2976 3023,2976 3078,2976"/>
                <TextEquiv>
                    <Unicode>gedanken= und problembetadene Menschen. Frau</Unicode>
                </TextEquiv>
            </TextLine>
            <TextLine id="r2l58" custom="readingOrder {index:57;}">
                <Coords points="1986,3021 3065,3016 3007,2980 1986,2991"/>
                <Baseline points="1993,3023 2046,3022 2099,3022 2152,3021 2205,3021 2259,3020 2312,3020 2365,3020 2418,3020 2471,3020 2525,3019 2578,3019 2631,3019 2684,3019 2737,3018 2791,3018 2844,3017 2897,3016 2950,3015 3003,3014 3057,3013"/>
                <TextEquiv>
                    <Unicode>Maltana war eine Wienertratschen von er¬</Unicode>
                </TextEquiv>
            </TextLine>
            <TextLine id="r2l59" custom="readingOrder {index:58;}">
                <Coords points="1976,3085 2419,3053 2944,3077 3088,3043 2993,3011 1976,3044"/>
                <Baseline points="1983,3067 2037,3066 2092,3065 2147,3064 2202,3063 2257,3062 2312,3062 2367,3062 2422,3062 2477,3061 2532,3061 2586,3061 2641,3061 2696,3061 2751,3061 2806,3060 2861,3060 2916,3059 2971,3058 3026,3057 3081,3055"/>
                <TextEquiv>
                    <Unicode>quicklicher Echtheit. Der Beifall des dichtgefüllten</Unicode>
                </TextEquiv>
            </TextLine>
            <TextLine id="r2l60" custom="readingOrder {index:59;}">
                <Coords points="1971,3106 2074,3127 2132,3104 2199,3117 2296,3100 2342,3120 2389,3104 2473,3121 2509,3102 2509,3068 2426,3057 2288,3080 2202,3060 2071,3080 2020,3067 1971,3087"/>
                <Baseline points="1979,3107 2005,3106 2031,3105 2057,3105 2083,3105 2109,3104 2135,3104 2162,3104 2188,3104 2214,3105 2240,3105 2266,3105 2292,3105 2318,3105 2345,3105 2371,3105 2397,3105 2423,3105 2449,3105 2475,3104 2502,3104"/>
                <TextEquiv>
                    <Unicode>Hauses klang aufrichtig.</Unicode>
                </TextEquiv>
            </TextLine>
            <TextLine id="r2l61" custom="readingOrder {index:60;}">
                <Coords points="2075,3151 2668,3129 2855,3153 2974,3116 3050,3135 3085,3096 2721,3072 2075,3127"/>
                <Baseline points="2082,3144 2131,3144 2181,3144 2231,3143 2281,3143 2331,3142 2380,3141 2430,3140 2480,3139 2530,3138 2580,3138 2629,3136 2679,3135 2729,3134 2779,3133 2829,3132 2878,3131 2928,3130 2978,3129 3028,3128 3078,3128"/>
                <TextEquiv>
                    <Unicode>Gelegentlich der heutigen Besprechung von</Unicode>
                </TextEquiv>
            </TextLine>
            <TextLine id="r2l62" custom="readingOrder {index:61;}">
                <Coords points="1983,3186 2455,3205 3087,3152 1982,3138"/>
                <Baseline points="1990,3191 2044,3190 2099,3187 2153,3186 2208,3185 2262,3184 2317,3183 2371,3182 2426,3181 2480,3181 2535,3180 2589,3180 2644,3179 2698,3179 2753,3178 2807,3177 2862,3177 2916,3176 2971,3175 3025,3173 3080,3172"/>
                <TextEquiv>
                    <Unicode>Arthur Schnitzlers „Liebelei“ sei auf Julius</Unicode>
                </TextEquiv>
            </TextLine>
            <TextLine id="r2l63" custom="readingOrder {index:62;}">
                <Coords points="1973,3230 2633,3235 2707,3200 3085,3225 3084,3191 3006,3173 1973,3206"/>
                <Baseline points="1981,3233 2035,3231 2090,3230 2145,3229 2200,3228 2255,3227 2310,3226 2364,3225 2419,3224 2474,3223 2529,3222 2584,3221 2639,3220 2694,3219 2748,3218 2803,3217 2858,3217 2913,3216 2968,3215 3023,3215 3078,3214"/>
                <TextEquiv>
                    <Unicode>Kapp's „Arthur Schnitzler“ (Leipzig, im</Unicode>
                </TextEquiv>
            </TextLine>
            <TextLine id="r2l64" custom="readingOrder {index:63;}">
                <Coords points="1983,3293 2874,3254 2925,3280 3084,3261 3083,3220 2751,3220 2702,3251 2447,3222 2402,3255 2368,3226 1981,3231"/>
                <Baseline points="1989,3275 2043,3274 2097,3274 2152,3273 2206,3273 2261,3272 2315,3271 2369,3270 2424,3269 2478,3268 2533,3267 2587,3266 2641,3265 2696,3263 2750,3262 2805,3261 2859,3259 2913,3257 2968,3256 3022,3254 3077,3252"/>
                <TextEquiv>
                    <Unicode>Xenienverlag), hingewiesen. Dieses gescheite</Unicode>
                </TextEquiv>
            </TextLine>
            <TextLine id="r2l65" custom="readingOrder {index:64;}">
                <Coords points="1972,3312 3089,3301 3028,3258 2877,3254 1971,3291"/>
                <Baseline points="1979,3321 2034,3319 2089,3318 2144,3316 2199,3315 2254,3314 2309,3312 2364,3311 2419,3310 2474,3310 2530,3308 2585,3308 2640,3307 2695,3306 2750,3305 2805,3303 2860,3302 2915,3300 2970,3299 3025,3297 3081,3294"/>
                <TextEquiv>
                    <Unicode>und liebevoll, bei aller Verehrung nicht blinde</Unicode>
                </TextEquiv>
            </TextLine>
            <TextLine id="r2l66" custom="readingOrder {index:65;}">
                <Coords points="1975,3370 3001,3357 3089,3349 3088,3301 1974,3324"/>
                <Baseline points="1982,3364 2037,3363 2092,3362 2147,3360 2202,3359 2257,3358 2312,3356 2367,3355 2422,3353 2477,3352 2532,3351 2587,3349 2642,3348 2697,3347 2752,3346 2807,3344 2862,3343 2917,3342 2972,3341 3027,3340 3082,3339"/>
                <TextEquiv>
                    <Unicode>Buch (mir scheint der Verfasser in der geringen</Unicode>
                </TextEquiv>
            </TextLine>
            <TextLine id="r2l67" custom="readingOrder {index:66;}">
                <Coords points="1994,3407 3087,3377 3072,3340 1993,3364"/>
                <Baseline points="2001,3407 2057,3406 2114,3405 2171,3403 2228,3402 2284,3400 2341,3399 2398,3397 2455,3396 2512,3395 2568,3393 2625,3392 2682,3390 2739,3389 2796,3388 2852,3387 2909,3386 2966,3386 3023,3385 3080,3384"/>
                <TextEquiv>
                    <Unicode>Einschätzung des „Jungen Medardus“ sogar mehr</Unicode>
                </TextEquiv>
            </TextLine>
            <TextLine id="r2l68" custom="readingOrder {index:67;}">
                <Coords points="1989,3455 2939,3443 3064,3429 3082,3388 1988,3415"/>
                <Baseline points="1996,3450 2050,3449 2104,3447 2158,3445 2212,3444 2266,3442 2320,3441 2374,3439 2428,3438 2482,3437 2536,3436 2590,3435 2644,3434 2698,3433 2752,3432 2806,3430 2860,3429 2914,3428 2968,3426 3022,3425 3076,3423"/>
                <TextEquiv>
                    <Unicode>als zu viel Objektivität bewiesen zu haben) ent¬</Unicode>
                </TextEquiv>
            </TextLine>
            <TextLine id="r2l69" custom="readingOrder {index:68;}">
                <Coords points="1985,3501 3087,3470 3051,3425 1984,3457"/>
                <Baseline points="1992,3493 2046,3492 2100,3490 2155,3489 2209,3487 2264,3486 2318,3484 2372,3483 2427,3481 2481,3480 2536,3479 2590,3477 2644,3476 2699,3475 2753,3474 2808,3473 2862,3472 2916,3471 2971,3470 3025,3470 3080,3469"/>
                <TextEquiv>
                    <Unicode>wickelt, bei den Einzelheiten nie mehr als nötig</Unicode>
                </TextEquiv>
            </TextLine>
            <TextLine id="r2l70" custom="readingOrder {index:69;}">
                <Coords points="1984,3536 3027,3526 3087,3513 3086,3476 1983,3503"/>
                <Baseline points="1991,3535 2045,3532 2099,3530 2154,3529 2208,3527 2263,3526 2317,3525 2372,3523 2426,3522 2481,3521 2535,3520 2589,3519 2644,3518 2698,3517 2753,3516 2807,3515 2862,3514 2916,3513 2971,3511 3025,3510 3080,3508"/>
                <TextEquiv>
                    <Unicode>verweilend, in einer großen Linie des Wiener Dich¬</Unicode>
                </TextEquiv>
            </TextLine>
            <TextLine id="r2l71" custom="readingOrder {index:70;}">
                <Coords points="1988,3572 3090,3558 3073,3511 1988,3536"/>
                <Baseline points="1995,3575 2049,3574 2103,3573 2158,3572 2212,3571 2267,3570 2321,3568 2375,3567 2430,3565 2484,3564 2539,3562 2593,3561 2647,3559 2702,3558 2756,3557 2811,3556 2865,3555 2919,3554 2974,3553 3028,3553 3083,3552"/>
                <TextEquiv>
                    <Unicode>ters Leben und Schaffen von den „Anatol“dialogen</Unicode>
                </TextEquiv>
            </TextLine>
            <TextLine id="r2l72" custom="readingOrder {index:71;}">
                <Coords points="1988,3623 3031,3608 3075,3569 1987,3579"/>
                <Baseline points="1995,3617 2048,3616 2102,3615 2155,3614 2209,3613 2263,3612 2316,3611 2370,3610 2424,3609 2477,3608 2531,3607 2585,3606 2638,3605 2692,3604 2746,3603 2799,3602 2853,3602 2907,3601 2960,3600 3014,3599 3068,3598"/>
                <TextEquiv>
                    <Unicode>bis auf unsere Tage. „Und es stellt dies Wirken,</Unicode>
                </TextEquiv>
            </TextLine>
            <TextLine id="r2l73" custom="readingOrder {index:72;}">
                <Coords points="1984,3660 3051,3654 3082,3606 1983,3623"/>
                <Baseline points="1991,3664 2045,3662 2099,3659 2153,3656 2207,3655 2262,3653 2316,3651 2370,3650 2424,3649 2478,3648 2533,3647 2587,3646 2641,3646 2695,3645 2749,3644 2804,3644 2858,3643 2912,3642 2966,3641 3020,3640 3075,3639"/>
                <TextEquiv>
                    <Unicode>dessen hohe und schöne Kraft bei solcher Ueberschau erst</Unicode>
                </TextEquiv>
            </TextLine>
            <TextLine id="r2l74" custom="readingOrder {index:73;}">
                <Coords points="1999,3704 2954,3699 3086,3682 3086,3648 1999,3668"/>
                <Baseline points="2007,3708 2060,3705 2114,3702 2167,3699 2221,3697 2275,3695 2328,3694 2382,3693 2435,3692 2489,3692 2543,3691 2596,3691 2650,3690 2703,3690 2757,3689 2811,3688 2864,3686 2918,3685 2971,3683 3025,3681 3079,3677"/>
                <TextEquiv>
                    <Unicode>recht in die Erscheinung tritt, mitten in das Je¬</Unicode>
                </TextEquiv>
            </TextLine>
            <TextLine id="r2l75" custom="readingOrder {index:74;}">
                <Coords points="2002,3751 2971,3740 3095,3727 3094,3683 2001,3708"/>
                <Baseline points="2009,3751 2065,3748 2122,3746 2179,3743 2236,3741 2292,3740 2349,3738 2406,3738 2463,3737 2520,3736 2576,3735 2633,3734 2690,3733 2747,3732 2804,3731 2860,3729 2917,3727 2974,3725 3031,3722 3088,3720"/>
                <TextEquiv>
                    <Unicode>samtbild deutschösterreichischen Dichtens, Verwanot¬</Unicode>
                </TextEquiv>
            </TextLine>
            <TextLine id="r2l76" custom="readingOrder {index:75;}">
                <Coords points="2006,3802 3097,3787 3106,3722 2005,3753"/>
                <Baseline points="2013,3789 2067,3789 2121,3787 2176,3786 2230,3785 2284,3784 2339,3783 2393,3782 2447,3781 2502,3779 2556,3778 2610,3777 2665,3776 2719,3775 2773,3773 2828,3772 2882,3771 2936,3770 2991,3768 3045,3767 3100,3766"/>
                <TextEquiv>
                    <Unicode>schaften erweisend, Unterschiede und Schattierungen¬</Unicode>
                </TextEquiv>
            </TextLine>
            <TextLine id="r2l77" custom="readingOrder {index:76;}">
                <Coords points="1994,3832 3101,3813 3053,3770 1993,3793"/>
                <Baseline points="2001,3832 2055,3831 2110,3830 2164,3828 2219,3827 2274,3826 2328,3825 2383,3823 2438,3822 2492,3821 2547,3820 2602,3818 2656,3817 2711,3816 2766,3815 2820,3814 2875,3813 2930,3812 2984,3811 3039,3811 3094,3810"/>
                <TextEquiv>
                    <Unicode>aufzeigend; es entwirft kein isoliertes Bild des</Unicode>
                </TextEquiv>
            </TextLine>
            <TextLine id="r2l78" custom="readingOrder {index:77;}">
                <Coords points="1998,3878 3068,3872 3092,3826 1997,3837"/>
                <Baseline points="2005,3875 2059,3873 2113,3871 2167,3869 2221,3868 2275,3866 2329,3865 2383,3864 2437,3863 2491,3862 2545,3862 2599,3861 2653,3860 2707,3860 2761,3859 2815,3859 2869,3858 2923,3858 2977,3858 3031,3857 3085,3856"/>
                <TextEquiv>
                    <Unicode>bedeutungsvollsten, bei uns noch immer zu wenig</Unicode>
                </TextEquiv>
            </TextLine>
            <TextLine id="r2l79" custom="readingOrder {index:78;}">
                <Coords points="2005,3920 2949,3917 3060,3907 3098,3867 2004,3880"/>
                <Baseline points="2011,3917 2065,3916 2119,3914 2173,3913 2227,3912 2281,3910 2335,3909 2389,3908 2443,3907 2497,3906 2551,3905 2605,3904 2659,3903 2713,3902 2767,3901 2821,3900 2875,3899 2929,3899 2983,3899 3037,3898 3091,3898"/>
                <TextEquiv>
                    <Unicode>gewürdigten Wiener Menschenschilderers und Séelen¬</Unicode>
                </TextEquiv>
            </TextLine>
            <TextLine id="r2l80" custom="readingOrder {index:79;}">
                <Coords points="1998,3971 2970,3965 3065,3955 3097,3914 1997,3919"/>
                <Baseline points="2005,3957 2059,3956 2113,3956 2167,3955 2222,3954 2276,3953 2330,3952 2385,3952 2439,3950 2493,3949 2548,3948 2602,3947 2656,3946 2710,3945 2765,3944 2819,3944 2873,3943 2928,3943 2982,3943 3036,3943 3091,3944"/>
                <TextEquiv>
                    <Unicode>künders, vielmehr erleuchtet gerade die Uytgebung</Unicode>
                </TextEquiv>
            </TextLine>
            <TextLine id="r2l81" custom="readingOrder {index:80;}">
                <Coords points="2947,4010 2957,4010 2979,3999 2984,4002 2999,3990 3010,3995 3030,3986 3063,3991 3063,3954 3046,3951 3031,3958 3014,3945 2996,3945 2987,3947 2970,3964 2947,3964"/>
                <Baseline points="2954,3982 2979,3981 3005,3980 3030,3980 3056,3984"/>
                <TextEquiv>
                    <Unicode>R.</Unicode>
                </TextEquiv>
            </TextLine>
            <TextLine id="r2l82" custom="readingOrder {index:81;}">
                <Coords points="2014,3991 2204,3989 2316,4018 2423,3989 2476,4008 2608,3990 2738,4018 2727,3954 2014,3962"/>
                <Baseline points="2022,3984 2057,3983 2092,3983 2128,3982 2163,3982 2199,3982 2234,3982 2270,3982 2305,3982 2341,3982 2376,3982 2411,3983 2447,3983 2482,3983 2518,3983 2553,3984 2589,3984 2624,3985 2660,3985 2695,3986 2731,3986"/>
                <TextEquiv>
                    <Unicode>## D#ae des Gefeierten.</Unicode>
                </TextEquiv>
            </TextLine>
            <TextEquiv>
                <Unicode>Ausschnitt ausVelser Anzeiger
voln:
—
 — Schnitzlers „Liebele i“ (aufgeführt Sonn¬
Lagdn 12. Olisber-1013) entzückt wie am
ersten Tag (von wie viel Stücken, die beinahe
zwunzig Jahre alt sind, kann dies noch gesagt
werden?) durch die edelschlichte Einfachheit seines
Bauesnd seiner Heiterkeit. Alles fügt sich an¬
überhaster, kräftig und gerundet zusammen; die
Menschen eines kleinen Weltausschnittes haben mit¬
einander zu tun und wieder aus kleinem Ausschnitt
ist noch eine kleinere Lahl, sind nur zwei, die enger
zusammenwachsen, eine stille, lautlos, verblutende,
unpathetische Tragödie inmitten der lauten, stürmen¬
den und gellenden Wellen der großen Stadt. Aber
trotz dieses Vornehmen und Adetigen des Stückes
.— die Heldin steht dennoch in vielen Augenblicken
scharf an der Grenze, wo innig=süße, berauschende
Liebesworte zur sentimentalen Pose, zur theatrali¬
schen Deklamation werden — und in manchen Mo¬
menten überschreitet sie diese Linie sogar. Darum
obliegt der Künstlerin, in deren Händen die Rolle
der Christine Weiring ruht, dopvelt die Verpflich¬
tung, das übergrell Geratene, das zerfließend Rühr¬
selige, das Unwienerische und Unlebendige ihrer
Partie zu dämpfen, über aller Wehmut und allem
tiefen Seelenton etwas Jungfrisches, Hinreißendes
und Berauschendes leuchten zu lassen. Frl. Li¬
lard, weniger theatralisch akzentuierend als im
„Meister“ und also künstlerisch befriedigender, hatte
gleichwohl noch zu viel des Unterstrichenen, ein¬
tönig im Jammer Versunkenen an sich. Das Theater
zu vergessen und für Stunden in die Geheimnisse
des von starken Händen geöffneten Lebens zu
— wie sehnt man sich monatelang nach
tauchen
solchen Offenbarungen der Kunst! — es wollte und
wollte nicht gelingen! Ihr Partner Herr Rol##
den gab ein gutes und erfreuliches Spiel voll¬
schwerer, erdrückender Angst, jähem, krampfhaftem
Vergessenwollen und der erstarrenden Wiederkehr
würgender Ahnungen. Seine Leistung bestätigte
den angenehmen Eindruck seines ersten Auftretens.
Die neue Naive, Frl. Pistor, stellte sich als
mit einer frischen Fidelität
Mitzi Schlager vor
und schnippischen Zappligkeit, die sie sicherlich für
das längst verwaiste Fach der wirbeligen Backfische
sie auch Seele hat, wird
geeignet macht.
sich ja weisen. Erheblich höher als im Meister“
stand diesmal Herr Hübner, der dem alten Wei¬
ring die feine, abgeklärte, tröstende Güte des Aters
gab, und Herr Walter, dem die anbekünmherten
Flaneure besser zu liegen scheinen, als schwere,
gedanken= und problembetadene Menschen. Frau
Maltana war eine Wienertratschen von er¬
quicklicher Echtheit. Der Beifall des dichtgefüllten
Hauses klang aufrichtig.
Gelegentlich der heutigen Besprechung von
Arthur Schnitzlers „Liebelei“ sei auf Julius
Kapp's „Arthur Schnitzler“ (Leipzig, im
Xenienverlag), hingewiesen. Dieses gescheite
und liebevoll, bei aller Verehrung nicht blinde
Buch (mir scheint der Verfasser in der geringen
Einschätzung des „Jungen Medardus“ sogar mehr
als zu viel Objektivität bewiesen zu haben) ent¬
wickelt, bei den Einzelheiten nie mehr als nötig
verweilend, in einer großen Linie des Wiener Dich¬
ters Leben und Schaffen von den „Anatol“dialogen
bis auf unsere Tage. „Und es stellt dies Wirken,
dessen hohe und schöne Kraft bei solcher Ueberschau erst
recht in die Erscheinung tritt, mitten in das Je¬
samtbild deutschösterreichischen Dichtens, Verwanot¬
schaften erweisend, Unterschiede und Schattierungen¬
aufzeigend; es entwirft kein isoliertes Bild des
bedeutungsvollsten, bei uns noch immer zu wenig
gewürdigten Wiener Menschenschilderers und Séelen¬
künders, vielmehr erleuchtet gerade die Uytgebung
R.
## D#ae des Gefeierten.</Unicode>
            </TextEquiv>
        </TextRegion>
    </Page>
</PcGts>
