3436 4192
383 138 737 204 febeler
888 118 1310 228 box 13/2
192 135 767 243 5. Kneschun
680 556 1360 641 L- Je  1211/2—
1440 594 2823 673 rovocato a duello. Nel duello egll, tutto nveva saputo e aveva perdona¬
2095 648 2805 703 to, non riconoscendosi 11 diritto di to¬
1415 663 1757 707 troverà la morte.
774 632 1307 718 +Cristina;
2109 684 2792 730 glierle la giola di amare, cerca di con¬
1436 679 2094 731 Prima dello scontro, Fritz viene a
2108 712 2806 767 fortarla, La ragazza fugge dalla sua
1414 728 2096 777 salutare Cristina. C’e in lui il pre¬
700 708 1395 787 di Arturo Schnitzler al Filodrammatici
2115 748 2631 800 casa, per andare à morire.
1408 759 2100 810 sentimento della prossima fine. E' in
730 775 1401 823 La scelta di questo drümma, per i1
2140 772 2799 830 Piétro Scharoff, rimettendo in sce¬
1410 795 2103 834 questo colloquio che la sublime
715 808 1398 855 secondo spettacolo della Compagnia
2115 811 2804 866 na questo vecchio dramma, gli ha
1419 827 2102 869 bellezza dell’amore di Cristina gli si ri¬
713 845 1401 897 Palmer, deve essere stata evidente¬
2124 842 2799 895 dato il profumo del suo tempo. Ea
1410 859 2105 909 reln. II distacco & straziante, Egli
705 883 1399 925 mente consigliata per dar modo alla
2117 884 2797 932 ha cercato di creargli un'atmosfera
1408 899 2095 934 parla vagamente di una partenza, al¬
717 915 1397 959 signorina Kiki Palmer di offrire la
2119 920 2802 964 satura di malinconiche armonie: un
1416 928 2100 969 la quale la ragazza, pur essa turbata
708 945 1397 984 completga misura delle sue possibilità.
2118 936 2807 997 grigiore diffuso come di una fatalità
1409 958 2106 1015 da oscuri presagi, finisce per credere.
703 979 1394 1029 La protagonista del dramma, Cristi¬
2119 989 2804 1027 triste, in dolce contrasto col moile ab¬
1434 992 2095 1039 La notizia dell'uccisione di. Fritz 6
706 1008 1398 1053 na, é infatti una di quelle parti cosi
2110 1008 2804 1059 bandono dei vallzer lentj e delle so¬
1418 1032 2106 1077 conosciuta da tuttj prima che da Cri¬
722 1052 1403 1090 varie e complesse e ricche di passag¬
2117 1034 2811 1097 spirose canzoni viennesi dell'anteguer¬
1421 1055 2100 1105 stina. Ella attende ancora, fiduciosa.
716 1077 1401 1127 gi, che dal töni piü dolei e dimessi
2112 1078 2808 1136 ra: in perfetto carattere con lo stile
1419 1092 2096 1145 Dovrà sapere poco dopo la verità,
707 1116 1395 1160 arrlvano spesso d’improvviso alla vio¬
2123 1108 2810 1161 dell’opera. Per il che sarebbe stato
1414 1131 2104 1180 una verità ben piü atroce della mor¬
710 1146 1399 1196 lenza dell’invettiva fragica o alla di¬
2111 1148 2797 1197 opportuno evitare qualche tentativo
1426 1162 2095 1203 to stessa: che Fritz & stato ucelso
720 1183 1405 1227 sperata e urlata espressione dj un
2117 1170 2813 1232 dli aggiornamento, dovuto, con tutta
1412 1191 2111 1243 per un'altrg donna, che egli amava.
721 1216 1399 1254 atroce dolore, da costituire, per unn
2122 1214 2812 1263 probabilità, alla iniziativa di qualche
1429 1225 2100 1265 Ecco, nella disperazione di Cristinn,
708 1246 1399 1298 interprete, un difficile esperimento di
2120 1248 2809 1292 attore desideroso di mostrare le sue
1412 1259 2105 1304 lo strazio di un altro dolore, e la
713 1276 1405 1327 bravurg e unn specie di prova del
2115 1277 2808 1324 doti d’improvvisazione. Quando, ad
1417 1294 2100 1351 domanda terribile: Che cosa sono sta¬
2108 1313 2806 1363 esempio, si chiede ad un personaggio
721 1314 1334 1361 fuoco per il suo temperamento.
1413 1331 1654 1383 ta per lui?
746 1342 1406 1391 Parte poderosa di prima attrige in¬
2126 1348 2805 1401 se sapesse suonare il pianoforte, que¬
1442 1339 2104 1407 Deve convincersi di essere stata,
707 1379 1401 1419 nestata su un carattere di prima ar¬
2120 1374 2802 1441 gli risponde; Ora mi son dato al
1422 1391 2106 1438 nelle sue mani, un giocattolo e nul¬
714 1414 1402 1457 trice glovane, o, come si diceva un
2122 1422 2374 1479 grammofono.
1418 1421 2105 1488 la piü: mentre essa nveva dato a Jui
2155 1439 2821 1497 Questa battuta non & di Schnitzler,
720 1446 1100 1489 tempo, di amorosa.
1425 1465 1585 1518 la vita.
738 1476 1413 1527 Esperimento di per se stesso rischio¬
1443 1489 2806 1541 Non pud plangerlo, non vuol pian- com’era presumibiie e come mi con¬
720 1505 1419 1555 so: anche piü difficile per una glo¬
1423 1520 2593 1575 gerlo. Invano il vecchie padre, chel ferma il suo traduttore.
716 1541 1410 1584 vanissima attrice che poche sere pri¬
725 1579 1413 1622 ma si era rivelata, maravigliando,
707 1606 1410 1662 nella pacatz ed aggraziata recitazio¬
1422 1610 1585 1677 T
710 1647 1021 1697 ine goldeniann.
738 1659 1411 1729 Bisogna dire subito che la dura
718 1703 1480 1763 prova fu superata nel modo piü
729 1742 1419 1790 brillante, come non era perto possi¬
717 1780 1429 1830 bile prevedere. Non & plü lecito oggi
720 1811 1415 1858 dubitare delle qualità di questa at¬
711 1850 1427 1891 trice, che si riflettono in una pronta
714 1880 1425 1922 e delicata sensibilità, in una magni¬
720 1912 1416 1953 fica forza espressiva, in un uso sem¬
728 1934 1435 1991 pre intelligente dei suol mezzi. Ed
726 1977 1428 2030 anche quando, come ierl sern, qual¬
726 2000 1430 2051 che nota dette l’impressione di uno
717 2042 1429 2095 sforzo, non si noto mai una discor¬
716 2085 1419 2118 danza fra il carattere e la sua e¬
1124 2101 1159 2137 11
729 2107 1418 2153 spressione. Certi squillbri nell'armo¬
715 2141 1430 2188 nia della recitazione spariranno sicu¬
721 2177 1166 2225 ramente coll’esperienza.
744 2192 1425 2257 La signorina Palmer che recitava
712 2235 1431 2293 in un complesso di artistj ottimi, se¬
713 2276 1423 2332 guendo, per questa parte, i preziosi
722 2312 1420 2351 consigli di un maestro di scena fra
1367 2328 1399 2356 44
719 2343 1410 2393 1 piü noti e stimati, lo Scharoff
712 2361 1426 2431 seppe portarsi con disctezione al
713 2411 1424 2457 centro del quadro, dominandolo net¬
714 2441 1423 2500 tamente, anche in momenti in cui l’a¬
725 2463 1435 2527 zione le concedeva minorj possibilità
725 2510 1101 2561 di mettersi in luce.
756 2524 1429 2588 Per la sua maschera mobilee rive¬
712 2560 1423 2634 latrice, per i suoi movimenti sempre
717 2606 1431 2661 opportunamente studiati, per j suor
725 2646 1430 2687 gesti, ora quasi infantili, ora resi so¬
720 2671 1423 2730 lenni dalla tragicltà del suo strazio,
720 2698 1431 2758 la dolce e tormentata anima di Cri¬
727 2725 1432 2795 stina seppe diffondere di continuo un
726 2776 1422 2818 senso dolcissimo di angosciata poesia.
754 2821 1420 2849 Accanto a lei, Rossana Masi, nella
727 2846 1429 2893 parte di una ragazza meno idealista
715 2876 1427 2915 di Cristina e liberamente gioco- Ja,
720 2906 1430 2968 recitd con la conosciuta sua freschez¬
725 2944 1421 2992 za, fraggiungendo effetti sicurl. La
883 2981 916 3001 —
731 2974 1433 3032 signora Riva, in uns breve parte ca¬
731 3004 1436 3061 ratterizzata, seppe richiamare su di
725 3037 1436 3090 se T’attenzione del pubblico, meritan.
720 3073 1427 3124 dost anche, col Ceseri, il quale rese
725 3108 1426 3159 sobriamente ma con accenti commo¬
723 3138 1429 3192 venti di sincerità la parte del padre
720 3174 1428 3232 di Cristina, un caldo applanso a sce¬
722 3199 1433 3251 na aperta. Corretti e coloriti attori
721 3240 1251 3288 furono l’Oppi e i1 Biliotti.
762 3257 1444 3330 Belle le scene di schietto carattere
723 3308 1281 3348 tedesco, o, meglio, austriaco,
755 3341 1443 3379 Il dramma ebbe il miglior successo.
720 3374 1435 3431 Non poteva essere altrimenti. E' una
724 3404 1436 3456 caratteristica di questa Compagnia
722 3440 1439 3478 T’amorosa passione, che traluce da o¬
721 3475 1434 3525 gni particolare, con la quale gli spet¬
732 3507 1236 3562 tacoli vengono presentati.
755 3526 1440 3583 Dopo ogni atto gli applausi furono
723 3577 1435 3625 numerosi e calorosissimi. Entusiasti¬
738 3613 1185 3661 ei, dopo gli ultimi due,
1011 3644 1156 3691 * * *
757 3669 1450 3729 Cristind, che sentimmo nella bella
748 3714 1444 3770 e lucida traduzione di Piero Ottolini,
728 3749 1435 3795 e uno dei primi drammi di Schnitzler,
726 3789 1257 3835 gia noto al nostro pubblico.
754 3808 1451 3867 Ci sono in esso i germi, sviluppatt
726 3854 1431 3892 poi con piü maturata esperienza, nel¬
718 3868 1450 3934 le sue opere successive. II problema
723 3921 1435 3965 della relatività dei fatti morali preoc¬
729 3949 1438 4000 cupa fin da quel tempo le spirito
733 3983 1438 4019 dello serittore. In Cristing si tratta
734 4015 1431 4054 dell’amore, II medesimo tema dell’a¬
728 4045 1440 4099 more, visto da un diverso punto di vi¬
