3532 4256
0 2601 84 2753 2
13 2213 99 2322 e
433 157 814 241 Liebelei
920 157 1427 272 box 12/1
264 163 941 280 3. MeDCIeT
1423 1248 1738 1331 enen en enen en ennn
641 1274 792 1344 enen 1
256 1271 3386 1414 gegen ist nichts einzuwenden. Richard Strauß hat programme haben eben, mit ganz geringen Aus- gespielt werden, die andere, weit geringer dotierle
312 1392 3378 1444 — wenn auch bei einem bedeutend musikalischeren nahmen, dasselbe Gesicht, wenn auch darin eine ge=Konzertinstitute längst nicht mehr in ihren Nahmen
265 1380 3395 1491 Stoffe — das Problem so glänzend gelöst und ge=wisse Mode unverkennbar ist. Als ein neues, ganz einbeziehen, solange den Programmen kein stilisti¬
264 1436 3391 1549 zeigt, daß die Prosasprache, wenn sie nur eine besonderes Talent stellte sich der Weimarer Orgel=scher Grundgedanke gegeben wird — solange wer¬
273 1538 3392 1596 dichterisch=poetische Sprache ist, durchaus nicht dem virtuose Arno Landmann vor. Er ist ein den die Gewandhaus=Konzerte nun und nimmer
2339 1534 3390 1607 die kulturelle Aufgat erfüllen, die ihrer harrt. Ich
279 1561 2356 1646 musikalischen Gewande widerspricht, so daß man Schüler Degners und wirkt jetzt als dessen Nach¬
2339 1584 3382 1654 betone jedoch, daß Prof. Nikisch daran ganz un¬
268 1587 2358 1692 nur einen Stoff finden muß, in welchem die folger in der Weimar'schen Musikschule als Lehrer
2343 1633 3394 1711 schuldig ist, weil di. Programme seiner Machtsphäre
273 1650 2354 1743 Prosa unentbehrlich, der aber auch musikalisch des Orgelspieles. Seine Fähigkeit, den Charakter
2341 1685 3396 1760 nicht ausschließlih (!!) unterliegen. Denn künst¬
1301 1697 2348 1776 der Stücke in stimmungsvoller Registrierung und
274 1731 574 1812 möglich ist.
2340 1723 3403 1804 lerisches Leben kann nur dort blühen, wo eine
341 1742 2346 1838 Die Konzertausbeute im letzten Monat ließ technisch meisterhafter Wiedergabe (Hand= und Fuß¬
2343 1776 3397 1851 machtvolle Persönlichkeit frei walten kann
278 1797 2360 1894 zwar an Menge nichts zu wünschen übrig, der Wert. technik sind ganz hervorragend entwickelt) zu er¬
267 1827 3407 1933 besonders der Solistenkonzerte, war aber oft recht fassen, zeigte er in zwei Abenden, von denen der und verantwortet, was sie selbst für das einzig
271 1929 2685 1995 fragwürdiger Natur. Ich hätte es beispielsweise erste J. S. Bach, der zweite mwdernen Orgelkompo= Richtige hält!
2405 1910 3402 2007 Schließlich sei noch auf einen fesselnden Vor¬
282 1943 2374 2033 nicht für möglich gehalten, daß jemand die — sagen nisten (Rheinberger, Degner, Karg=Elert und
2345 1979 3408 2044 trag verwiesen, den Kantor Borchers über die
276 2006 1811 2096 wir — Kühnheit hat, in Leipzig als Konzerttenor! Reger) gewidmet war.
2353 2027 3407 2097 Typenlehre von Josef Rutz hielt. Rutz' Entdeckung
276 2028 2366 2134 aufzutreten, der vom Singen aber nicht einen In der Kammermusik ist Sibelios Quartett
2345 2084 3400 2148 scheidet die Menschheit in eine Anzahl Typen, denen
269 2094 2370 2189 blauen Dunst dat. Abgesehen davon, hatte der be= „Voces intinme“ aufgefallen, während in der
2356 2132 3398 2196 eine bestimmte „gewohnheitsmäßige Haltung der
281 2132 2370 2228 trefsende Missetäter offenbar nie gesehen, wie man Orchesterliteratur neben einigen belanglosen Neu¬
286 2224 3406 2286 sich auf dem Podium zu benehmen hat; so ging er heiten eine sehr alte Neuheit in einem Göhler=Kon= Körpermuskeln“ innewohnt. Dadurch werde u. a.
283 2272 3414 2328 beispielsweise zwischen drei Liedern, die er bei zerte angenehm auffiel: es war dies eine Fußerst auch der Ansatz beim Sprechen und Singen, beim
289 2336 3405 2390 einem Auftreten fang, immer schön rückwärts ansprechende, natürlich frische Partie von Joh. Geigen und Klavierspielen beeinflußt. Borchers
291 2324 3402 2441 schreitend, bis an die Wand und blieb dort wie ein Kaspar Zerd. Fischer, der bereits 1737 gestorben wies nun an der Hand einer Anzahl höchst lehr¬
2362 2370 3417 2443 reicher Beispiele nach, daß es dem Einzelindivi¬
290 2373 2372 2483 Bonze stehen, und der Begleiter — ein Kavell= ist. Das Werk für Streichorchester, Trompeten und
2365 2421 3412 2495 duum möglich ist, durch Anwendung entsprechender
292 2446 2370 2529 meister in tausend Nöten — hatte seine liebe Müh', Pauken leitete Dr. Göhler vom Cembalo aus;
2368 2481 3410 2543 Muskelbewegungen alle Typen nachzuahmen. Die
1333 2486 2372 2561 es könnte sehr gut bei Schüleraufführungen berück¬
279 2502 1342 2594 den guten Mann wieder nach vorne an die Rampe
2357 2525 3408 2605 Bedeutung der Rutz'schen Entdeckung für den Chor¬
1335 2537 1695 2622 sichtigt werden.
295 2560 660 2652 zu bekommen!
1394 2557 3410 2654 Vom Gewandhause, das wohl in der Güte der gesangsunterricht steht für mich fast fraglos da. Ob
355 2577 1350 2669 Von diesem grassen Fall abgesehen, wuren wir
1344 2617 3421 2704 Ausführung erstklassig ist, leider aber nicht künst= beim Sologesange die Anwendung der Typen wirk¬
293 2654 1345 2725 besonders mit Klavierabenden reichlich versorgt,
2361 2672 3416 2749 lich von dauerndem Erfolge begleitet ist und auf
1336 2693 2386 2754 leriich die erste Rolle einzunehmen sich berufen
291 2696 1351 2775 darunter erregte Interesse eine Schwester Frau
1335 2744 3416 2818 fühlt, ist so gut wie nichts zu berichten. Solange die Stimme nicht schädlich wirkt, muß die Er¬
299 2734 1355 2841 Lula Mysz=Gmeiners, Luise Gmeiner, die
2364 2778 2744 2868 fahrung lehren.
296 2787 2381 2890 sich als ein ganz ausgesprochenes Klaviertalent er- dieses Institut die Geschmacklosigkeit duldet, Lieder
297 2823 2390 2940 wies. Sonst gab es eine Anzahl zweite Abende, die mit Klavierbegleitung in die Orchesterabende
301 2887 2413 3002 nichts Besonderes zutage förderten. Die Solisten= einzustellen, solange dort beliebte Opernfragmente
