3436 4352
215 86 327 186 M
913 278 1391 377 box 12/6
413 286 824 358 Liebelei
251 284 831 405 5. Snnennnnn
329 697 731 770 Lusschnitt aus:
643 630 1501 824 Mönchener Neueste Nuchen
923 757 1190 860 München
530 777 801 857 20. 8UF 291 3
585 921 1141 1035 Theater und Musik
445 976 1335 1097 e Stadtheater in Rürnberg. Aus Aurn
406 1023 1343 1139 (berg, 18. September, wird uns geschrieben:
677 1059 1351 1155 itter hat sich ein Anrecht darau
400 1115 1348 1170 Artur Schl. seinen Darstellungen moderner
398 1207 1337 1260 Gesellschaftslebens, insbesondere desjenigen, das
403 1248 1332 1291 von der schönen blauen Donau bespült wird, mit
395 1282 1383 1355 Interesse folgt. Er sucht die Wahrheit und wenn 9
410 1325 1327 1367 er sie nicht immer findet, so führt uns sein Weg
403 1359 1321 1419 doch zumeist durch liebliches und reizvolles Gesilde,
409 1399 1328 1436 das zu schauen man nicht leicht ermüdet. Mit¬
404 1430 1325 1473 unter wandelt er aber auch gefährlichere Pfude,
409 1473 1322 1528 hart an Abgründen vorbei, die mit dem Vermerk
410 1513 1325 1562 „nur für Schwindelfreie“ zu versehen wären. So
399 1545 1332 1592 in dem Einakter Komtesse Mizzi, wo er uns
411 1588 1332 1629 an zwei weibliche Wesen zu glauben zumutet, die
405 1626 1325 1676 seine Phantasie allzu leicht über den Boden der
399 1661 1327 1711 Wirklichkeit hinwegzutragen scheint.: Die Gräfin,
401 1699 1322 1746 die im Hause ihres Vaters nach dem von verhäng¬
407 1737 1331 1792 nisvollen Folgen begleiteten ersten Fehltritt sieb¬
395 1779 1333 1829 zehn Jahre lang weiter „liebelt“ und sich die Legi¬
402 1821 1332 1869 timierung ihres Sohnes und sogar dessen Anblick
409 1852 1336 1902 versagt, und die alternde Schauspielerin, die ihrem
391 1891 1328 1934 langjährigen gräflichen Liebhaber einen Korb gibt,
399 1930 1333 1978 um an der Seite eines bescheidenen Fiakerbesitzers
404 1970 1336 2015 ihre Renten zu verzehren — das sind ziemlich stark
402 2013 1332 2063 exponierte Gestalten, die sich besser zu einer pikan¬
399 2051 1327 2089 ten Anekdote oder zu einer witzigen Novelle hätten
395 2086 1331 2134 verwerten lassen. Der graziösen Form, dem geist¬
402 2125 1327 2176 sollen Dialog hatte der Dichter bennoch einen
402 2171 1340 2218 guten Erfolg eines Schnitzler=Abends“ zu verdan¬
393 2208 1328 2253 ken, in dem das Stadttheater mit dem neuen Ein¬
391 2240 1338 2278 akter zusammen die „Liebele!“ wieder auf¬
391 2279 1325 2330 frischte, die man in gewissen Intervallen immer
395 2319 1326 2369 wieder gern sieht. In den beiden weiblichen
401 2357 1331 2400 Hauptrollen der beiden Stücke wurden auch zwei
401 2402 1339 2441 neue Mitglieder „herausgestellt“: die sentimentale
391 2435 1326 2480 Frl. Emmy Kroeck und die Salondame Frl. Grete
390 2465 1339 2522 Berger, die jede in ihrer Art genußreiche Leistun¬
385 2510 993 2582 gen für die Zukunft versprechen.
739 2913 1014 2997 GSueE
432 2921 1518 3111 chaie. Gisrasiscaes Contralbian, Leinzig
453 3122 878 3235 vol
462 3193 654 3270 S
489 3219 1559 3314 [Nurgberg. Das gewiß anzuerkennende und nachahmenswerte
385 3288 1568 3388 MBekrehen des Stadttheaters, Literaturabende zu veranstalten, hat als
415 3324 1572 3395 ersten diesjährigen eine Saminlergbendggzeitigt, der den Einakter
414 3378 1579 3432 „Komtesse Mizzi“, etwas pär zür hiesigen Erstaufführung brachte.
417 3401 1570 3477 Die engbegrenzte Handlung dieser Komödie beschränkt sich nur auf die
416 3450 1570 3512 Sühne eines vor 17 Jahren gemachten Fehltrittes. Als Satire auf
428 3481 1577 3555 den österreichischen Hochadel ist das Stück selbst nichts weiter als eine
427 3519 1579 3592 temperamentvoll gehaltene und daher leidlich unterhaltende Plauderei.
416 3560 1565 3627 Der Abend war insofern von literarischer Bedeutung, als die voraus¬
426 3590 1572 3676 gegangene Aufführung von „Liebelei“ wieder einmal dargetan hat,
425 3635 1614 3711 daß dieses an seinen dramatisch belebten Stellen immer noch eindruckszes
428 3692 1579 3763 volle Schauspiel offenbar das Beste bleibt, was uns Schnitzler geben
1157 3709 1544 3785 Karlhejhz Schaftz.
422 3741 570 3788 konnte.
376 3759 1380 3855 Kaiser=Wilhelmstraße 8. — Druck von Breitkopf & Härtel in Lehig#
1973 271 2387 348 Ausschnitt aus:
2403 279 3016 385 Sillzer Voiksb.
2471 371 2538 432 0n
1969 375 2124 437 vom:
2293 486 2691 583 Theater.
2361 565 2580 634 Liebelei.
2087 614 2899 706 Schauspiel von Artur Saulit
1957 668 3075 742 Artur Schnitzler stieg mit seinem von einfacher
1873 715 3079 803 Tragik und wunderbarer Schlichtheit erfüllten Schauspiel
1873 778 3073 856 „Liebelei“ aus der spielerischen Welt der Anatol=Szenen
1885 830 3077 897 in die Gefilde hoher und bleibender Dichtung empor. Aus
1889 867 3074 930 dem Schriftsteller des Wiener Lebemannes und des süßen
1889 916 3084 990 Mädels war der Dichter der armen Geigerstochter Christine
1879 988 3086 1035 Weiring geworden, die ihre tiefe Herzensneigung zu dem
1876 1011 3084 1077 leichtsinnigen, melancholischen, reichen Studenten Fritz Lob¬
1878 1062 3084 1138 heimer in den Tod treibt. Mit dieser tiefen menschlichen
1876 1116 3079 1213 Lebenstragödie hat Schnitzler sein Bestes gegeben. Nie
1873 1165 3079 1233 wuchs sein Können seither darüber hinaus. Die rührende
1878 1216 3067 1300 Gestalt des armen Bürgermädchens kann Goethes Klär¬
1879 1275 3048 1351 chen und Gretchen unbedingt an die Seite gestellt werden.
1961 1309 3078 1374 Die Aufführung stand auf der Höhe von erstklassigen
1887 1364 3089 1435 Großstadtvorstellungen. Ich habe Schnitzlers Werk in ersten
1887 1429 3095 1485 Besetzungen in München, Dresden und Wien gesehen, allein
1895 1455 3092 1521 es wurde nirgends besser gespielt als diesmal auf unserer
1882 1506 3084 1583 Bühne. Das wird man nicht glauben wollen. Aber es ist
1894 1561 3099 1642 doch so! Trotzdem fand die Darstellung eine merkwürdig
1903 1606 3089 1683 ühle Aufnahme. Kaum daß der Vorhang nach den Akt¬
1900 1652 3086 1738 chlüssen zweimal hochgehen konnte. Der Geschmack unseres
1893 1705 3091 1782 Publikums scheint wirklich schon sehr verdorben zu sein,
1905 1797 3106 1861 sonst hätte diese prächtige Vorstellung anders ausgenommen
1902 1849 3086 1907 werden müssen. Der Besuch des Hauses war etwas besser
1899 1893 2278 1966 wie am Vortage.
2002 1941 3106 2004 Fräulein Lilard (Christine) war von ergreifender In¬
1912 1993 3111 2059 nigkeit. Sie spielte die Tochter des ##ien Weiring nicht,
1905 2031 3096 2112 sie lebte sie. In der großen Szene des letzten Aktes, da
1909 2080 3117 2154 sie vom Tode und von der Untreue ihres Geliebten erfährt,
1913 2137 3108 2198 fand sie Töne von überzeugender Kraft. Die ganze Qual
1902 2165 3122 2260 der furchtbaren Augenblicke sprach aus ihren, vonn Tränen¬
1912 2223 3152 2305 schleiern erfüllten Augen, aus ihren hilflosen Gesten, aus !?
1919 2269 3147 2344 ihrer manchmal im Weinen erstickten Stimme. Ihr äußeres
1919 2321 3141 2394 und inneres Gegenbild, die resolute, lustige Mizzi Schlager,
1902 2364 3150 2441 bei der kein Ereignis tiefer greift, fand in Fräulein Pi=
1914 2418 3106 2495 stor eine hervorragende Darstellerin. Sie wirkte wie ein
1917 2493 3146 2544 Typus jener Menschen, die ihr Glück dort suchen und
1912 2541 3132 2591 finden, „wo es keine großen Szenen, keine Gefahren, keine;
1907 2564 3161 2631 tragischen Verwicklungen gibt, wo der Beginn einer Liebesh
1914 2628 3158 2673 keine besonderen Schwierigkeiten und das Ende keine Qualens#
1928 2660 3168 2728 hat, wo man lächelnd den ersten Kuß empfängt und mit ss
1922 2710 3165 2777 sehr sanfter Rührung scheidet.“ Ihr ähnlich, wenn nicht!1
1919 2747 3154 2820 gleich, ist Theodor Kaiser, Fritzens Freund. Skrupellos,
1924 2817 3133 2875 leichtsinnig, heiter. So stellte ihn Herr Walter auch
1913 2863 3119 2917 auf die Bretter. Vollendet erfaßt und dargestellt! In seiner
1915 2904 3117 2975 Zeichnung störte nicht ein falscher Strich. Fritz Lobheimer.
1911 2967 3123 3030 den verhätschelten, verwöhnten Sohn aus gutem Hause, der
1913 3004 3121 3068 keiner ernsten, großen Liebe fähig ist, der immer nur spielt,
1911 3050 3131 3114 nur Liebeleien kennt und an die Liebe nicht glaubt, spielte
1929 3100 3132 3177 Herr Rolden meisterhaft. Eine bessere Darstellung der
1920 3143 3123 3204 schweren Rolle ist nicht mehr möglich. Dem alten Weiring
1918 3195 3129 3269 verlieh Herr Hübner, ein junger, aber sehr talentierter
1926 3254 3124 3316 Charakterdarsteller, packende Züge. Frau Maltana (Katha¬
1922 3297 3121 3366 rina Vinder) und Herr Le Bret (Ein Herr) boten in
1930 3343 3077 3410 ihren kleinen Partien einwandfreie Leistungen. L. A.
2278 3407 2792 3485 Aus der Theaterkanzlei
1925 3477 3137 3525 wird uns berichtet: Donnerstag den 2. Oktober gelangt Max
1943 3504 3139 3575 Halbes Drama „Jugend“ zur Aufführung. Der Freitag bringt
1930 3547 3126 3605 eine Reprise der vorzüglichen Operettenneuheit „Prinzeß Gretl“
1926 3597 3134 3644 von Reinhardt. Als Festvorstellung und zugleich als erste
1933 3659 3130 3700 Opernaufführung der neuen Spielzeit geht Samstag den 4. d.
1936 3684 3123 3742 Meyerbeers hochdramatische Oper „Die Afrikanerin“ in Szene
1930 3709 3131 3785 Die Vorstellung wird außer Abonnement, Viertelscheine weiß
1942 3769 3121 3841 Vorbezug, gegeben. Jarnos anmutige Operette „Die Förster
1946 3826 3122 3879 Christl“ ist für Sonntag in den Spielplan aufgenommen und
1946 3856 3119 3915 sind in den Hauptrollen die Damen: Berndt, Dudek, Starek
1946 3905 3126 3969 Schrom, sowie die Herren: Claar, Egger, Hampl, Nästelberger
1947 3953 3127 4014 und Schmidt=Renner, welch letzterer die Inszenierung besorgt
1951 3995 3135 4062 beschäftigt. Dirigent dieser Vorstellung ist Kapellmeister Hern¬
1943 4015 3144 4111 ried. Es wird nochmals aufmerksam gemacht, daß die Vor¬
1957 4086 2669 4143 stellungen präzise 7½ Uhr beginnen.
