3436 4224
251 165 657 237 Liebelei
131 162 1230 278 5. Aeiee box 13//7
126 1404 2929 1458 einen entschuldigt und gesteht, Mizzi zu: „Eilen Sie ihr nach!“ Sie gehen. Weicinger aber ist ihr vorzüglich. „Alle sagen, daß du mich verlassen wirst! Nicht
1774 1442 2921 1490 wahr, du tust es nicht jetzt noch nicht. . .“ (2. Akt, 8. Szene.)
637 1453 1767 1501 dies nicht möglich. Mit den Worten: „Ich kann nicht, ich kann
163 1443 641 1512 Er besieht alle Sachen im
1769 1470 2923 1532 Wer vermochte sich des Eindruckes zu entziehen, den diese Worte und
627 1487 1771 1537 nicht“ schleppt er sich mühsam von der Türe bis zum Fenster. Erst
125 1490 635 1542 hristine mit ihm meint. Mit¬
1766 1514 2923 1573 das Spiel auf ihn gemacht. Alles in allem: Eine Glanzleistung.
631 1529 1771 1580 jetzt begreift er, daß Christine etwas vor hat. „Was will sie .. was
1775 1551 2922 1617 Nur ein an Kunstlücken Herumlauernder müßte etwas auszusetzen
633 1556 1773 1613 will sie?“ Er sieht durchs Fenster ins Freie. Und nun erkennt er
116 1496 643 1622 erat. bunte unr
1776 1601 2934 1653 finden, müßte Schwächen entdecken. Aber mit dem Maßstabe gemessen,
626 1604 1780 1667 klar, daß er seine Tochter verlor; „Sie kommt nicht wieder, sie
112 1596 635 1660 kommt, nachdem er Christine
1766 1642 2934 1685 den wir doch unter Berücksichtigung mancherlei Verhältnisse, die obwalten,
636 1631 1029 1714 kommt nicht wieder!“
135 1636 630 1698 s Wien wegfährt. Noch läßt
1778 1679 2932 1728 anlegen müssen, gibt es nur das eine gerechte, sachgemäße Urteil und
699 1677 1773 1737 Das Stück bietet jedem Darsteller eine dankbare Rolle. Fräu¬
124 1690 637 1732 ch lieb“ zu Christine sprechen.
1769 1712 2937 1768 das heißt; Vollste Anerkennung, Hut ab vor dieser Leistung. Reicher
631 1715 1781 1778 lein Hilde Brunn, die es zu ihrem Benefiz gewählt, hat damit einen
129 1723 631 1778 den könnte. Theodor verlacht
1770 1743 2941 1816 Beifall, viele Ehrengaben und ein sehr guter Besuch möge der beste
635 1766 1779 1815 glücklichen Griff getan. Die Partie der Christine ist sehr schwierig
148 1770 644 1822 itz sieht im Zimmer hin und
1775 1789 2933 1844 Lohn für Fräulein Brunn sein! Sie kann mit Stofz auf den Abend
641 1799 1781 1847 und namentlich der letzte Akt stellt die höchsten Anforderungen an
182 1804 636 1856 sich aufnehmen. Mit den
1773 1829 2934 1887 zurückblicken. Fräulein Reichmann wirkte als Mizzi vorzüglich und
642 1836 1789 1889 das ganze Können der Spielerin. Aber ihre Aufgabe hat Fräulein
126 1848 646 1906 ine an sein Herz und geht
626 1870 2934 1925 Brunn in geradezu glänzender Weise gelöst und sich als Tragödinj verstand es, die Gegensätze der Charaktere fein herauszuarbeiten. Die
1778 1905 2936 1967 Rolle lag ihr nicht nur gut, sie fand durch sie die beste Wiedergabe.
120 1919 1787 1968 stine und Mizzi beieinander, bei uns allerbestens eingeführt. Es ist die Leistung deshalb um so
1772 1949 2926 1999 Schade, daß wir nicht öfter Gelegenheit haben, Fräulein Reichmann
121 1950 1781 2002 #r nicht schreibt. Sie gestehtl höher zu werten, als die Dame noch nicht allzulange bei der
1773 1970 2941 2043 in größeren Partien zu sehen Herr Dittrich (Theodor) wie auch
138 1985 1774 2054 st hat. Mizzi ist — ganz im Bühne ist. — Das war eine natürliche Kunst, die uns Fräulein
1781 2030 2942 2087 Herr Direktor Wieden (als Herr) hot, wie immer; Musterhaftes.
633 2041 1787 2088 Brunn bot, keine Mache. Man sah recht deutlich, daß jedes Wort,
123 2044 653 2089 jgeregt und setzt sich über das
1772 2066 2957 2128 Herr Maschkowitz (Fritz) spielte mit sichtlichem Fleiß, fand aber nicht
629 2077 1783 2125 das sie sprach, in ihr selbst jene Empfindungen auslöste, die wiederum
124 2081 648 2134 mit dem Gedanken der Auf¬
1782 2096 2936 2155 mmer den rechten Ton. Sein „Fritz“ war oft zu steif. Ihm fehlte
631 2113 1788 2161 das lebenswahre Spiel reproduzierten. Jeder Blick, jeder Schritt
131 2118 644 2169 #vertraut und meint: „Ob
1777 2131 2948 2194 die Wärme, und die Worte: „Ich hab' dich lieb!“ (2. Akt, 8. Szene)
637 2151 1780 2200 und jedes über das Gesicht huschende Lächeln war am richtigen
131 2159 641 2210 Christine empört die Rederei,
1779 2177 2943 2239 waren stat leidenschaftlich beinahe kalt und schroff. Aber nichts für
638 2192 1785 2245 Platze angebracht, nichts zu stark, nichts zu schwach aufgetragen.
125 2192 645 2248 dor schon da ist. Mizzi geht.
1788 2207 2935 2275 ungut. Im übrigen eine gute Leistung. Herr Tomaschek (Weiringer)
642 2233 1786 2276 Begraben ... Und ich hab's nicht gewußt? Erschossen haben sie
133 2225 636 2295 #r weiß den Ausgang des
1781 2249 2942 2316 war in Sprache, Maske und Mimik recht gut, hätte aber Christine
791 2274 1782 2323 und in den Sarg haben sie ihn gelegt und hinausgetragen
638 2277 812 2325 ihn...
128 2269 645 2332 der nicht entschließen, Christine
1774 2297 2942 2355 in der letzten Szene nicht so krampfhaft halten und so ihre Be¬
144 2310 1787 2365 zu vergessen, und sagt, daß haben sie ihn und in die Erde haben sie ihn eingegraben — und ich
1782 2328 2950 2390 wegungsfreiheit hemmen müssen. Es wurde von einigen Darstellern
130 2345 1783 2402 habe es längst gewußt. Undj hab' ihn nicht noch einmal sehen dürfen? — Zwei Tage lang ist
1817 2361 2981 2448 — außer Fräulein Reichmann, die den Wiener Dialekt vollständig
640 2390 1784 2438 er tot — und Sie (zu Theodor) sind nicht gekommen und haben
149 2397 641 2454 echt und unecht gewußt, ob
1781 2421 2949 2473 beherrscht — anfangs versucht, den Wiener Dialeit zu bringen.
639 2425 1783 2482 mir's gesagt? — Diese Worte waren von erschütternder Wahrheit
130 2433 642 2481 sas verstanden hat! Christine
1775 2451 2946 2519 Dann aber verfielen sie in ein reines Schriftdeutsch. Das war ein
638 2463 1779 2513 Wirklichkeit und Wirkung. Der Ausdruck höchsten Entsetzens, der
128 2473 654 2518 it, ihr Vater hält sie zurück.
1779 2482 2902 2544 Fehler und Nachteil. Es war besser, gleich beim Schriftdeutsch zu
647 2501 1784 2559 sich darin ausprägte und den die Darstellerin so gut wiederzugeben
119 2501 649 2567 hriftine will, muß alles wissen
645 2520 2915 2591 verstand, zeugte von einer Beherrschung der Partie. Nur zu häufig bleiben. Der Abend war genußreich, wenngleich auch ein große
150 2544 646 2603 t sogar begraben, drei Tage
632 2581 2912 2632 kommt es vor, daß sich der Spieler in solchen Szenen von der Rolle Teil des Auditoriums recht unbefriedigt das Thater verließ. Uns
127 2588 647 2640 Ncliche Bewußtsein, daß er für
1783 2609 2906 2660 das waren alle jene, die unter dem Titel „Liebelei“ eine Sensations
644 2616 1794 2685 unterkriegen“ läßt und in ein leeres Pathos, in Hyperbeln verfällt.
129 2629 642 2691 daß er sich aus ihr gar nichts
1777 2643 2896 2706 komödie französischen Genres vermutet shatten. Der wahre Kenn##
638 2652 1785 2715 Fräulein Brunn überwand das Hindernis völlig. Aber nicht nur
136 2658 652 2723 habe und noch mit einem
1773 2689 2865 2751 aber dankt der Direktion für die Aufführung dieses Schauspieles,
135 2698 1791 2754 auf ihr und raubt ihr alle Entsetzen, höchste Seelenangst, Qual und im Innern tobenden Kampf
1779 2721 2396 2796 echte, erlösende Kunst in sich birgt.
639 2739 1796 2794 verstand die Darstellerin so vortrefflich zu bringen, sondern auch die
116 2744 657 2806 rabe Fritzens zu führen, er
129 2776 1813 2837 sie „andere“ dort betend finden. Wiedergabe des frohhoffenden Herzens, die Reinheit der Gesinnung,
138 2813 1815 2879 Weiringer ruft Theodor und die verzehrende Sehnsucht und die überquellende heilige Liebe gelang
