3436 4352
2996 576 3234 646 Nr. 279.
2284 569 2722 653 11. Oktober 1895.
1491 581 2126 658 Fremden-Blatt.
474 582 723 664 Seite 14.
981 593 1332 663 Wien, Freitag
1862 671 3255 732 Katastrophe durchgeführt wird. Sie ist allerdings überpointirt, aber
433 681 1850 733 und Christine ist von vornherein keine gewöhnliche. Theodor kauft vor¬
1855 707 3269 776 alle ihre Wendungen sind doch fein und wahr. Das ist eine moderne
431 722 1839 788 wöchige Aepfel beim Greisler, zu dem man etliche Stufen tief vom
1862 772 3263 828 Tragödie, ohne Blut. Nein, sie fängt gleich mit Blut an. Ludwig
444 766 1849 837 Trottoir hinabsteigt. Fritz pflückt die seinen vom grünen Zweig, noch
1859 803 3257 867 hat sich in London erschossen, aus leidenschaftlicher Liebe zu Anna,
432 820 1844 877 mit dem zarten Reif der Frische über ihrem Purpur. Unter dem
1869 866 3275 916 Paul's Frau. Der Londoner Konsul schickt seine Briefe ein und Paul
443 874 1849 928 Schatten, den der Tod vorauswirft, nimmt dieses Gefühl eine eigene
1861 898 3259 955 liest einen Brief seiner Frau an Ludwig. „Kommen Sie nicht hieher.
441 910 1851 973 Weihe an. Selbst Fritz, der doch schon viel Oedheit gelernt hat, fühlt
1860 952 3265 999 Ich liebe meinen Gatten und werde nie eine andere Antwort für Sie
440 953 1854 1010 sich von einer gewissen Lauterkeit überschlichen, der idealen Unbedingt¬
1856 991 3270 1054 haben.“ Die Eifersucht Paul's erwacht, Eifersucht auf den Todten,
437 1000 1843 1076 heit dieser Liebe gegenüber. Und Christine lebt nur in dieser Liebe. Sie
1856 1041 3278 1107 der nun ewig zwischen ihm und Annu stehen wird. Paul ist ein
443 1047 1841 1102 macht nicht viele Worte, aber sie hat die Geberde der Wahrheit, und als das
1861 1096 3272 1148 anständiger Dutzend=Gatte, der keine Idee von der Seele seiner Frau
445 1100 1845 1152 Unheil eintrifft, steht sie ganz auf dessen Höhe. Seit zwei Tagen ist
1873 1136 3266 1194 hat. Er ist so voll von seinen Gattenrechten, daß sie selbst seine
446 1143 1846 1217 Fritz todt, er ist sogar schon begraben, und sie erfährt es erst jetzt.
1859 1185 3263 1248 Zärtlichkeit und Anbetung brutal machen. Anna ist eine bürgerlich
445 1199 1853 1251 Sie, die Allernächste an seinem Herzen, soll hinter den „nächsten Ver¬
1869 1231 3279 1287 und häuslich tadellose Gattin, obgleich sie thatsächlich Ludwig geliebt
439 1235 1851 1297 wandten und Freunden“ zurückstehen. Da ist die Würde ihrer Liebe zu
1859 1280 3273 1341 hat. Das war offenbar das Recht ihrer Seele. Von nun an muß
444 1287 1845 1347 wahren, und sie wahrt sie mit unwiderstehlicher Kraft, in Wort und
1855 1331 3281 1394 jedes Wort, jede Bewegung Paul's eine Beleidigung dieser Seele und
449 1338 1843 1398 That. Ihr Recht auf den Geliebten, bis in den Tod, sie nimmt es
1860 1371 3272 1439 ihrer Rechte sein. Zuerst ist es sein Argwohn, dann sein Besänftigen,
443 1374 1849 1439 sich. Sie fühlt sich als die einzig Rechtmäßige und beweist es, wie eine
1858 1421 3276 1484 vollends wird seine gesetzlich befugte Liebe als blutiger Schimpf
432 1433 1852 1500 Blutzeugin. Diese einfache, sichere Stele schwingt sich im letzten Akte
1877 1467 3273 1523 empfunden. Ja, sie hat jenen Selbstmörder geliebt! Es bricht
443 1478 1286 1549 hoch über die gebildeten Weltleute empor.
1878 1519 3273 1574 leidenschaftlich aus ihr heraus, Recht gegen Recht. Sie weigert sich
562 1497 1864 1580 Der Verfasser hat dieses innere Wachsen in seiner rücksichtslosen
1870 1562 3274 1625 ihm, er weist ihr die Thür. O, mit Wonne geht sie, auf ewig, un¬
433 1565 1855 1613 Folgerichtigkeit sehr talentvoll dargestellt. Man mag an seinem Werke
1876 1616 3273 1671 widerruflich! Nun will er sie mit Gewalt zurückhalten, er wird ver¬
448 1615 1856 1679 tadeln, daß die naturgetreue Schilderung des Leeren, Schaalen darin
1871 1659 3285 1719 zweifeln ohne sie, sie vernichtet ihn. Zu spät; sie geht und nimmt die
446 1660 1852 1717 einen zu großen Raum einnimmt, daß es eigentlich nicht recht werth
1865 1704 3285 1762 Rechte ihrer Seele mit . .. Das Alles braust mit reißendem Schwung
440 1708 1865 1763 ist, so genau wiedergegeben zu werden. Er hat darin etwas von der
1868 1744 3286 1814 vorbei, so daß der Zuschauer nicht zu Athem kommt. Er empfindet
437 1763 1861 1813 Leidenschaft des Amateur=Photographen, der alles Mögliche und Un¬
1875 1808 3282 1856 nur, was an alledem unleugbar Wahres ist und reißt sich erst im
437 1802 1855 1873 mögliche aufnimmt. Aber er weiß auf dieser dürren Haide echte Feldblumen
1876 1840 3286 1906 letzten Augenblick gewaltsam zurück. Er muß sich förmlich zureden
434 1848 1862 1924 zu pflücken, deren wilden Duft selbst der parfümirte Zuschauer wahr¬
1872 1888 3286 1953 und beruhigt sich zuletzt bei dem Gedanken, daß diese ganze Geschichte
445 1897 1855 1965 nimmt. Er ist ohne Zweifel ein Dichter und wir erwarten von ihm
1871 1946 3287 1998 ja auch umgekehrt stattfinden könnte. Mit dem unverstandenen Manne,
433 1942 1856 2000 noch feine Stimmungsbilder aus dem modernen Leben. Er hat dazu
1872 2000 3285 2047 statt der unverstandenen Frau. Mit einem davongehenden Paul, der
437 2001 1855 2070 manche moderne Schriftstellertugend, die eigentlich klassisch heißen sollte.
1879 2033 3291 2096 Rechte der Seele geltend macht. Das soll ja im Leben vorkommen.
445 2037 1853 2097 Einfachheit besonders. Und einen Schein von Unmittelbarkeit. Da die
1872 2082 3282 2141 Giacosa hat mit seinem Schauspiel Recht; aber wenn er vielleicht
439 2078 1861 2152 Schichten, die er schildert, ihm geläufig sind, macht sich das von selbst.
1874 2134 3282 2187 nächstens einmal die andere Variante behandelt, wird er nicht minder
447 2149 1857 2192 Einen literarischen Fortschritt finden wir — gegen sein „Märchen“ —
1872 2186 3288 2241 Recht haben. Die Darstellung des Stückchens, das ganz aufregend
436 2172 1856 2238 darin, daß er nicht mehr so auf Paradoxen aus ist. Paradoxen sind
1878 2223 3289 2284 wirkte, war bestes Burgtheater. Frau Hohenfels spielte die
446 2229 1864 2287 dem modernen Schriftsteller, was dem ehemaligen pathetische Phrasen
1868 2266 3286 2321 Anna mit jenem ihr eigenen Wesen von sittlicher Unantastbarkeit, das
438 2273 1857 2344 waren. Es sind die übersteigerten Redensarten und Geberden des
1880 2316 3292 2383 ihr bei dem Zuschauer vom ersten Augenblick an Recht gibt. Welch
439 2311 1863 2375 Verstandes. Früher verblüffte man mit dem rhetorischen Schrei, heute
1879 2363 3281 2422 eine hochanständige Frau! mochte man denken, als Anna ihren (in
440 2362 1852 2442 mit der logischen Dissonanz. Ein weiterer Fortschritt des Verfassers
1890 2418 3286 2476 seiner Weise) auch ganz anständigen Mann Knall und Fall verließ.
442 2406 1862 2466 ist die größere Unabhängigkeit von den französischen Vorbildern. Er
1871 2474 3283 2520 Bei solchem Wesen der Darstellerin erscheint jede Kränkung dem Zu¬
444 2468 1858 2542 ist auf dem richtigen Wege, der den Bühnenschriftsteller mitten durch
1886 2503 3286 2566 schauer selbst als unverzeihlich und der Gatte ist mit allen seinen
446 2515 988 2589 das Wiener Leben führt.
1878 2561 3290 2619 verbrieften Rechten ins Unrecht, gesetzt. Dazu besitzt die Künstlerin
558 2551 1861 2625 Mit der Färbung, in der wir das Stück erzählt haben, stimmt
1868 2595 3292 2665 die seltene Gabe, Vorempfindung zu wecken. Die nervöse Unrast in
437 2609 1857 2674 allerdings die (zum Theil vorzügliche) Aufführung im Burgtheater
1870 2645 3294 2709 ihrem goszen Körper, die hohe Spannung in ihren Gesichtszügen und
447 2672 1871 2720 nicht ganz; aber wir hätten ihr diese Stimmung gewünscht. Der Ton
1879 2690 3302 2767 ein spar mes, aber höchst ausdrucksvolles Geberdenspiel bildeten hier
445 2692 1869 2769 der Junggesellen=Soirée im ersten Aufzug sollte fröhlicher sein und
1884 2738 3298 2801 eine ap. te Beredsamkeit. Niemand wird ihr den stummen Augenblick
448 2740 1858 2807 nach der Störung durch die Herausforderung mehr vom Damokles¬
1876 2797 3298 2853 nachspielen, der unmittelbar vor dem inneren Umschwung liegt. Die
446 2797 1864 2852 schwert verrathen. Allein sowohl Herr Kutschera, ein im Ganzen
3159 2832 3291 2904 Herr
1882 2832 3156 2895 Energie der letzten Szenen wirkt danach doppelt überraschend.
459 2834 1861 2907 doch sympathischer Fritz, als auch Herr Zeska gaben sich etwas
1884 2886 3290 2951 Hartmann gab den so ungünstig beleuchteten Gatten ganz vor¬
446 2885 1873 2956 unfrei, ja genirt. Bei Herrn Zeska, der als überlegener Theodor
1871 2932 3299 2991 züglich. Nur ein echtes schauspielerisches Temperament kann einen
441 2932 1858 3000 besonders flott sein sollte, wurde dies störend. Er wird sich wohl noch
1874 2979 3294 3031 verlorenen Posten so rühmlich halten. Sehr gut waren auch Herr
448 2977 1864 3040 einspielen. Den lokalen Ton traf Fräulein Kallina (Mizi) am
1870 3022 3298 3087 Krastel als Marius, ein Beschwichtigungsbruder, und Frau Kratz
451 3029 1871 3096 besten, aber auch sie ist keine eigentlich Lustige. Trotzdem hat der erste
1882 3069 3288 3128 als Magd, auf deren Mittheilsamkeit man gelegentlich angewiesen ist.
449 3070 1866 3134 Akt eine gewisse Behaglichkeit ins Haus gebracht. Fräulein Adele
1872 3110 3294 3178 Es ist schön, daß das Burgtheater für solche Seelengeschichten noch
463 3120 1859 3183 Sandrock legte ihr ganzes Talent in die Rolle der Christine und
3025 3164 3252 3224 L. H—1.
1889 3161 2399 3234 immer die Seelen besitzt.
449 3168 1853 3228 fand im dritten Akte für Schmerz und Kränkung ergreifende Farben.
2107 3216 2242 3268 S
451 3217 1864 3286 Sie brachte diesen vorzüglich gebauten Akt zum Durchschlagen. Was
449 3276 1869 3331 ihr für die Rolle fehlt, ist ein Hohenfels=Element, die Unschuld in der
2013 3255 3202 3360 Pränumerations=Preis
454 3305 1884 3371 Hingebung. Sie hatte mehr den geübten Sensationston höherer Stände.
2503 3344 2683 3414 für das
454 3356 1866 3420 Ueberaus wohlthuend war die Vaterzärtlichkeit des Herrn Sonnen¬
457 3400 1873 3468 thal, der Christinens alten Vater spielt. Und er wußte dabei so
2183 3396 2985 3507 Morgen= und Abendblatt:
467 3446 1881 3528 schlicht zu bleiben. An einer wichtigen Stelle sogar zu schlicht, nämlich
2431 3479 2745 3563 Für Wien:
453 3501 1880 3577 wo er von dem Lose jener alten Jungfer spricht. Hier liegt eine er¬
3095 3520 3285 3606 l. 30 kr.
1881 3522 2173 3607 Vierteljährig
463 3557 1871 3618 greifende Wirkung, um die er zum Theil durch undeutliches Sprechen
3011 3589 3290 3646 1 fl. 50 kr.
1882 3574 2280 3653 Für einen Monat
463 3591 1877 3669 kam. Herr Mitterwurzer gab den gekränkten Gatten überaus
1882 3607 3294 3703 Für die Zustellung des Morgen= u. Abendblattes ins Haus monatlich 30 kr.
469 3635 1314 3729 einfach, nur mit dem Allernothwendigsten.
585 3669 1899 3750 Als Eröffnungsstück des Abends diente Giuseppe Giacosa's;
2276 3687 2901 3775 Für Oesterreich=Ungarn:
458 3723 1880 3798 einaktiges Schauspiel: „Rechte der Seele" (deutsch von Otto Eisen¬
3012 3744 3298 3825 5 fl. 30 kr.
2846 3748 2967 3841 „
1888 3753 2750 3850 Vierteljährig mit täglicher Postversendung
465 3775 1883 3846 schitz). Es ist eine Nußschale, die wic eine Bombe wirkt; so viel
3082 3814 3299 3873 fl. 80 kr.
1896 3821 2126 3879 Monatlich
466 3820 1881 3907 Sprengkraft ist darin zusammengepreßt. Man muß in der That die
3013 3859 3286 3931 6 fl. 30 kr.
1894 3833 2962 3922 Vierteljährig mit täglich zweimaliger Postversendung.
465 3871 1881 3941 Kunst bewundern, mit der auf so kleinem Raume, ohne ein über¬
3013 3908 3289 3969 2 fl. 10 kr.
475 3895 2121 3997 flüssiges Wort, ohne eine schlecht angebrachte Pause, eine psychologische] Monatlich
2154 3926 2338 4015 mm
813 3983 977 4040 e
1635 4013 3293 4065 sowie schwarze, weiße und farbige Henneberg=Seide von 35 kr. bis fl. 14.65 p. Meser — glatt
1636 4032 3285 4105 gestreift, karrirt, gemustert, Damaste 2c. (ca. 240 versch. Qual. und 2000 versch. Farben, Dessins 2c.)
2469 4085 2871 4134 Seiden=Grenadines
2977 4080 3299 4137 v. 80 kr.—7.65
2137 4079 2462 4131 v. 65 kr.—14.65
1639 4085 1979 4142 Seiden=Damaste
768 4021 1360 4182 Seidene
2471 4115 2793 4165 Seiden=Surahs
2996 4116 3302 4173 „80 „—3.80
1625 4120 2449 4174 Seiden=Bastkleider pr. Robe „ fl.8.65—42.75
