3484 4256
469 120 833 199 Liebelei
300 124 870 242 9. Tnenenenenen
1008 114 1431 213 box 10/3
1008 1531 2259 1631 Die Berliner Theatersaison 1895/96.
1601 1656 1717 1719 Von
1376 1721 1910 1819 Paul Schlenther.
1036 1894 2336 1996 Das Jahrbuch der deutschen Bühnengenossenschaft zählt für
951 1988 2347 2051 den Stadtkreis Berlin nahezu dreißig Theaterunternehmungen auf.
948 2048 2349 2118 Die Reihe beginnt am Opernplatz und endigt weit hinten in der
939 2099 2350 2161 Perlebergerstraße. Für das gesprochne Drama kommen künstlerisch
951 2156 2358 2221 nur sieben Bühnen in Betracht, auf denen zuweilen der Versuch
943 2220 2342 2275 unternommen und noch öfter der Anspruch erhoben wird, die
946 2282 2338 2342 deutsche Schauspielkunst ihrer möglichsten Höhe entgegenzuführen.
937 2337 2341 2393 Vom künstlerischen Standpunkt scheiden unter diesen sieben wiederum
937 2396 2343 2459 zwei Bühnen sofort aus: Die eine ist das Schillertheater, weil es
939 2455 2348 2534 auch diesmal nur zwei wenig bedeutende Novitäten (Jacobowskis
949 2519 2353 2586 „Dyab den Narren“ und Langenscheids „Haller und
946 2571 2340 2635 Sohn“) gebracht hat und sich im Uebrigen damit begnügte, neben
940 2630 2348 2697 älteren Klassikern jüngere Spaßmacher billig an den Mann
928 2689 2343 2761 und an das Mädchen aus dem Volke zu bringen. Die andre
934 2748 2327 2802 Bühne, die für uns ausscheidet, ist das dem Schillertheater gegen¬
942 2805 2338 2880 über gelegne, allerdings gründlich ande# artete Residenztheater,
933 2880 2336 2945 das seine Aufgabe darin sieht, mit zum Theil glänzenden komischen
937 2922 2348 2985 Kräften (Alexander, Pagay), die neusten Pariser Boulevardzoten
940 2986 2332 3053 und ihre zahmern deutschen Nachbildungen, von denen Fischer¬
934 3047 2345 3102 Jarnos „Rabenvater“ nicht übel gelungen war, in polizeilich
931 3099 1917 3179 angeordneter Verdünnung bekannt zu machen.
1026 3164 2339 3237 Unter den fünf verbleibenden Schaubühnen stand während
928 3237 2341 3313 der abgelaufenen Saison künstlerisch und literarisch das Deutsche
