3484 4224
362 153 718 231 Liebele
252 146 1301 270 5.1 box 13
795 1687 1177 1797 „Nochlett, Wien
446 1714 900 1818 ∆ Nenes Wiene. 1u
365 1802 476 1942 &
642 1939 1107 2073 13.FEB. 1936
306 2099 1497 2187 * (Schönbrunner Schloßtheater.) Heute 8 Uhr
267 2176 1490 2234 abends wiederholt das Reinhardt=Seminar die unter Ober¬
277 2207 1494 2290 leitung Hofrat Dr. Ernst Lothars stehende Aufführung von
266 2266 881 2361 SchnitzlersLiebelei“.
1957 339 2813 430 WIENER MESSE
2000 423 2774 470 8. bis 14. März 1936, Technische und
1987 462 2785 527 Landwirtschaftliche Messe bis 15. März
1989 511 2791 568 Auskünfte aller Art erteilen die ehrenamtlichen Ver¬
1991 553 2797 594 treter der Wiener Messe in allen größeren Städten der
1996 578 2788 625 Welt sowie das Zentralbüro der Wiener Messe-A. G..
2221 606 2579 653 Wien. VII., Messepalast
1958 711 2494 792 „OBSERVER“
2032 788 2805 828 I. österr. behördlich konzessioniertes Unternehmen für
2014 818 2817 864 Zeitungsausschnitte, Wien, I., Wollzeilé 11, Tel. R 23-0-43
1968 988 2303 1053 Ausschnitt aus:
2324 1020 2735 1125 Teilszestung Wien
1966 1188 2735 1316 vom 1 4 FEB 1936
2014 1297 2853 1414 Reinhardt=Seminar.
2263 1388 2538 1465 —Liebelei.“
2009 1434 2891 1508 Jetzt wird die „Liebeler“ schon vierzig
1974 1471 2875 1535 Jahre alt, im Verhaltnis zu dem Alter, das
1981 1535 2877 1586 neuzeitliche Stücke zu erreichen pflegen, ist das
1976 1571 2871 1634 geradezu — klassisch. Und immer wieder
1975 1620 2874 1670 kann man sich der Menschlichkeit, der
1976 1655 2884 1728 Natürlichkeit und der dramatischen Prägnanz
1977 1708 2875 1760 Artur Schnitzlers nicht entziehen. Die
1979 1736 2891 1807 Christine ist neben dem Gretchen das Probe¬
1972 1797 2876 1853 stück aller Schauspielschülerinnen, die Haupt¬
1976 1837 2877 1875 sehnsucht aller jener, die eine Wessely werden
1979 1874 2873 1936 wollen, denn der große Gefühlsausbruch im
1972 1902 2884 1985 dritten Akt, der geradezu eine Soloszene ist,
1968 1956 2559 2016 der gibt Möglichkeiten genug.
2007 1995 2861 2056 Fräulein Anna Maier, eine sehr junge,
1976 2015 2859 2091 hochgewachsene rothaarige Dame mit be¬
1972 2084 2867 2148 sonders dunklem Stimmtimbre, war in den
1962 2123 2872 2193 ersten beiten Akten zurückhaltender, sordi¬
1966 2173 2876 2233 niertek als es die Rolle erfordert, das Ver¬
1966 2195 2868 2281 hängnis schwebte zu früh über ihr. Als es
1954 2246 2882 2331 aber dann hereinbrach, bot sie eine inter¬
1952 2298 2871 2363 lessante, glaubhafte, ja stellenweise er¬
1936 2379 2846 2450 schütternde Leistung. Ihr Gegenspieler, der
1950 2432 2842 2484 Fritz, der im Duell fallen muß, wurde von
1957 2475 2852 2522 Gustav Breuer noch unfrei gebracht.
1953 2517 2860 2563 Hingegen wurde der Freund, der Dori, von
1950 2557 2843 2620 Otto Fischer lebendig routiniert gegeben,
1947 2601 2840 2663 einem werdenden Künstler, der äußerlich
1954 2646 2855 2694 starke Aehnlichkeit mit Jaray hat. Die
1946 2689 2857 2737 Schlager=Mizzi der Hilde Herbert war
1939 2727 2844 2778 hübsch und herzig, allerdings nicht genug
1933 2777 2846 2817 locker, degagiert. Elisabeth Deutsch als
1940 2818 2844 2873 Frau Binder wiederum ansehnliches Talent
1939 2858 2843 2899 bezeugend, Feodor Weingart als Vater
1939 2893 2853 2951 Weiring von jenen Schwierigkeiten belastet,
1933 2946 2849 3009 denen junge Menschen begegnen, wenn sie
1939 2984 2847 3043 alte Leute darzustellen haben. Walter Kent
1944 3032 2849 3102 in der Minutenszene des beleidigten Gatten
1945 3070 2373 3135 verdient Erwähnung.
1963 3107 2843 3174 Die Regie führte unter Ernst Lothars
1939 3156 2846 3203 Oberleitung Karl Guttmann. Der erste
1947 3202 2843 3265 Akt, aus dem unvermutet eine Art „Ab¬
1954 3237 2843 3293 schiedssouper“ wird, hätte gelöster sein mussen:
1945 3291 2838 3345 hier ahnte man schon, als der Vorhang auf¬
1954 3341 2843 3390 ging, über allen Personen eine Tragödie.
1944 3377 2843 3423 Bühnengestaltung besorgte im Anklang an die
1942 3413 2843 3494 Jahrhundertwende Hjalmar Heiberg unter
1954 3461 2820 3521 Oberleitung von Walter Hößlin. R. B.
