3436 4256
253 213 818 319 5. Liebelei
958 217 1388 324 box 12/7
417 270 846 337 eene en den. n. uen a M.
596 407 791 510 —
532 495 1459 658 20 AUE Im1Der Humerist. Wien
435 771 1683 852 Zwischen Arthur Schnitzler und seinem Publikum hat die
319 837 1687 922 „Zeit Dillanz gelegl. Nicht weil er ein anderer geworden, sondern weil
328 891 1684 943 er derselbe geblieben und aus Müdigkeit oder einem sonstigen Grunde
329 935 1692 1008 nichts Neues „liesert“. Ein Dichter aber, besonders wenn man ihn
339 983 1684 1045 noch immer als Jungwiener ansieht, hat die Lieferungspflicht. So
329 1036 1682 1104 kommt es, daß die eigentlich netten Sachen Schnitzlers jetzt
323 1078 1691 1148 weniger machen. Man gibt sie, um nicht noch ältere geben zu
329 1138 1680 1197 müssen. „Liebelei" und „Abschiedssouper“ gelten den anspruchs¬
326 1172 1690 1243 vollen Lemen bereits als vieux jeu. Besonders wenn die Dar¬
333 1231 1684 1298 stellung nicht so flott aus dem Handgelenk arbeitet wie gerade
336 1276 1687 1338 hier Bedingung. Der einzige Kramer trifft glücklich den besonderen!
324 1307 1695 1400 Schnißler=Ton. Kutschera, Edthofer und Frl. Kelle lobt man schon,
327 1370 1688 1433 wenn es heißt, daß sie nichts verdarben. Nachdem der Abend als
323 1426 1686 1498 Kaiserfestvorstellung gedacht war, sprach Frl. Trebitsch einen dies¬
319 1465 1151 1538 bezüglichen Prolog mit guter Wirkung.
1523 1557 1651 1625 ahr
1780 1834 2887 1908 Inommen hatte und weil sich Charlotte Voigt¬
1805 1881 2899 1948 [Wichmann als Margarete in Literatur von einer
1796 1923 2877 2008 neuen Seite zeigen konnte. Maja Reubke schuf
1812 1980 2889 2044 aus dem holdseligen Wunder, das Poetenhände aus
1801 2006 2892 2094 der ganz alltäglichen Geschichte einer unglücklichen
1795 2045 2884 2128 Liebelei gemacht haben, eine tief erfühlte, von
1812 2112 2886 2185 Frühlingszauber umwebte Mädchengestalt, die ganz
1793 2151 2872 2215 rein und edel in ihrem kleinen Leben stand. Sie
1816 2197 2879 2252 gab lebendes Gefühl, hatte stürmische Pulse und
1795 2239 2877 2303 sheige Augen. Aber der Schluß gelang ihr nicht in
1796 2285 2882 2342 dem gleichenMaße. Da war sie nicht das Sinnbild
1798 2314 2859 2395 einer ganzen Klasse von Mädchen, ihr Schmerz
1803 2369 2859 2439 wurde nicht zur Anklage wider die Verlogenheif
1795 2399 2872 2485 unserer gesellschaftlichen Sitten — wie wir dos bei
1802 2465 2842 2530 Clara Goericke stockenden Atems erlebt haben —
1800 2490 2843 2567 sie blieb das kleinbürgerliche Mädchen, das ein
1806 2544 2874 2599 tiefes Liebesleid erfährt. Sie täuschte nicht über
1791 2579 2867 2650 die ungebührliche Länge dieser letzten Szenen mit
1804 2631 2865 2708 ihrer verlogenen Psychoiogie hinweg, sondern blieb
1788 2669 2867 2750 mitten darin stecken. Immerhin war der Gesamt¬
1802 2726 2860 2793 eindruck sehr stark und ich glaube bestimmt, daß sie
1799 2765 2860 2839 es vermag, über den Dichter hinaus zu kommen,
944 2767 1674 2881 Weser Zeitung, Romns¬
1782 2789 2820 2874 dem damit ein großer Dienst erwiesen würde, —
1799 2850 2859 2905 In Literatur vermochte Charlotte Voigt=Wich¬
1791 2887 2873 2965 mann als Margarete kein tieferes Gefühl zu er¬
1792 2939 2866 3021 wecken. Sie blieb ganz an der Oberfläche kleben.
1791 2974 2870 3056 fSie wollte wohl ein Gemisch geben von Dame und
920 2968 1691 3067 Bremer Stadttheater.#
1777 3012 2854 3099 Dänichen, aber das kam nicht klar heraus, blieb an
829 3050 1194 3141 Der Schulgt
1399 3070 2861 3141 # den wir ge= den Ecken ihres Wesens hängen und wirkte durch
809 3099 2889 3196 ntlich des Ab## Goericke im eine harte, kalte Sprache, die im Fasching Absicht,
805 3158 2880 3226 i bereits eingehend besprochen haben, verlangtes sein konnte, nicht gerade vorteilhafter. Warten wir)
799 3202 2360 3254 ern eine besondere Beachtung, weil Maja also auf eine andere Rolle.
2637 3214 2871 3298 K. N.
811 3241 1828 3324 ubke die Rolle der Christine in Liebelei über-1
