3436 4224
401 182 779 252 Liebelei
219 167 1375 297 5. Lissesei box 10/3
680 554 2661 703 Beilage zu „Verlag Eutsch“ Nr. 6.
1105 1058 2257 1123 Breten.
489 1144 2851 1285 Schauspiel in drei Akten von Arthur Schnitzler.
652 1345 2696 1460 Aufführung im Deutschen Theater zu Berlin, am 4. Februar 1896.
459 1604 1668 1671 Ein großer unbestrittener Erfolg, der von der ge¬
1678 1598 2973 1678 1 tragische Schicksal einer armen, abgenutzten Menschenseele zum Ausdruck
1682 1654 1917 1719 gekommen.
391 1652 1683 1716 sammten Berliner Presse einstimmig konstatirt wird. Nach¬
390 1688 812 1760 folgend die Referate.
1768 1682 2971 1737 Die ganze Aufführung war eine der besten, die das „Deutsche
1686 1723 2308 1791 Theater“ seit langem geboten hat.
806 1712 1282 1798 „Berliner Courier“:
466 1768 1681 1835 Nach so mancher wildbewegter Première war dem „Deutschen
2046 1781 2592 1861 Das „Kleine Journal“:
385 1807 1680 1871 Theater“ endlich gestern ein starker, völlig ungetrübter Erfolg
1774 1839 2974 1903 „Liebelei“ ist eine sehr einfache dramatische Geschichte, aber diese
387 1861 1676 1912 beschieden und während des ganzen Abends, der mit einem
1691 1882 2977 1949 Geschichte hat ein Poct erzählt, der den Menschen nicht blos abgeguckt
392 1893 1687 1954 gebrochenen Krug begann und mit einem gebrochenen Herzen
1699 1934 2972 1988 hat, wie sie sich räuspern und wie sie spucken, sondern der ihnen auch
399 1939 1684 1990 endete, herrschte zwischen Bühne und Zuschauerraum jene
1701 1973 2970 2033 ins Herz zu sehen vermag und den Sinn jenes feinen Geflechts von
397 1979 1679 2032 innige Verbindung, die sich nur aus den feinen Reizen eines
1691 2009 2976 2053 Nerven und Adern, von Gedanken und Empfindungen zu deuten weiß,
392 2014 1671 2062 wirklichen Dichterwerks und aus einer meisterlichen, dar¬
1695 2051 2967 2101 das wir Leben nennen. Ich glaube gern, daß die „Modernen“ Arthur
392 2055 1675 2112 stellerischen Vermittelung entspinnt. Vor dem todten und noch
1697 2084 2976 2138 Schnitzler zu den Ihren rechnen, und will deshalb nicht mit ihnen
398 2095 1677 2149 o lebensvollen Dichter mag hier jetzt wieder der moderne Poet den
1698 2127 2977 2187 streiten. Mir ist es ungemein gleichgültig, ob ein „Junger“ oder ein
388 2125 715 2187 Vortritt haben
1692 2157 2962 2218 „Alter“ geschrieben hat, und nur gegen den eingebildeten Uebermuth
476 2163 1685 2235 Arthur Schnitzler, der seinen interessanten Literatenkopf gestern
1699 2210 2978 2271 jener „Jungen“, die die alleinseligmachende Kunst gepachtet zu haben
397 2200 1689 2270 Abend so häufig dankend vor dem Publikum neigen konnte, heißt
1687 2242 2979 2302 glauben, kann man nicht oft genug Front machen. Im Uebrigen giebt
392 2247 710 2308 „Doktor gar“
691 2259 1684 2306 Mit seinem dreiaktigen Schauspiel „Liebelei“ hat
1683 2287 2981 2349 es für mich nur schlechte oder gute Stücke, und „Liebelei“ ist ein
395 2296 1683 2350 Schnitzler ein starkes Talent bekundet; es ist ein warm pulsirendes
1686 2311 2975 2375 ausgezeichnetes Stück. Man wußte wohl, daß „Liebelei“ schon
390 2333 1691 2390 Temperament, es ist Race in diesem Werk. Warum es sich in dem
1682 2348 2980 2408 in Wien und Frankfurt a. M. erfolgreich in Scene gegangen war, aber
402 2382 1691 2426 Schauspiel handelt? Oh, das ist eine ganz einfache, fast alltägliche Ge¬
1675 2396 2983 2440 ##man weiß ja auch, daß das Berliner Publikum sich durch solche Er¬
404 2414 1680 2469 schichte, und da es ja ohne die leidige Inhaltsangabe nicht abgeht, sei's
1690 2435 2969 2492 folge vom Hörensagen nicht gerne beeinflussen läßt. Im Gegentheil, es
405 2456 1681 2501 mit drei Worten gesagt: Ein junger Mann aus der sogenannten guten
1701 2473 2980 2530 fühlt sich dann erst recht kritisch gestimmt, und um so höher ist auch
403 2488 1685 2542 Gesellschaft ist einem hübschen, herzigen Mädel aus den sogenannten
1690 2515 2972 2566 der gestrige Erfolg des neuen Schauspiels zu veranschlagen.
401 2526 1696 2583 niederen Kreisen begegnet und nimmt sie sich zu eigen, wie ein kecker
1698 2549 2981 2609 Auch in „Liebelei“ ist, wie in den meisten realistischen Dramen, wenig
404 2560 1683 2614 Wanderbursche so im Vorübergehen eine saftige Aprikose pflückt, die ihm
1690 2594 2975 2645 Werth auf die eigentkiche Handlung gelegt. Sie ist dünn und durch¬
396 2595 1691 2659 vom Spalier entgegenlächelt. Der junge Mann aber ist der Geliebte
1708 2634 2971 2686 sichtig und sie würde für drei Akte kaum ausreichen, wenn der Dichter
395 2643 1684 2703 einer Dame von Welt, einer Ehebrecherin. Der betrogene Gatte knallt
1700 2667 2982 2730 es nicht verstanden hätte, sie mit einer Fülle fein beobachtetdr Details
394 2676 1699 2732 ihn im Duell nieder und das hübsche herzige Mädchen aus dem Volk,
1702 2713 2981 2770 zu umkleiden und sie durch die klare, plastische Schilderung auch der
407 2717 1683 2779 die nur des jungen Mannes letzte „Liebelei“ war, läuft schnurstracks
1697 2743 2976 2807 leichtesten Gefühlsübergänge zu vertiefen. Diese Vorzüge jedoch sins
397 2758 1685 2821 in's Wasser. Die Aermste — warum hatte sie auch so viel Herz?
1698 2783 2984 2840 schlicßlich auch manchem anderen der neueren Dramen eigen, aber was
396 2786 1700 2856 Man sieht, die Historie ist in den äußeren Vorgängen sehr wenig kom¬
1706 2832 2975 2880 „Liebelei“ vor ihnen den Vorzug giebt, ist die Thatsache, daß es
407 2844 1690 2898 pliziri und schmeckt zum Schluß sogar etwas nach dem Polizeibericht.
1696 2865 2981 2922 auch ein wirkliches Theaterstück ist, daß es sich nicht in vage
407 2889 1689 2931 Aber immer mehr verschafft sich zum Glück der Satz Geltung, daß es
1701 2904 2983 2955 Stimmungsmalerei verliert, sondern daß es auch den unab¬
396 2916 1691 2957 in der Kunst nicht auf das Was, sondern auf das Wie ankammt. Wer
1699 2941 2985 2998 weislichen Forderungen der Bühne gerecht wird und ein
390 2950 1694 3000 würde nicht einer Menzel=Skizze aus dem Kleinleben, die wie ein Ab¬
1698 2983 2980 3034 Menschenschicksal zum tragischen Abschluß bringt. Die Hand¬
395 2987 1699 3051 kontersei der Natur wirkt, vor einer sehr figurenreichen, verwickelten,
1705 3021 2987 3075 lung ist klein, aber klar und konsequent durchgeführt. (Folgt Inhalt.)
407 3021 1632 3081 steifleinenen, großen Staatsaktion in Oel den Vorzug geben?!
1699 3059 2981 3113 Dieser zweite Akt mit seinen feineren, intimeren Stimmungen wirkte
402 3060 1697 3126 Arthur Schnitzler aber schildert uns das Leben mit frischer Ursprüng¬
1709 3093 2982 3154 nicht ganz so eindringlich wie der erste mit seiner starken dramatischen
410 3100 1702 3167 lichkeit, mit eindringlicher Wahrheit. Er ist ein scharfer Beobachter,
1704 3131 2977 3185 Spannung, aber der Verfasser konnte am Schlussse doch drei
406 3139 1698 3212 mehr ein feinfühliger Empfinder als ein großer Erfinder und ver¬
1706 3172 2989 3234 Mal vor der Gardine erscheinen. Und das Publikum folgte ihm
406 3188 1698 3234 lebendigte das, was er zum Theil „an eigener Haut“ erfahren, zum
1703 3214 2982 3269 weiter willig bis zum Schluß. Der drttte Akt bringt eigentlich nichts
403 3217 1688 3290 Theil mit dem tieferschauenden Blick des Poeten erspäht und durch¬
1695 3254 2984 3315 weiter als die Nachricht, daß Fritz im Duell gefallen. Aber wie diese
400 3272 822 3336 drungen haben mag.
1705 3288 2975 3345 Nachricht, die Jeder voraussieht, vorbereitet wird, wie Christine sie
496 3288 1695 3361 ##erste Akt, der uns das Leben in dem eleganten Heim eines
1710 3341 2983 3386 schließlich dem Freunde, der schon von der Beeerdigung des Gefallenen
402 3340 1697 3388 leichtteregen Junggesellen zeigt, muß geradezu als meisterhaft be¬
1699 3370 2982 3425 kommt, von den stummen, zuckenden Lippen abliest, wie sie nicht ruht,
395 3384 1696 3446 zeichnet werden. Wunderbar echt und fein sind die Kontrastwirkungen,
1693 3409 2988 3460 I bis sie weiß, daß der Mann, den sie liebte, für eine Andere in den
408 3416 1700 3482 die Schnitzler durch die völlig ungezwungene Gegenüberstellung grund¬
1697 3452 2977 3498 Tod gegangen ist, das Alles ist mit so schlichter und überzeugender
405 3460 1693 3512 verschiedener Charaktere und Lebensanschauungen erzielt. Wie in
1709 3489 2976 3546 Wahrhaftigkeit wiedergeben, wie sie nur einem echten und ganzen
412 3497 1695 3552 Henry Murger's herrlicher, leider noch immer nicht nach ihrem vollen
1708 3532 2987 3587 Dichter zu eigen ist. Arthur Schnitzler wurde auch am Schlusse
410 3542 1696 3597 Werth geschätzten „Vie de Bohéme“ Mimi das unbekümmerte lachende
1704 3569 2983 3617 immer wieder jubelnd hervorgerufen und in diesen ehr¬
1700 3606 2986 3666 lichen, vollauf verdienten Beifall mischte sich diesmal kein
409 3507 1695 3672 i un aeneie den Seltilet in inhtene nsthentengt aunhe
1704 3648 2983 3703 Zeichen der Mißstimmung. Das Publikum hatte erkannt,
408 3644 1700 3714 gleichsam in den beiden Wienerinnen Mizi Schlager und in Christine
1695 3683 2988 3738 [ daß ein Poet zu ihm gesprochen, von dem noch viel Gutes
412 3697 1694 3752 die Liebelei und die Liebe verkörpert. Wie diese beiden Pärchen sich
1702 3729 2321 3779 und Schönes zu erhoffen ist.
402 3734 1700 3783 necken und scherzen und umschlingen, wie sie ein Sonper improvisiren
401 3773 1696 3831 und wie plötzlich zu später Stunde dieses Liebesmahl schrill und jäh
2087 3784 2563 3869 „Berliner Zeitung“ I:
408 3815 1696 3859 durch den Rechenschaft fordernden, betrogenen Gatten gestört wird, das
1780 3826 2989 3908 Arthur Schnitzler, dessen große psychologische Kunst wir in der
399 3847 1513 3904 ist dem Leben bis in die kleinsten Züge förmlich abgelauscht.
1700 3887 2976 3949 beachtenswerthen Studie „Sterben“ bereits bewundern konnten, dessen
495 3880 1694 3937 Die feinste dichterische Empfindung Schnitzler's aber quillt im
408 3920 1694 3993 zweiten Akte aus der Gestalt des alten Theater=Geigenspielers Weiring
1703 3931 2988 3982 überlegenen Humor wir aus seinen Anatole=Skizzen kennen, hat sich
1712 3968 2994 4021 gestern mit seinem feinen Schauspiel „Liebelei“ als ein Bühnen¬
406 3966 1698 4020 hervor. Auf diesem verkümmerten Graukopf, dem Vater Christinen's,
405 4012 1693 4054 der — eine grausame Ironie — des Recht auf den Lebensgenuß ver¬
1719 4003 2992 4055 schriftsteller ersten Ranges erwiesen. Nach jedem Akte mußte
414 4046 2982 4097 kündet. Selten ist in schlichterer Form, mit größerer Wahrhaftigkeit das! Schnitzler sich dem begeisterten Publikum wiederholt zeigen
