3436 4224
316 189 1278 281 Liebelei box 13//8
161 206 705 317 6. K
1763 201 1889 266 vom:
1759 352 2711 461 Aoschier von Wien.
1621 422 2855 516 Aus dem schneebedeckten Wienerwald in das
1944 495 2533 565 Land der Pyramiden.
2182 567 2300 623 Von
2050 607 2404 676 Gustav Walbau.
2036 650 2435 746 Aus einem Gespräch.
1728 703 2851 797 Wenn man, nun schon zum so und sovieltenmal, wieder
1623 798 2864 862 einmal von Wien Abschied nehmen muß, so beschleicht einem
1630 821 2849 917 jenes melancholische, echt wienerische Gefühl der Wehmut, das
1637 865 2864 977 in Artur Schnitzler seinen Dichter gefunden hat. Man wandelt
1626 918 2870 1016 noch einmal durch die stillen Straßen der Inneren Stadt, fährt
1627 966 2866 1043 zum letztenmal hinaus in die Vorstädte an den Abhängen des
1632 1008 2871 1090 schneebedeckten Wienerwaldes und freut sich, rückblickend über
1628 1066 2862 1136 die Zeit, die man in künstlerischer Arbeit in Wien verbringen
1620 1112 2863 1199 durfte, wenn sie auch diesmal kürzer war und nicht jene Aus¬
1618 1153 2862 1222 breitung annehmen konnte, die man sich gewünscht und erwartet
1620 1209 2863 1308 hatte. Als Aktivum nehme ich von meiner Tätigkeit im Theater
1636 1252 2871 1341 in der Josefstadt die Freude mit, daß ich den Hofrat in Hanns
1643 1303 2866 1383 Saßmanns Steuerstück spieln konnte, eine Rolle, die ich sehr
1629 1350 2875 1415 gern übernommen habe und auch noch in München zu spielen
1630 1397 2869 1483 hoffe. Trotz der kurzen Dauer der Aufführungen in Wien bin
1643 1442 2862 1540 ich nicht in meiner Ueberzeugung erschüttert worden, daß die
1634 1499 2879 1584 Steuerkomödie Saßmanns ein äußerst wirksames Theaterstück
1646 1541 2865 1623 ist. Sehr bedauern muß ich natürlich, daß ich den Musiker
1650 1587 2871 1677 Weyring in Schnitzlers „Liebelei“ nicht spielen Lnnte. Aber
1645 1640 2868 1711 es hatte sich nun einmal heuer alles gegen eine lärgere Dauer
1645 1706 2263 1779 meines Gastspiels verschworen.
1736 1734 2872 1814 Man weiß ja, daß ich deshalb vorzeitig aus Wien scheide,
1634 1806 2874 1876 weil eine Erkrankung meiner Frau einen Erholungsurlaub im
1656 1834 2887 1926 Süden notwendig macht, Ich nehme auch in dieser Beziehung
1649 1887 2870 1988 von Wien eine glückliche Erinnerung mit, da ein Wiener
1644 1932 2876 2012 Arzt, Professor Paul Werner, durch eine äußerst gelungene
1636 1970 2885 2080 Operation das Meisterstück zustande gebracht hat, meine Frau
1635 2007 2891 2105 in dem unglaublich kurzen Zeitraum von vierzehn Tagen soweit
1653 2076 2890 2166 herzustellen, daß sie mit mir schon dieser Tage die Reise nach
1646 2123 2886 2222 dem Süden antreten kann. Die Genesung meiner Frau ent¬
1661 2172 2884 2263 schädigt mich jedenfalls für die Schatten kleiner beruflicher
1664 2221 2879 2313 Unannehmlichkeiten, die mir in diesem Jahre beschieden waren.
1758 2268 2885 2359 Bemerkenswert ist, daß ich diesmal nicht wie sonst nach
1658 2322 2888 2424 München zur Bühne zurückkehre, sondern eigentlich meine erste
1655 2371 2881 2471 große Filmrolle spiele. Es ist interessant, daß sich mir erst nach
1655 2416 2885 2503 über dreißigjähriger Bühnentätigkeit eine derartige Gelegenheit
1646 2454 2886 2550 bietet. Mein erstes Filmauftreten in einer größeren Rolle, in dem
1632 2520 2885 2603 Lustspiel „Der Mann mit Herz“ hatte meine Eignung für den
1657 2559 2888 2659 Tonfilm erwiesen, so daß mir jetzt eine Reihe größerer Anträge
1666 2601 2891 2691 vorliegt, von denen ich, in eister Linie meiner Frau zuliebe, die
1661 2652 2894 2752 Berufung zu dem in Aegypten spielenden Filmlustspiel „Saison in
1667 2710 2899 2778 Kairo“ angenommen habe. Ich werde Donnerstag in Genua das
1675 2741 2893 2832 Schiff nach Aegypten besteigen, auf dem ich mit den übrigen
1662 2791 2895 2890 Hauptdarstellern des Films, mit Renate Müller, Marga Lion und
1662 2853 2890 2925 Willi Fritsch, zusammentreffen werde. Wir werden drei Tage unter¬
1669 2881 2894 2969 wegs sein und uns dann sofort in die Aufnahmen stürzen, die mir
1659 2940 2898 3005 eine Reihe bisher ungewohnter Aufgaben zumuten. So werde ich
1660 2993 2897 3060 in Zylinder und Cut auf einem Kamel durch die Wüste reiten, ein
1669 3024 2890 3127 andermal gemeinsam mit Marga Lien, meiner Partnerin im Film,
1668 3071 2891 3165 einen weißen Esel besteigen. Ich fürchte mich, daß man mir, wenn ich
1663 3141 2907 3221 erst einmal in Aegypten angelangt bin, auch zumuten wird, auf
1669 3192 2185 3259 einem Krokodil zu reiten.
1776 3191 2895 3286 Ich freue mich zwar, aus der großen Kälte, die gegenwärtig
1666 3258 2892 3336 in Wien herrscht, in wärmere Gegenden zu gelangen. Der
1665 3304 2901 3381 Trennungsschmerz bleibt aber dennoch unvermindert, da ich mich
1678 3351 2893 3436 in Wien wirklich wie zu Hause gefühlt habe. Ich werde jetzt einen
1663 3397 2903 3488 Monat in Aegypten bleiben, wo sich hoffentlich meine Frau in dem
1667 3453 2894 3513 warmen Klima vollständig erholen wird. Nach Vollendung der
1683 3487 2900 3570 Außenaufnahmen geht es zum 1. März nach Berlin, wo der Film
1672 3538 2902 3623 durch die Atelieraufnahmen ergänzt werden wird. Mitte März kehre
1668 3583 2899 3674 ich dann nach München zurück, wo ich zunächst die Rollen meines
1679 3634 2891 3701 Repertoires darstellen werde. Dann trennen mich eine Reihe von
1679 3673 2906 3767 Monaten von einem neuerlichen Wiedersehen nach Wien, wo ich
1674 3727 2895 3806 meine Tätigkeit durch ein Rundfunkauftreten im „Blaufuchs“ be¬
1683 3770 2899 3854 schlossen habe. Mein nächster Wiener Aufenthalt wird sich hoffent¬
1679 3818 2898 3888 lich länger ausdehnen und mir Gelegenheit geben, vor dem Wiener
1681 3874 2899 3942 Publikum, das mich immer und auch diesmal mit großer Freude
1686 3917 2903 3996 ausgenommen hat, nur in mir ganz genehmen Rollen aufzutreten.
