3392 4256
787 133 1251 253 box 13/6
249 163 625 242 Liebelei
226 183 681 283 ene enenenen en
1027 432 2188 640 dmalen  1/120
834 757 1682 901 Ein Drama als Singspiel
539 844 2687 1007 Das Schnitzler Experiment glückte nicht gestern abend im Detnye
549 1020 2815 1133 Teater. Schwärmerei ein Wiener Stück mit Musik nach Arthur Schnitz¬
539 1092 2627 1255 1ers Liebelei, Musik von Oscar Straus, inszeniert von Emanuel
554 1221 880 1357 Gregers.
871 1429 2742 1541 Schnitzlers Liebelei steht seit den Dagmar Theater Auf¬
560 1542 2740 1682 führungen klassisch in Kopenhagens Theatergeschichte, zuerst mit
571 1659 2772 1784 Anna Larssen, später mit Else Skouboe. Klassisch als ein Zeitbild
574 1763 2656 1909 von Wien der 8o er Jahre mit seiner rührenden Schilderung der
577 1856 2772 1951 Tragödie in der die unschuldige bürgerliche Musikerstochter Chri¬
576 1953 2831 2126 stine Selbstmord aus Verzweiflung über ihre gestrandete Jugendliebe
579 2121 2717 2234 zu einem Wiener Offizier gegeht, der im Duell mit den in seinem
568 2202 1806 2329 Gattenrechte gekränkten Major fällt.
852 2330 2774 2428 Ein gewagtes Experiment, diese düstere Liebelei zu vaude
569 2437 2862 2540 villesieren;mit der Möglichkeit, dass der Versuch auch schlecht aus¬
566 2513 2803 2658 fallen kann, hat der Komponist Oscar Straus vohl selbst gerechnet,
575 2624 2829 2782 da er es nicht wagte, damit in Oesterreich oder Deutschland hervor¬
570 2771 2836 2889 zutreten. Deswegen hat er das ferne Kopenhagen für die Uraufführung
574 2886 2683 2970 ausersehen. Es gint auch nicht trotz einer wirklich schonenden
558 3001 2773 3111 Darbietung im Detnye Teater gestern abend. Trotz einer Musik, die
577 3110 2862 3215 einen Tei1 Poesie in ihren Tönen birgt, eine junge und grosse Stimne
563 3179 2966 3330 hat, um diese Musik hervor zuheben, eine reizende Inszenierung und ein
566 3306 2729 3452 Spie1 welches durchgehend besonders schön ist, gab dem Singspie1
577 3435 2843 3559 Schwärmerei so gut wie nichts von Schnitzlers Schauspie1. Die Musik
564 3509 2812 3635 bleibt onne Bindung mit der Tragödie in Liebelei. Das Stück selbst
570 3622 2893 3770 wird zur indifferenten Operette. Die ersten Akte zeigten einen netten
554 3760 2811 3910 Erfolg aller Jam dru buret. Mit den Bild eines Rennbahnrestaurants
