3484 4224
290 160 699 241 Liebelei
774 164 1290 244 box 12/8
282 208 716 282 nentenen den enenenenenenenen
531 926 1264 1023 Berliner Börsen-Courler
1026 1010 1302 1115 Okt. 1920
1621 1083 2583 1184 zustand des Fritz Lobheimer ungemein düster.
1627 1159 2565 1219 Er darf und soll unruhig sein — auf der Grund¬
711 1068 1541 1233 Weihnachtseinkäufe —
1617 1194 2569 1261 lage jugendlichen Leichtsinns. Er spielt bei
1626 1239 2564 1304 Fehling eine Schwermut, für welche die Doppel¬
974 1212 1346 1331 Liebelei.
1610 1286 2570 1349 beziehung zu der verheirateten Dame und zu dem
923 1311 1388 1391 Schillertheater.
1609 1328 2559 1382 Vorstadtmädchen ein Widerspruch ist. ... wegen
732 1374 2562 1437 Als vor dreißig Jahren der junge, nur in gleichartiger Tiefe. Er gibt von vornherein einen
684 1425 2562 1479 intimeren Literaturkreisen bekannte Arthur Todeskandidaten und trotzdem der Darsteller
683 1478 2559 1530 Schnitzler ins Burgtheater einzeg, war es für Richard Duschinsky ien Wiener ist, ging ihm
667 1516 2559 1553 den weiteren Umkreis der damale völlig unbe= diese für den Ton des Stückes willkommene
669 1552 2569 1622 strittenen Vorrangbühne eine Ueberraschung. Die Eigenschaft verloren durch eine Melancholie, die
1622 1597 1965 1661 verallgemeinerte.
673 1613 1623 1665 Burg war auf klassisches Repertoir und auf das
1666 1624 2567 1715 Eingeweiht in den Ausgang des Stückes auch
681 1658 1622 1715 Salonstück abgestimmt, dem Naturalismus schloß
1613 1682 2564 1751 das Spiel der Lucie Mannheim. Sie hätte
668 1702 1630 1761 man die Pforten. Nun öffnete sich die Tür dem
1624 1734 2551 1780 im ersten Akt vorwiegend unbekümmertes Vor¬
677 1752 1611 1803 Jungwiener Erlebnis und dem Gefühlstumult
1627 1778 2561 1835 stadtmädel zu sein. Ihre Fragen, die außerdem
678 1785 1278 1860 bedrängter Vorstadtherzen.
1269 1790 1614 1856 Auf geheiligter
1622 1828 2577 1887 unwienerisch scharf klingen, haben zu viel Schick¬
670 1839 1619 1888 Stätte erschien in der Ladnerinbluse der lebens¬
1614 1871 2553 1927 salsangst. Die Bangigkeit beider bedrückt und
669 1884 1612 1934 lustig ungenierte Typus einer Mizi Schlager und
1620 1921 2556 1981 verlängert. Um so erfreulicher war der Humor,
668 1928 1615 1985 Adolf von Sonnenthal, den sich vorher niemand
1619 1957 2566 2024 die erfrischend bewegliche Lustigkeit des jungen
662 1975 1617 2032 ohne Salonglanz oder klassische Patina denken
1617 2000 2565 2045 Heinrich Schnitzler und der Maria Paud¬
668 2019 1609 2079 mochte, siedelte in ein Hinterstübchen und trug
1612 2042 2572 2106 ler. Besonders die Darstellerin der Mizi Schlager
678 2061 1613 2118 den schäbigen Hausrock eines Vorstadtmusikus.
1611 2095 2557 2150 war ein Segen. Ihre Pointen blühten aus der
674 2113 1614 2170 Das Burgtheater hatte mit der Förderung des
1616 2134 2549 2204 Situation auf. Es war wie eine Durchlüftung.
676 2156 1628 2221 jungen Schnitzler am meisten sich selbst gedient.
1656 2194 2562 2246 Fehlings Regietendenzen triumphierten im
683 2211 1617 2261 Es fand den Anknüpfungspunkt an eine neuere
1623 2217 2571 2292 Schlußakt. Das war tragisch leidenschaftliche Zu¬
674 2253 1610 2305 Zeit durch ein Werk, das die Doppeleigenschaft
1624 2277 2560 2337 sammenfassung. Lucie Mannheim gab hier
679 2295 1610 2341 hatte, in der Form nicht revolutionär, und in¬
1620 2323 2567 2386 Schmerztöne und Aufschreie, die mitßreißende Er¬
669 2338 1614 2395 haltlich bloß ein Wechsel der Sphäre zu sein.
1615 2374 2562 2438 regung waren. Ein paar exaltierte Momente
665 2377 1617 2455 Und auch da mit einer, Bedenken entlastenden,
1609 2419 2554 2464 könnten noch hinwegfallen. Man nahm sie mit.
674 2426 980 2498 wienerischen
1608 2463 2558 2515 Der Schmerz des alten Weiring (Jakob
736 2466 1604 2541 In einem, die Wiederaufnahme des Werkes
1622 2505 2565 2575 Tiedtke) glühte in besonderer Gefühlsfarbe
668 2517 1606 2594 begrundenden Vorwort des Theaterprogrammes
1622 2553 2556 2618 auf. Der Beifall der Zuschauer wurde stürmisch.
670 2574 1616 2637 verspricht der Spielleiter Jürgen Fehling die
1662 2602 2556 2671 Vorher spielte man das bejahrte Schnitzler¬
675 2623 1622 2682 Darstellung auf das dichterische Aroma des
1613 2645 2563 2713 feuilleton „Weihnachtseinkäufe“ mit Lina Lossen
668 2667 1604 2719 Stückes, auf Gefühlspunkte, auf die Musik des
1626 2691 2555 2763 und Erwin Faber. Eine überflüssige Zugabe
665 2705 1615 2775 Herzens zu konzentvieren. Nicht bloß bei altern¬
1620 2741 2561 2797 mit Schneegestöber. Die Flocken fielen noch im
674 2746 1615 2807 den Zeitwerken, auch bei großen unvergänglichen
1630 2787 2294 2859 ersten Akt der „Liebelei“ herunter.
667 2799 1615 2850 Dichtungen werden jeweils Elemente wichtiger,
2215 2825 2560 2920 Emil Faktor.)
676 2845 1621 2906 die den Nerv der Gegenwart berühren. Fraglich
676 2892 1624 2947 bleibt, ob sich auf einem so schmalen, die dramati¬
679 2931 1629 2997 schen Vorgänge beinahe ängstlich aussparenden
673 2983 1627 3053 Felde die Wirkungsmomente so sorgfältig und
674 3022 1626 3083 ohne Verlust an Substanz auseinander halten
677 3071 1623 3129 lassen. Es war vorteilhaft und wohltuend, wenn
678 3104 1639 3178 Fehling den theatralischen Auftritt des Rechen¬
674 3162 1630 3232 schaft fordernben Gatten durch Verkürzung auf
675 3197 1639 3281 das Notwendigste vom Pathos befreite. Aber schon
670 3252 1613 3315 vorher und erst recht nachher war der Gemüts¬
