<?xml version="1.0" encoding="UTF-8" standalone="yes"?>
<PcGts xmlns="http://schema.primaresearch.org/PAGE/gts/pagecontent/2013-07-15" xmlns:xsi="http://www.w3.org/2001/XMLSchema-instance" xsi:schemaLocation="http://schema.primaresearch.org/PAGE/gts/pagecontent/2013-07-15 http://schema.primaresearch.org/PAGE/gts/pagecontent/2013-07-15/pagecontent.xsd">
    <Metadata>
        <Creator>prov=University of Rostock/Institute of Mathematics/CITlab/Gundram Leifert/gundram.leifert@uni-rostock.de:name=ONB_Newseye_GT_M1+(htr_id=10810)::::v=2.4.2
prov=University of Rostock/Institute of Mathematics/CITlab/Tobias Gruening/tobias.gruening@uni-rostock.de:name=de.uros.citlab.module.baseline2polygon.B2PSeamMultiOriented:v=2.4.2
prov=University of Rostock/Institute of Mathematics/CITlab/Tobias Gruening/tobias.gruening@uni-rostock.de:name=/mnt/transkribus/LA/DEA/URO/LA_news_onb_att.pb:de.uros.citlab.segmentation.CITlab_LA_ML:v=2.4.2
Transkribus</Creator>
        <Created>2019-10-07T12:05:43.701+02:00</Created>
        <LastChange>2019-10-09T22:08:52.783+02:00</LastChange>
        <TranskribusMetadata docId="223992" pageId="9510264" pageNr="2071" tsid="16689631" status="IN_PROGRESS" userId="40391" imgUrl="https://files.transkribus.eu/Get?id=UNPKVFIJFCWHWELSDJCDUSUN&amp;fileType=view" xmlUrl="https://files.transkribus.eu/Get?id=ZNHQFICVZNMTUWKLYMGTRPUF" imageId="6198966"/>
    </Metadata>
    <Page imageFilename="223992_2071.jpeg" imageWidth="3436" imageHeight="4224">
        <ReadingOrder>
            <OrderedGroup id="ro_1711446604923" caption="Regions reading order">
                <RegionRefIndexed index="0" regionRef="r1"/>
            </OrderedGroup>
        </ReadingOrder>
        <TextRegion orientation="0.0" id="r1" custom="readingOrder {index:0;}">
            <Coords points="192,141 192,2954 2637,2954 2637,141"/>
            <TextLine id="r1l1" custom="readingOrder {index:0;}">
                <Coords points="517,178 531,176 551,184 583,177 587,182 668,184 669,130 647,130 618,107 582,106 554,128 540,120 518,124"/>
                <Baseline points="528,169 553,170 579,172 605,172 631,172 657,172"/>
                <TextEquiv>
                    <Unicode>ele</Unicode>
                </TextEquiv>
            </TextLine>
            <TextLine id="r1l2" custom="readingOrder {index:1;}">
                <Coords points="874,201 989,186 1047,199 1138,189 1184,207 1221,185 1321,195 1322,119 1257,101 1181,119 1098,110 1056,136 997,140 875,105"/>
                <Baseline points="886,177 912,180 938,181 965,182 991,184 1017,186 1044,187 1070,188 1097,189 1123,190 1149,190 1176,190 1202,190 1228,189 1255,187 1281,186 1308,183"/>
                <TextEquiv>
                    <Unicode>box 13/8</Unicode>
                </TextEquiv>
            </TextLine>
            <TextLine id="r1l3" custom="readingOrder {index:2;}">
                <Coords points="178,167 365,210 431,200 484,235 558,218 603,238 763,218 807,232 811,142 676,136 638,171 589,171 489,113 338,108 295,131 267,105 182,94"/>
                <Baseline points="192,161 222,168 252,174 282,179 312,184 342,187 372,190 403,193 433,194 463,196 493,197 523,197 553,198 583,198 614,198 644,197 674,197 704,197 734,196 764,196 795,196"/>
                <TextEquiv>
                    <Unicode>5. Liebee1</Unicode>
                </TextEquiv>
            </TextLine>
            <TextLine id="r1l4" custom="readingOrder {index:3;}">
                <Coords points="729,1218 770,1233 866,1223 897,1234 971,1202 1044,1220 1076,1213 1077,1132 981,1117 925,1121 901,1136 832,1121 730,1125"/>
                <Baseline points="741,1201 767,1200 794,1199 821,1199 848,1199 875,1199 902,1200 928,1200 955,1201 982,1201 1009,1201 1036,1202 1063,1201"/>
                <TextEquiv>
                    <Unicode>RRATIS</Unicode>
                </TextEquiv>
            </TextLine>
            <TextLine id="r1l5" custom="readingOrder {index:4;}">
                <Coords points="645,1297 2116,1345 2118,1277 2014,1249 648,1219"/>
                <Baseline points="659,1276 731,1276 803,1277 875,1278 948,1280 1020,1282 1092,1285 1164,1287 1237,1290 1309,1294 1381,1297 1453,1301 1526,1304 1598,1307 1670,1310 1742,1313 1815,1315 1887,1316 1959,1318 2031,1318 2104,1318"/>
                <TextEquiv>
                    <Unicode>aus: Neues viener Tagblatt, vien, 2.1. 1936.</Unicode>
                </TextEquiv>
            </TextLine>
            <TextLine id="r1l6" custom="readingOrder {index:5;}">
                <Coords points="637,1386 788,1414 1090,1424 1138,1401 1418,1428 1460,1417 1462,1356 1351,1372 839,1332 775,1352 742,1329 638,1350"/>
                <Baseline points="648,1389 688,1388 728,1389 768,1389 808,1390 848,1391 888,1393 928,1394 968,1396 1008,1398 1048,1400 1088,1402 1128,1404 1168,1405 1208,1407 1248,1408 1288,1409 1328,1410 1368,1410 1408,1410 1448,1409"/>
                <TextEquiv>
                    <Unicode>Fi lmnanuskript gesucht!</Unicode>
                </TextEquiv>
            </TextLine>
            <TextLine id="r1l7" custom="readingOrder {index:6;}">
                <Coords points="632,1453 1564,1506 1594,1477 1697,1490 1699,1402 1613,1434 736,1394 633,1423"/>
                <Baseline points="645,1444 697,1444 749,1445 801,1446 853,1447 905,1449 957,1450 1009,1452 1061,1454 1113,1455 1165,1457 1217,1459 1269,1461 1321,1462 1373,1464 1425,1465 1477,1466 1529,1467 1581,1468 1633,1468 1685,1469"/>
                <TextEquiv>
                    <Unicode>Schaffen Sie sich einen Namen!</Unicode>
                </TextEquiv>
            </TextLine>
            <TextLine id="r1l8" custom="readingOrder {index:7;}">
                <Coords points="729,1559 2306,1616 2358,1608 2360,1517 2208,1557 730,1513"/>
                <Baseline points="740,1554 820,1558 900,1560 981,1563 1061,1566 1141,1568 1222,1570 1302,1572 1382,1574 1463,1576 1543,1578 1623,1580 1704,1582 1784,1584 1864,1585 1945,1588 2025,1590 2105,1592 2186,1595 2266,1597 2347,1601"/>
                <TextEquiv>
                    <Unicode>Vas nun die Nahl der Stoffe selbst betrifft, so</Unicode>
                </TextEquiv>
            </TextLine>
            <TextLine id="r1l9" custom="readingOrder {index:8;}">
                <Coords points="642,1628 2274,1667 2416,1661 2418,1608 644,1574"/>
                <Baseline points="654,1612 741,1613 829,1615 916,1616 1004,1619 1091,1621 1179,1623 1266,1626 1354,1629 1441,1631 1529,1634 1616,1636 1704,1639 1791,1641 1879,1643 1966,1646 2054,1647 2141,1649 2229,1651 2316,1652 2404,1653"/>
                <TextEquiv>
                    <Unicode>grsift die Filmindustrie nicht ohne Grund imner vie¬</Unicode>
                </TextEquiv>
            </TextLine>
            <TextLine id="r1l10" custom="readingOrder {index:9;}">
                <Coords points="643,1672 2441,1727 2301,1657 644,1643"/>
                <Baseline points="655,1668 743,1670 832,1673 920,1675 1009,1678 1098,1680 1186,1683 1275,1685 1364,1687 1452,1689 1541,1692 1630,1694 1718,1697 1807,1699 1896,1701 1984,1704 2073,1706 2162,1708 2250,1710 2339,1712 2428,1714"/>
                <TextEquiv>
                    <Unicode>der auf bewährte ältere Vorlagen zur ick. Unsterbliche</Unicode>
                </TextEquiv>
            </TextLine>
            <TextLine id="r1l11" custom="readingOrder {index:10;}">
                <Coords points="630,1725 2411,1781 2398,1724 631,1676"/>
                <Baseline points="642,1718 729,1723 817,1726 905,1730 993,1733 1081,1736 1169,1739 1257,1741 1345,1744 1433,1746 1521,1748 1608,1750 1696,1752 1784,1754 1872,1756 1960,1757 2048,1759 2136,1761 2224,1763 2312,1765 2400,1767"/>
                <TextEquiv>
                    <Unicode>klassische Stoffe aus der grossen Veltliteratur (wie</Unicode>
                </TextEquiv>
            </TextLine>
            <TextLine id="r1l12" custom="readingOrder {index:11;}">
                <Coords points="643,1785 2524,1834 2526,1758 645,1726"/>
                <Baseline points="655,1775 747,1778 840,1781 933,1784 1026,1787 1119,1790 1212,1793 1305,1796 1398,1799 1491,1802 1584,1805 1676,1808 1769,1810 1862,1813 1955,1815 2048,1817 2141,1819 2234,1820 2327,1821 2420,1822 2513,1822"/>
                <TextEquiv>
                    <Unicode>nilhe im Te1l“, (Die Jungfrau von Orleans“, vquo vadis?#</Unicode>
                </TextEquiv>
            </TextLine>
            <TextLine id="r1l13" custom="readingOrder {index:12;}">
                <Coords points="632,1840 2491,1891 2117,1814 634,1789"/>
                <Baseline points="645,1826 736,1830 828,1835 920,1839 1011,1843 1103,1846 1195,1849 1286,1852 1378,1854 1470,1856 1562,1859 1653,1861 1745,1863 1837,1865 1928,1868 2020,1870 2112,1873 2203,1876 2295,1879 2387,1883 2479,1888"/>
                <TextEquiv>
                    <Unicode>yDie Passion“) werden ebenso gern zu wiederholten Malen</Unicode>
                </TextEquiv>
            </TextLine>
            <TextLine id="r1l14" custom="readingOrder {index:13;}">
                <Coords points="632,1908 2491,1963 2452,1886 634,1852"/>
                <Baseline points="646,1889 737,1893 829,1896 920,1899 1012,1902 1104,1904 1195,1907 1287,1909 1379,1912 1470,1914 1562,1916 1654,1918 1745,1921 1837,1923 1929,1926 2020,1928 2112,1932 2204,1935 2295,1938 2387,1942 2479,1946"/>
                <TextEquiv>
                    <Unicode>verfilmt wie sturmerprobte urfolgstories (wie 7per Graf</Unicode>
                </TextEquiv>
            </TextLine>
            <TextLine id="r1l15" custom="readingOrder {index:14;}">
                <Coords points="642,1961 2459,2026 2461,1960 2327,1941 644,1900"/>
                <Baseline points="655,1943 744,1947 834,1951 923,1954 1013,1958 1103,1960 1192,1962 1282,1964 1371,1966 1461,1968 1551,1970 1640,1972 1730,1974 1819,1976 1909,1979 1999,1982 2088,1986 2178,1990 2267,1996 2357,2001 2447,2008"/>
                <TextEquiv>
                    <Unicode>von honte Christor, VAlraum“, WDer Studont von Prag“,</Unicode>
                </TextEquiv>
            </TextLine>
            <TextLine id="r1l16" custom="readingOrder {index:15;}">
                <Coords points="636,2004 2062,2064 2440,2016 637,1968"/>
                <Baseline points="649,2005 737,2007 826,2009 915,2011 1004,2013 1093,2014 1182,2017 1270,2019 1359,2021 1448,2023 1537,2025 1626,2028 1715,2030 1804,2032 1892,2035 1981,2038 2070,2041 2159,2044 2248,2047 2337,2050 2426,2053"/>
                <TextEquiv>
                    <Unicode>Vper Hund von Baskerville“) und moderne Theaterstücke</Unicode>
                </TextEquiv>
            </TextLine>
            <TextLine id="r1l17" custom="readingOrder {index:16;}">
                <Coords points="638,2067 2462,2138 2540,2057 640,2003"/>
                <Baseline points="649,2065 742,2065 836,2065 930,2066 1024,2067 1118,2069 1212,2072 1305,2075 1399,2079 1493,2082 1587,2086 1681,2090 1775,2094 1869,2097 1962,2101 2056,2104 2150,2108 2244,2110 2338,2112 2432,2114 2526,2115"/>
                <TextEquiv>
                    <Unicode>und Romane „'Die Heilige und ihr Narr“, Pishslain, wer</Unicode>
                </TextEquiv>
            </TextLine>
            <TextLine id="r1l18" custom="readingOrder {index:17;}">
                <Coords points="614,2122 2026,2180 2404,2133 616,2064"/>
                <Baseline points="628,2117 716,2118 804,2119 892,2121 980,2123 1069,2125 1157,2128 1245,2130 1333,2133 1421,2135 1510,2138 1598,2140 1686,2143 1774,2145 1862,2147 1951,2150 2039,2151 2127,2153 2215,2154 2303,2155 2392,2156"/>
                <TextEquiv>
                    <Unicode>Katzensteg“ usw. ). auch populärer Areighasse aus der</Unicode>
                </TextEquiv>
            </TextLine>
            <TextLine id="r1l19" custom="readingOrder {index:18;}">
                <Coords points="624,2171 2514,2254 2528,2193 625,2122"/>
                <Baseline points="636,2175 734,2175 833,2176 932,2178 1031,2180 1130,2182 1229,2185 1328,2188 1427,2191 1526,2194 1624,2197 1723,2200 1822,2202 1921,2205 2020,2207 2119,2210 2218,2211 2317,2212 2416,2213 2515,2213"/>
                <TextEquiv>
                    <Unicode>velbgeschichte hat sich die Filmindustrie zur bestillie¬</Unicode>
                </TextEquiv>
            </TextLine>
            <TextLine id="r1l20" custom="readingOrder {index:19;}">
                <Coords points="627,2247 2403,2291 2421,2223 628,2172"/>
                <Baseline points="639,2232 727,2233 816,2235 904,2236 993,2238 1081,2240 1170,2241 1258,2243 1347,2245 1435,2247 1524,2249 1612,2251 1701,2253 1789,2256 1878,2259 1966,2261 2055,2264 2143,2266 2232,2270 2320,2273 2409,2276"/>
                <TextEquiv>
                    <Unicode>rung von Kinosensationen sehr oft bedient; man denke</Unicode>
                </TextEquiv>
            </TextLine>
            <TextLine id="r1l21" custom="readingOrder {index:20;}">
                <Coords points="621,2307 2590,2364 2591,2293 2458,2270 622,2246"/>
                <Baseline points="633,2285 730,2286 827,2288 924,2290 1022,2293 1119,2295 1216,2297 1313,2300 1411,2302 1508,2305 1605,2308 1702,2311 1800,2313 1897,2316 1994,2319 2091,2322 2189,2324 2286,2327 2383,2329 2480,2332 2578,2334"/>
                <TextEquiv>
                    <Unicode>nur an die Ereignisse um König Friedrich II. von Preussen</Unicode>
                </TextEquiv>
            </TextLine>
            <TextLine id="r1l22" custom="readingOrder {index:21;}">
                <Coords points="625,2335 2510,2420 2515,2341 626,2303"/>
                <Baseline points="636,2335 729,2338 822,2341 915,2345 1009,2348 1102,2351 1195,2353 1288,2356 1382,2359 1475,2362 1568,2365 1661,2367 1755,2370 1848,2373 1941,2375 2034,2379 2128,2381 2221,2384 2314,2388 2407,2391 2501,2394"/>
                <TextEquiv>
                    <Unicode>(FFriedericus Rex“) an die Historien um Napoleon, an die</Unicode>
                </TextEquiv>
            </TextLine>
            <TextLine id="r1l23" custom="readingOrder {index:22;}">
                <Coords points="2515,2379 2578,2389 2648,2414 2655,2381 2636,2377 2620,2366 2607,2348 2599,2349 2590,2342 2579,2350 2558,2353 2545,2345 2523,2341"/>
                <Baseline points="2526,2383 2553,2382 2581,2386 2609,2394 2637,2406"/>
                <TextEquiv>
                    <Unicode></Unicode>
                </TextEquiv>
            </TextLine>
            <TextLine id="r1l24" custom="readingOrder {index:23;}">
                <Coords points="621,2403 2121,2454 2457,2409 622,2364"/>
                <Baseline points="634,2397 724,2399 815,2400 905,2402 996,2405 1086,2407 1177,2409 1267,2411 1358,2414 1448,2416 1539,2419 1629,2421 1720,2423 1810,2426 1901,2429 1991,2432 2082,2434 2172,2437 2263,2440 2353,2443 2444,2446"/>
                <TextEquiv>
                    <Unicode>Figuren der Dubarry und der Pompadour, an Rasputin und</Unicode>
                </TextEquiv>
            </TextLine>
            <TextLine id="r1l25" custom="readingOrder {index:24;}">
                <Coords points="630,2454 2423,2510 2517,2493 2519,2422 632,2402"/>
                <Baseline points="643,2454 736,2455 829,2456 922,2457 1015,2459 1108,2461 1201,2463 1294,2466 1387,2468 1480,2471 1574,2474 1667,2477 1760,2480 1853,2482 1946,2485 2039,2488 2132,2490 2225,2492 2318,2494 2411,2496 2505,2497"/>
                <TextEquiv>
                    <Unicode>andre historische Persönlichkeiten. Stoffs und anekdoti¬</Unicode>
                </TextEquiv>
            </TextLine>
            <TextLine id="r1l26" custom="readingOrder {index:25;}">
                <Coords points="617,2523 2503,2582 2434,2504 619,2474"/>
                <Baseline points="630,2509 723,2511 816,2512 909,2514 1002,2516 1095,2518 1188,2520 1281,2522 1374,2524 1467,2526 1560,2528 1653,2531 1746,2533 1839,2536 1932,2538 2025,2541 2118,2543 2211,2546 2304,2549 2397,2552 2491,2555"/>
                <TextEquiv>
                    <Unicode>sche Erzählungen aus dem Lasein historischer Persönlich¬</Unicode>
                </TextEquiv>
            </TextLine>
            <TextLine id="r1l27" custom="readingOrder {index:26;}">
                <Coords points="607,2563 2542,2624 2543,2570 2382,2556 608,2527"/>
                <Baseline points="620,2565 715,2566 810,2567 906,2569 1001,2571 1097,2573 1192,2576 1288,2579 1383,2581 1479,2584 1574,2588 1669,2591 1765,2593 1860,2596 1956,2599 2051,2601 2147,2604 2242,2605 2338,2607 2433,2608 2529,2608"/>
                <TextEquiv>
                    <Unicode>keiten als Filnvorwurf vor zuschlagen, ist für einen Mln¬</Unicode>
                </TextEquiv>
            </TextLine>
            <TextLine id="r1l28" custom="readingOrder {index:27;}">
                <Coords points="607,2641 2212,2699 2586,2687 2588,2628 609,2565"/>
                <Baseline points="620,2616 717,2620 815,2623 913,2626 1010,2629 1108,2631 1206,2634 1303,2636 1401,2638 1499,2641 1597,2643 1694,2645 1792,2647 1890,2650 1987,2652 2085,2655 2183,2657 2280,2660 2378,2663 2476,2667 2574,2670"/>
                <TextEquiv>
                    <Unicode>fremden ebenfalls aus vielerlei Gründen ein aussichtsloses,</Unicode>
                </TextEquiv>
            </TextLine>
            <TextLine id="r1l29" custom="readingOrder {index:28;}">
                <Coords points="613,2690 674,2686 737,2707 784,2688 810,2703 872,2685 913,2703 952,2687 953,2645 912,2652 863,2634 819,2643 614,2621"/>
                <Baseline points="624,2677 650,2678 676,2679 703,2681 729,2682 755,2683 782,2683 808,2684 834,2684 861,2684 887,2684 913,2684 940,2683"/>
                <TextEquiv>
                    <Unicode>Bsginnen</Unicode>
                </TextEquiv>
            </TextLine>
            <TextLine id="r1l30" custom="readingOrder {index:29;}">
                <Coords points="1947,2757 2141,2748 2245,2795 2343,2767 2387,2795 2548,2781 2551,2732 2489,2713 2454,2726 2342,2679 2311,2691 2276,2672 2210,2699 1952,2683"/>
                <Baseline points="1960,2740 1988,2740 2017,2740 2046,2741 2075,2742 2103,2744 2132,2745 2161,2746 2190,2748 2218,2751 2247,2753 2276,2756 2305,2758 2333,2760 2362,2763 2391,2765 2420,2767 2448,2770 2477,2772 2506,2774 2535,2776"/>
                <TextEquiv>
                    <Unicode>Hane Tlkarleson.</Unicode>
                </TextEquiv>
            </TextLine>
            <TextLine id="r1l31" custom="readingOrder {index:30;}">
                <Coords points="2422,2852 2434,2851 2444,2855 2461,2853 2454,2778 2442,2779 2439,2782 2432,2778 2415,2779"/>
                <Baseline points="2432,2821 2446,2820"/>
                <TextEquiv>
                    <Unicode>0</Unicode>
                </TextEquiv>
            </TextLine>
            <TextLine id="r1l32" custom="readingOrder {index:31;}">
                <Coords points="2315,2840 2342,2841 2352,2851 2365,2853 2369,2850 2384,2859 2397,2859 2394,2776 2374,2779 2349,2768 2339,2768 2328,2781 2313,2781"/>
                <Baseline points="2327,2823 2355,2821 2383,2821"/>
                <TextEquiv>
                    <Unicode></Unicode>
                </TextEquiv>
            </TextLine>
            <TextLine id="r1l33" custom="readingOrder {index:32;}">
                <Coords points="2328,2954 2367,2943 2389,2963 2428,2953 2478,2977 2504,2957 2558,2954 2592,2976 2632,2975 2631,2870 2560,2890 2545,2905 2489,2889 2470,2906 2416,2909 2394,2894 2328,2888"/>
                <Baseline points="2341,2935 2366,2937 2391,2938 2416,2940 2442,2940 2467,2940 2492,2940 2517,2939 2543,2938 2568,2937 2593,2935 2619,2933"/>
                <TextEquiv>
                    <Unicode> een u</Unicode>
                </TextEquiv>
            </TextLine>
            <TextEquiv>
                <Unicode>ele
box 13/8
5. Liebee1
RRATIS
aus: Neues viener Tagblatt, vien, 2.1. 1936.
Fi lmnanuskript gesucht!
Schaffen Sie sich einen Namen!
Vas nun die Nahl der Stoffe selbst betrifft, so
grsift die Filmindustrie nicht ohne Grund imner vie¬
der auf bewährte ältere Vorlagen zur ick. Unsterbliche
klassische Stoffe aus der grossen Veltliteratur (wie
nilhe im Te1l“, (Die Jungfrau von Orleans“, vquo vadis?#
yDie Passion“) werden ebenso gern zu wiederholten Malen
verfilmt wie sturmerprobte urfolgstories (wie 7per Graf
von honte Christor, VAlraum“, WDer Studont von Prag“,
Vper Hund von Baskerville“) und moderne Theaterstücke
und Romane „'Die Heilige und ihr Narr“, Pishslain, wer
Katzensteg“ usw. ). auch populärer Areighasse aus der
velbgeschichte hat sich die Filmindustrie zur bestillie¬
rung von Kinosensationen sehr oft bedient; man denke
nur an die Ereignisse um König Friedrich II. von Preussen
(FFriedericus Rex“) an die Historien um Napoleon, an die

Figuren der Dubarry und der Pompadour, an Rasputin und
andre historische Persönlichkeiten. Stoffs und anekdoti¬
sche Erzählungen aus dem Lasein historischer Persönlich¬
keiten als Filnvorwurf vor zuschlagen, ist für einen Mln¬
fremden ebenfalls aus vielerlei Gründen ein aussichtsloses,
Bsginnen
Hane Tlkarleson.
0

 een u</Unicode>
            </TextEquiv>
        </TextRegion>
    </Page>
</PcGts>
