3436 4256
402 227 759 299 Liebele
233 209 1361 338 5. — box 10/4
1991 616 2614 704 Berndaro Seuverrich.
1189 628 1352 703 derer 10
1194 689 1336 739 jußte. —
1192 707 1388 780 der elek¬
1400 718 2656 792 m. Im Alten Theater ging am Sonntag als Novität Arthur
1203 773 2661 825 letzteSchnitzler's Schausviel „Liebelei“ in Scene. Was uns Schnitzler
1380 815 2663 872 in dem dreiactigen Drama erzählt, ist die alte und doch immer wieder¬
1191 825 1367 895 undld
1371 841 2660 915 kehrende Geschichte von einem vornehmen jungen Manne, der mit einem
1182 879 1364 933 rühet in
1383 908 2661 948 schlichten Mädchen eine „Liebelei“ anknüpft, die von dem Kinde aus dem
1187 915 1367 970 erwieder
1371 928 2647 986 Volke für wahre Liebe gehalten wird, das Mädchen unglücklich macht und
1198 957 1358 1028 diener¬
1376 978 2659 1031 sch#eßlich zum Selbstmord treibt. Gleich im Beginn des Stückes macht
1215 995 1361 1045 vermißt
1379 1005 2657 1063 uns der Verfasser mit diesem jungen Elegant Fritz Lobheimer und dessen
1204 1033 1368 1083 auch die
1375 1046 2656 1099 Freund Theodor Kaiser bekannt. Beide sind n der Wahl ihter Eltern
1197 1068 1368 1117 ahre alte
1380 1073 2649 1139 sehr vorsichtig gewesen und leben daher als Sudenten an der Wiener
1198 1106 1364 1160 Jäscherin,
1383 1121 2646 1177 Universität in den besten Verhältnissen. Ihre Zeit wenden sie vor Allem
1192 1148 1368 1195 ite, einen
1375 1156 2651 1214 dazu an, das Stuhium der Liebe praktisch zu betreiben. Der Freund
1196 1184 1365 1236 Diebstahl
1375 1213 2649 1252 Lobheimer's, Theodor Kaiser, ist hierin von liebenswürdiger Oberfläch¬
1193 1224 1373 1286 denselben
1379 1236 2649 1293 lichkeit. Ihm geht das Bedürfniß, sich zu amüsiren, über Alles und so
1381 1293 2653 1338 sind für ihn auch die Weiber nur zum Erholen da. Tragische Ver¬
1379 1311 2648 1369 wickelungen und irgendwelche Scenen liebt er nicht. Fritz
1838 1351 2648 1406 eine tiefgehende Natur. Er unterhielt
1374 1361 1840 1414 Lobheimer dagegen ist
1375 1376 2662 1455 bislang ein sträfliches Verhältniß mit der Frau eines Anderen und sucht
1204 1397 1373 1467 Director
1392 1428 2657 1485 nun im Verkehr mit Christine Weiring Beruhigung. Während aber
1181 1450 1372 1505 lage“ von
1387 1464 2661 1524 für deren Freundin Mizi Schlager die Liebelei die beste Unterhaltung
1195 1487 1373 1537 nit seinen
1384 1520 2645 1565 ist, ist es bei Christine wahre und echte Liebe, was sie für den leicht¬
1203 1523 1373 1584 erfreuen.
1385 1541 2654 1603 sinnigen Fritz Lobheimer empfindet. Zwar fließt in ihren Adern auch
1200 1570 1366 1637 und wer
1388 1584 2660 1639 das leichte Wiener Blut, aber sie denkt doch dabei, während die fesche
1191 1621 1375 1673 Das Gros
1385 1616 2668 1677 Mizi lustig in den Tag hineinlebt, ohne Moral und ohne Qual.
1177 1661 1377 1712 iben muß,
1394 1660 2657 1720 Während einer lustigen Kneiperei in der Wohnung Lobheimer's an der
1185 1697 1364 1740 brama¬
1382 1703 2665 1754 die beiden Mädchen theilnehmen, ertönt plötzlich die Flurglocke. Der
1181 1727 1367 1781 bes Wohl¬
1393 1734 2657 1797 lustige Theodor Kaiser eilt mit den beiden Mädchen in ein Nebenzimmer
1188 1760 1377 1816 Tietsch
1378 1778 2664 1844 während der Gemahl der Dame, zu der Fritz Lobheimer in einem sträf¬
1185 1827 2663 1871 kontaglichen Verhältniß steht, das Zimmer betritt und dem Studenten die an
1183 1862 1363 1903 zilien
1374 1851 2661 1904 seine Frau gerichteten Liebesbriefe vor die Füße wirft. Das übliche
1184 1892 1373 1940 2 Theilen,
1389 1891 2657 1947 Duell soll den Schlußeffect in diesem Liebesskandal bilden. Den dunklen
1198 1928 1369 1973 Vereins¬
1396 1930 2667 1986 Schatten des Todes, der nun auf einmal in diese Stimmung voll Lust
1205 1962 1374 2019 ci haben
1378 1974 2662 2024 und Freude hiteinfällt, hat der Dichter vortrefflich zu benutzen verstanden.
1373 2012 2665 2075 Der zweite Act zeigt uns Fritz Lobheimer in der Mansarden=Wohnung
1381 2058 2666 2100 Christinens. Arm in Arm steht er mit ihr am Fenster und läßt seine
1375 2096 2667 2141 Blicke über das Häusermeer Wiens bis zum Kahlenberge schweifen,
1385 2135 2663 2177 dessen Gipfel im Glanze der Abendsonne erglüht. Hier kommt ihm das
1195 2128 1378 2191 ant „Zum
1388 2162 2668 2228 Bewußtsein, was ihm Christine ist, daß er an ihrer Seite das Glück
1196 2180 1371 2223 80 Textil¬
1197 2213 1375 2262 „Ursachen
1398 2203 2668 2260 gefunden haben würde, mit dem er so oft gespielt. Er verabschiedet
1194 2248 1372 2294 n für den
1392 2223 2666 2301 sich von Christine auf einen oder zwei Tage. Letztere aber ahnt die
1196 2281 1372 2329 tsch. Die
1390 2292 2669 2336 Gefahr, die dem Geliebten droht und will ihn nicht von sich lassen.
1183 2311 1376 2362 von einem
1392 2318 2662 2370 Endlich gelingt es ihm, das liebende Mädchen zu beruhigen und er folgt
1225 2346 1382 2394 bei dem
1392 2368 2666 2411 seinem Freunde, dem lebenslustigen Theodor Kaiser, um sich nach dem
1191 2379 1383 2445 imten das
1390 2394 2661 2446 Schauplatze des Duells zu begeben, den er nicht lebend wieder verlassen
1397 2439 2664 2493 soll. Im dritten Act erhält Christine die Kunde von dem Tode ihres Fritz,
1190 2428 1381 2499 tagte am
1397 2472 2661 2527 daß er im Duell gefallen ist, um einer Anderen willen. Das durch diese
1188 2480 1370 2528 nach Ent¬
1178 2520 1379 2565 ie der Ar¬
1391 2513 2663 2568 Nachricht selber zu Tode getroffene Mädchen reißt sich aus den Armen ihres
1185 2550 1379 2597 en. Eine
1400 2549 2674 2604 verzweifelten Vaters, der sie zu trösten versucht und stürzt fort — in den
1182 2581 1376 2629 t und eine
1396 2602 2672 2651 Tod. Die Handlung ist voll Lebenswahrheit, dabei einfach und natürlich,
1186 2619 1377 2662 feststellen,
1395 2626 2664 2683 ohne jede Künstelei. Der Dichter schiebt die moralisirende Logik gänzlich
1176 2654 1378 2713 ultat einer
1391 2672 2665 2722 bei Seite und fordert nur Mitleid für das in den Tod gegangene Mädchen.
1400 2720 2665 2764 Die gestrige Aufführung des literarisch sehr werthvollen Stückes war
1191 2693 1375 2764 1 Personen
1395 2743 2675 2807 eine ganz vorzügliche. Sämmtliche Darsteller gaben ihr Bestes. Die
1200 2756 1378 2799 tenz einen
1224 2786 1382 2844 gehalten
1401 2781 2668 2842 Hauptrolle, die der Christine, lag in den Händen der Fr. Franck und
1403 2817 2672 2879 wurde von derselben vortrefflich wiedergegeben. Ausgezeichnet verstand
1399 2873 2677 2913 es die Dame, die Gemüthlichkeit der echten Wienerin, die kleinbürgerliche
1396 2900 2670 2952 Verlegenheit und die heißeste Zärtlichkeit für den Geliebten zur Darstellung
1188 2913 1351 2994 ist.
1395 2948 2663 2994 zu bringen. Die Schlußscene des letzten Actes, in der Christine den Tod
1393 2976 2676 3031 des Geliebten erfährt, war eine erschütternde Darstellung des feelischen
1183 2971 1388 3041 Acten von
1399 3010 2674 3062 Schmerzes. Frl. Dalldorf wußte die immer lebenslustige Wienerin,
1180 3032 1388 3078 utbesetztem
1404 3053 2671 3107 die nichts tragisch nimmt, bestens zur Geltung zu bringen. Ihre Mizi
1199 3070 1381 3126 Meisters,
1406 3089 2680 3142 Schlager war ein echtes Wiener Kind voll Gutmüthigkeit und Naietät. Mit
1182 3109 1382 3159 talig hier
1396 3136 2679 3187 dem Wiener Dialekt fand sich die Dame ausgezeichnet ab. Herr Hänseler
1187 3147 1391 3196 recht leb¬
1409 3171 2677 3226 war völlig in seinem Elemente. Er wußte den seichten, alles ernste
1176 3184 1385 3239 ßlungenen
1409 3208 2671 3265 Empfinden meidenden Studenten Theodor Kaiser ausgezeichnet zu
1183 3225 1388 3272 ten sich in
1398 3254 2670 3301 charakterisiren. Ebenso wußte der Künstler die Unbehaglichkeit, welche
1184 3267 1389 3315 Handlung
1402 3289 2678 3342 ihn beim Ueberbringen der Todesnachricht in der Wohnung Christine's
1185 3305 1390 3351 er von den
2338 3321 2672 3379 Der alte Vater
1403 3323 2294 3376 erfaßt, vorzüglich zum Ausdruck zu bringen.
1171 3341 1385 3393 instudirten,
1400 3365 2665 3414 Christine's wurde von Herrn Körner sehr gut gespielt, desgleichen die
1182 3382 1394 3429 der an den
1403 3403 2618 3448 Strumpfwirkersfrau Katharina Binder von Frl. Lauterbach.
1174 3419 1386 3468 ind exacter,
1404 3432 2673 3491 Dem Drama voran ging, gleichfalls als Novität. Pailleron's einactiges
1189 3456 1389 3506 vorzüglich
1409 3475 2672 3532 Lustspiel „Gewitterschauer“ in der deutschen Bearbeitung von
1184 3495 1394 3553 schlagender
1410 3525 2667 3570 Dora Duncker. Im Vordergrunde der Handlung steht die Entführung
1197 3533 1385 3584 vergriffen,
1397 3567 2671 3616 der von ihrem Gatten vernachlässigten Frau v. Thiais durch Herrn
1195 3573 1396 3621 rschwendet.
1408 3606 2676 3650 v. Nohant. In einer Gewitternacht langt das Paar in einem einsam
1210 3610 1396 3670 Shte auf
1400 3643 2681 3696 gelegenen Wirthshause unweit der Grenze an und sucht dort Unterkunft
1286 3647 1397 3701 zier¬
1401 3680 2680 3731 vor den Unbilden des Wetters. Der Wagen, in welchem das Paar seine
1296 3689 1389 3736 aber
1402 3720 2674 3781 Flucht unternommen, hat Schaden gelitten und muß reparirt werden.
1265 3711 1395 3775 naus“
1408 3761 2682 3806 Der Wirth übernimmt die Ausführung dieser Reparatur, will sich aber die
1216 3742 1412 3829 Zurigen
1403 3793 2684 3843 Gelegenheit, solch vornehme Gäste gehörig zu rupfen, nicht entgehen
1225 3805 1390 3857 zy annt.
1396 3826 2679 3873 lassen und verschiebt die Reparatur auf den folgenden Tag, statt sie gleich
1230 3842 1393 3903 zn Heist
1415 3865 2678 3919 vorzunehmen. Inzwischen ist die Flucht des Paares von der Freundin
1241 3882 1390 3934 u üiges
1413 3906 2677 3967 Jeanne's v. Thiais, der Frau v. Castelli, bemerkt worden. Sie setzt den
1240 3920 1393 3983 reit viel
1415 3950 2670 4003 Flüchtigen nach und überrascht sie in dem einsamen Alpen=Wirthshause,
1412 3977 2679 4036 Sie sucht Jeanne v. Thiais zur Rückkehr zu bewegen. Doch fallen alle
1264 3979 1393 4041 Fllus¬
1415 4031 2682 4075 ihre Worte auf unfruchtbaren Boden. Nun schließt sie die Flüchtlinge ein
1259 4019 1391 4081 Zuline
1411 4072 2693 4111 und beobachtet dieselben. Der Gewitterregen wird immer stärker, ebenso
1243 4059 1393 4123 dal fast
1237 4101 1395 4158 ichchsen
1408 4101 2687 4157 die Erregung des Herrn v. Unsant und der Frau v. Thiais. Sie wollen
1259 4136 1406 4197 Vohein,
1418 4133 2681 4193 fliehen und sehen vom Fenster aus, daß ihr Wagen verschwunden ist,
2056 4177 2195 4229 nerich losj
1936 4182 1983 4213 10
2339 4175 2477 4227 [here
