3436 4192
434 161 787 232 iebelei
235 158 1378 271 5. „ box 12/4
693 654 1116 731 Ausschnitt aus:
1034 694 1715 789 Ahipressantes Blatt, Wien
701 725 1090 817 vom: Zä0KI.
941 851 1572 940 Volksoper. „Liebelei“, drei¬
892 898 1573 978 aftige Oper von Franz Neu¬
887 967 1576 1034 mann. Die Erstaufführung ge¬
895 1011 1572 1077 staltete sich zu einem großen Er¬
897 1058 1576 1129 sola. Es wurden alle herausge¬
884 1097 1565 1182 rufen: Der Dichter, der Komponist,
893 1156 1575 1227 der Dirigent, der Regisseur und
890 1194 1563 1277 sämtliche Darsteller, es blieb schließ¬
890 1254 1562 1318 lich niemand zum Herausrusen
877 1288 1563 1367 übrig. Der Text der Oper ist das
885 1336 1573 1414 nur unwesentlich gekürzte Schau¬
881 1390 1552 1468 spiel „Liebelei“ von Schnitzler,
877 1437 1565 1522 die rührselige Geschichte vom Fritz
884 1486 1561 1570 und von der Ehristine, aus der
871 1525 1567 1615 Prosa direkt in Musik gesetzt. Seit
872 1585 1560 1652 Strauß mit Wildes „Salome“ den
859 1627 1561 1696 Anfang gemacht hat, ist kein
869 1675 1554 1756 Theaterstück mehr sicher, statt ge¬
869 1731 1555 1803 sprochen gesungen zu werden. So
865 1774 1553 1837 will es nun einmal der Ausdruck
867 1831 1547 1894 modernen Kunstschaffens. Der
857 1869 1552 1945 Komponist Franz Neumann war
866 1914 1543 2001 früher Würstelfabrikant, fühlte aber
867 1970 1548 2052 schon frühzeitig in sich den Drang,
859 2013 1537 2092 als Tonkünstler zu wirken, studierte
852 2062 1538 2144 am Wiener und Leipziger Konser¬
847 2109 1540 2199 vatorium und ist zur Zeit Kapell¬
849 2167 1537 2239 meister in Frankfurt am Main.
850 2200 1530 2294 Mit der Vertonung der „Liebelei“
851 2250 1540 2339 hat er eine außerordentliche Talent¬
847 2317 1527 2383 probe abgelegt. Von wenigen Mo¬
850 2359 1530 2435 menten, wo sich dem gleichgültigen
842 2399 1534 2486 Text keine musikalischen Motiv¬
837 2446 1530 2529 unterlegen ließen, abgesehen, hat er
835 2499 1526 2567 dem ganzen Schauspiel eine volltö¬
841 2547 1512 2632 nende musikalische Illustration ver¬
837 2597 1519 2674 liehen. Glänzend ist ihm die musika¬
834 2641 1512 2727 lische Charakterisierung der beiden
836 2701 1508 2775 Hauptpersonen Fritz und Chri¬
427 2716 1512 2822 stine gelungen. Trotzdem kann man nicht behaupten,
428 2777 1516 2865 daß das feinsinnige Schauspiel, dessen Hauptreiz in dem
416 2822 1512 2900 brillant pointierten Dialog gelegen ist, durch die Ver¬
415 2880 1501 2954 ionung künstlerische Werte gewonnen hat. Das Ueber¬
426 2917 1506 3002 flüssige ist stets ein Mangel. Die Inszenierung und
425 2975 1500 3067 Besetzung des Werkes war hervorragend. Alle Mit¬
421 3027 1524 3136 wirkenden in den Hauptrollen taten ihr Möglichstes,
418 3057 1506 3154 und rissen das Publikum zu einem Beifall hin, der
413 3121 1337 3213 nur als Affektmoment gewertet werden darf.
2067 2651 2572 2756 (Quelsenangabe ohne Dewähr.)
2165 2721 2918 2815 oner Börsen Courier, Berlr
1921 2744 2198 2835 hnitt aus:
2182 2775 2675 2873 N NANA PERYSAAbE
2035 2812 2541 2919 90. Unigern919
1879 2882 1930 2927 1:
1919 2966 2874 3054 Schnitzler und Eugen d'Albert. Unser
1844 3011 2866 3089 Wiener Korrespondent schreibt: Man erfährt jetzt,
1852 3079 2862 3133 daß auch Eugen d'Albert sich mit dem Plane ge¬
2376 3119 2863 3181 Schnitzlers Dichtung
1845 3118 2351 3178 tragen hat, Arthur
1850 3153 2866 3214 „Liebelei“ zu vertonen. Er kam jedoch zu spät.
1845 3205 2875 3265 Schnitzler hatte bereits dem Frankfurter Kapell¬
1849 3238 2868 3298 meister Neumann die Erlaubnis erteilt, die
1853 3273 2859 3339 „Liebelei“ als Textunterlage für eine Oper zu ge¬
1845 3320 2859 3387 stalten. Dem Vernehmen nach soll demnächst auch
1994 3359 2860 3410 Schleier der Beatrice, als Opern¬
1848 3372 1931 3416 „D
1850 3389 2876 3466 libretto Verwendung finden. Es dürfte interessieren
1853 3451 2862 3504 zu erfahren, daß der Komponist Neumann, bevor er
1853 3483 2892 3547 mit Frau Musika ehbare Beziehungen anknüpfte, in
1857 3522 2535 3610 Wien — Selchergehilfe war.
