3532 4256
403 228 755 307 Liebele
233 235 1361 341 5. box 12/1
1126 1087 1513 1172 Telephon 12.801.
576 1227 1319 1341 „OSULRTEN
415 1305 1503 1387 1. österr. beh. konz. Unternehmen für Zeitungs¬
616 1369 1299 1434 Ausschnitte und Bibliographie.
584 1413 1355 1499 Wien, I., Concordiaplatz 4.
822 1492 1139 1558 Vertretungen
413 1538 1511 1596 in Berlin, Brüssel, Budapes Chicago, Cieveland, Christiania,
420 1576 1523 1635 Genf, Kopenhagen, Londor, Madrid, Mailand, Minneapolis,
419 1634 1525 1683 New-Vork, Paris, Rom, San Francisco, Stockholm, St. Peters¬
824 1662 1133 1717 burg, Toronto.
785 1696 1179 1765 (Ouellenangabe ohne Gewähr.)
431 1762 1444 1867 Ausschnitt aufägliche Bundschau, Berlla
425 1877 578 1942 vom:
599 1877 953 1981 L1
570 2009 1284 2101 Hus dem Kunstleben.
564 2082 1272 2157 Komische Oper: „Liebelei“.
396 2134 1538 2200 Es ist schlimm, wenn so ein modernes Schauspiel mit
325 2190 1537 2240 einer dickflüssigen Puccini=Musik übergossen wird. All seine
326 2233 1529 2295 Bewegungsfreiheit ist hin, und wenn es sich ja einmal
325 2280 1528 2332 rühren will, dann muß es die tragische Gebärde annehmen
324 2330 1525 2400 und mit Pethos der Welt Offenbarungen verkünden, wie
327 2369 451 2427 „Ich
454 2369 1524 2424 bin aufgehalten worden, drum habe ich
318 2404 1530 2462 mich verspätet.“ Mit steigender Verwunderung fragt
315 2459 1531 2530 man sich zwei Akte lang, was den Komponisten dieser Oper,
321 2503 1532 2560 Franz Neumann, zu Urtur Schnitzlers Dichtung
313 2551 1528 2617 hingezogen haben möchte. Die beiden Temperamente
314 2592 1527 2646 reimen sich so ganz und gar nicht aufeinander. Eine Musik,
303 2636 1527 2691 die ewig am Ufer des Stroms der Tränen weilt, der das
309 2679 1524 2731 leichte Hingleiten über die Dinge nie gelingen will. Das
318 2718 1520 2784 Vorspiel zum dritten Akt erläutert dann aufdringlich klar,
315 2768 1531 2812 was Neumann aus Schnitzler herausgelesen hat. Aus
307 2797 1524 2854 dem Stück ist eine Rolle für den kragischen Sopran geworden.
314 2843 1533 2915 Die Tragik aber, die uns vermittelt wird, ist eine Tragik
303 2897 1526 2969 von Puccinis Gnaden. Ist Schnitzler begeistert von solcher
301 2943 1479 2992 Vertonung? Er müßte dann recht unmusikalisch sein. —
310 2989 1517 3031 Die Rolle hatte Fräulein Maria Labia; ihr stärkster
312 3026 1522 3094 Moment war, als sie in der Ahnung vom Tode ihres
299 3081 1526 3134 Liebsten einen Takt lang alle Musik Musik sein ließ und
305 3120 1517 3183 durch das Elementare des gesprochenen Wortes wirkte. Herr
301 3168 1517 3225 Nadolovitch, den diese Oper immer nur aufs Sprung¬
316 3209 1529 3262 brett, aber nie zum Sprung kommen läßt, hielt sich nach
317 3251 1534 3303 Möglichkeit heroisch. Alle anderen (bis auf den rührseligen
307 3296 1528 3347 Musikpapa) hatten die aussichtslose Aufgabe, mit ihren
303 3342 1527 3388 leichten Dialogworten sich durch die dicken Tonmassen durch¬
307 3388 1524 3432 zuarbeiten. Es war etwa, als ob man einem Klavier¬
304 3434 1522 3474 spieler zumutete, durch ein Handtuch hindurchzuspielen.
300 3475 1281 3544 Wenn es sein muß, geht es ja auch; aber wie!
1028 3506 1429 3597 Willy Pastor.
2335 156 2999 242 ODSENVER
2248 172 2298 245 *
2081 224 2315 307 1. österr.
2325 232 3179 302 beh. konz. Unternehmen für Zeitungs¬
2287 281 2964 344 Ausschnitte und Bibliographie.
2270 323 3026 408 Wien, I., Concordiaplatz 4.
2478 396 2798 465 Vertretungen
2104 452 3194 505 Berlin, Brüssel, Budapest, Chicago, Cleveland, Christian.a,
2099 490 3179 549 Gent, Kopenhagen, London, Madrid, Mailand, Minneapolis,
2092 530 3181 585 New-Vork, Paris, Rom, San Francisco, Stockholm, St. Peters¬
2480 565 2779 616 burg, Toronto.
2442 600 2828 668 (Geclienangabe ohne Gewähr.)
2080 603 2991 738 Ausschmstidiner Morgenpost, Berb
2086 779 2239 827 vom:
2331 767 2659 870 NTE
2334 1041 3017 1113 Theater , Kunst und
2336 1107 3006 1171 Wissenschaft
2245 1209 2962 1288 Schrihlers „Liebelei“ als Oper.
2211 1296 3038 1348 Gestern Erstaufführung in der Komischen Oper.
2211 1351 3039 1395 Die Opernliteratur vergangener Zeit enthält eine
2160 1393 3036 1456 Anzahl Werke, die auf dramat'schen Dichtungen klaf¬
2149 1436 3034 1491 sischer. Meister beruhen. Italiener, Franzosen und
2159 1458 3058 1542 Deutsche haben Texte für ihre Opern aus Schöpfungen
2151 1523 3042 1571 Shakespeares, Goethes, Schillers gezogen, und auch in
2150 1566 3043 1620 unsern Tagen sind es erfolgreiche epische und
2158 1602 3044 1663 dramatische Werke, denen zeitgenössische Tondichter ihre
2156 1643 3046 1703 Textbücher entnommen haben. Ich nenne von jenen
2153 1690 3058 1743 nur Sardou in seiner „Tosca“, Tolstoj in seiner „Auf¬
2147 1737 3055 1792 erstehung“, Zola im „Abbé Mouret“ Hofmannsthal
2145 1772 3053 1837 in seiner „Salome“ und „Elektra“. Nun ist gestern
2149 1818 3056 1880 auch Franz Neumann auf der Bühne des Herrn
2156 1850 3050 1927 Gregor mit seiner Oper „Liebelei“ erschienen,
2151 1899 3054 1959 einem Werke, das dem gleichnamigen Schauspiel
2154 1956 3051 2003 Arthur Schnitzlers textlich sein Entstehen ver¬
2158 1989 3051 2045 dankt. Dieses Drama aus der Wiener Sphäre, das
2146 2024 3046 2097 in einer Liebelei der jungen Lebemänner Fritz und
2146 2073 3054 2125 Theodor mit den „süßen“ Wiener Mädels Christine
2152 2120 3045 2174 und Mizzi so fröhlich beginnt und in einem Duell
2148 2159 3048 2218 des ersteren mit dem betrogenen Ehemann tragisch
2152 2200 3052 2266 endet, hat den phantasiereichen Komponisten zu einer
2153 2244 3046 2307 musikalischen Illustration seines Inhalts gelockt. Ist
2158 2304 3051 2353 aber jedes Schauspiel, das sich als bühnenwirksam
2160 2336 3055 2385 erweist, auch geeignet für eine Umwandlung zur Oper?
2147 2375 3049 2439 Bei dem Schauspiel Schnitzlers muß die Frage ver¬
2152 2437 3060 2479 neint werden. Was in dem gesprochenen Dialog
2147 2479 3048 2523 selbst in unwesentlichen Momenten natürlich erscheint,
2158 2514 3051 2559 wirkt in einer gesanglichen Umkleidung gezwungen,
2158 2553 3059 2607 wenn nicht ger lächerlich, und Neumann hat seinen Text
2155 2596 3049 2654 wortgetreu dem Drama Schnitzlers entnommen. Diese
2145 2650 3044 2697 kurzatmigen, oft nur wenige Worte enthaltenden Sätze,
2151 2683 3043 2745 machen in ihrer Vertonung den Eindruck einer
2163 2722 3051 2794 melodischen Engbrüstigkeit. Wo wir die Lungenkraft
2167 2771 3044 2827 einer organisch entwickelten, warmblütigen, gesunden
2154 2812 3050 2878 Kantilene erwarten, läßt der Komponist seine Sänger
2157 2857 3054 2913 in musikalischen Phrasen, in abgerissenen Parlandos
2157 2901 3051 2948 sich ergehen. Solcher Sprechgesang wirkt aber auf
2159 2941 3057 3014 die Dauer eintönig. Wo diese Deklamationsmusik
2168 2976 3047 3048 von wirklichem Gesang unterbrochen wird, wie in
2153 3027 3058 3079 dem Liede Christines aus dem Lochheimer Liederbuch
2163 3073 3059 3129 und einigen anderen Stücken, atmet der Zuhörer
2165 3124 3056 3169 förmlich auf und erquickt sich an innig empfundenen,
2171 3170 3057 3227 ausdrucksvollen, schönen Melodien. Solcher er¬
2166 3205 3047 3256 frischenden Sätze enthält die Oper leider nicht allzu
2154 3253 3047 3307 viele, und wir werden die Befürchtung nicht los, daß
2158 3289 3051 3353 es dem Komponisten an der Fähigkeit, gesanglich zu
2164 3325 3050 3388 schreiben, überhaupt gebricht. Das ist aber das
2163 3368 3052 3420 Charakteristikum des modernen Musikdramas, daß die
2172 3428 3051 3472 Singstimmen geringschätzig behandelt werden, und
2162 3479 3054 3518 nur das Orchester auf den Schild erhoben wird. Auch
2166 3507 3055 3559 in dem Werke Neumanns ist es vornehmlich das
2154 3550 3054 3595 Orchester, in dem die eigentliche Begabung des
2164 3588 3058 3652 Komponisten zutage tritt. Hier beweist er einen Reich¬
2158 3637 3052 3689 tum an Ausdrucksmitteln, die ihre Wirkung nur selten
2155 3682 3057 3735 versagen. Für jede Stimmung, für jeden Gefühls¬
2161 3709 3062 3775 affekt, im Heitern wie im Ernsten, hat er die ent¬
2163 3758 3046 3822 sprechenden instrumentalen Farben auf seiner Palette,
2156 3806 3045 3849 und das Kolorit ist meist von intensiver Leuchtkraft.
2165 3851 3047 3913 Von rein orchestralen Stücken ist das Vorspiel zum
2159 3890 3053 3932 dritten Akt, obgleich etwas gedehnt, als ein den
2170 3930 3053 3993 tragischen Ausgang kündendes Tongemälde besonders
2161 3981 3046 4034 hervorzuheben. In kleineren Formen ist manches
2161 4020 3049 4087 heitere Sätzchen Wiener Geblüts von anmutender
2164 4068 2340 4124 Wirkung.
2218 4099 3046 4159 Dieses spezifisch Wiener Gepräge hatte die Gesamt¬
2170 4148 3050 4198 aufführung der Oper. Die in de Verschiedenheit ihres
