3436 4224
441 168 812 234 Liebelei
267 161 1410 274 5  box 11/1
2289 881 2757 981 Terephon 12801.
1910 975 3138 1076 Alex. Weigl’s Unternehmen für Zeitungs-Ausschnitte
721 1048 1169 1129 Telephon 12801.
2136 1056 3151 1189 „OBSERWED“ Ausschnitt
2955 1113 3252 1208 Nr. 100
351 1135 1570 1216 Alex. Welgl’s Unternehmen für Zeitungs-Ausschnitte
1801 1191 3249 1271 I. österr. behördl. conc. Bureau für Zeitungsberichte u. Personalnachrichten
262 1189 1587 1351 Nai0s „OBSERYEP“ Auschnit
2033 1239 3029 1340 Wien, IX/1, Tünkenstrasse 17.
1394 1251 1649 1339 Nr. 15
2198 1320 2830 1394 Filiale in Budapest: „Figyelö“
243 1350 1683 1411 I. österr. behördl. conc. Bureau für Zeitungsberichte u. Personalnachrichten
1803 1356 3239 1464 Vertretungen in Berlin, Chicago, Genf, London, Newyork, Paris, Rom, Stockhelm.
457 1394 1468 1480 Wien, IX/1, Türkenstrasse 17.
633 1476 1286 1548 — Filiale in Budapest: „Figyeló“ -
247 1514 1683 1601 Vertretungen in Berlin, Chicago, Genf, London, Newyork, Paris, Rom, Stockholm.
1796 1519 3072 1653 Ausschnitt aus: Oestsrr, Lolks-Zuung, Elen
242 1681 785 1769 Ausschnitt aus:
967 1618 2412 1801 Deutsches Tollsshatt, Win vom: 2 0
241 1811 893 1914 v
2245 1852 3199 1940 Raimundtheater. Aus dem einaktigen Schwank
2168 1872 3188 1981 „Olgas Spitzbube“ von Beatrice Dovsky weht ein
2180 1935 3183 2021 übermütiger Humor, der uns Zerrbilder des öffentlichen
2174 1970 3179 2065 Lebens zeigt, die eigentlich auf der Bühne noch keine
2183 2011 3182 2106 Heimatsberechtigung haben, weil es Zukunftsbilder sind,
2184 2055 3186 2152 die bis jetzt erst vorahnend in satirischen Witzblättern
416 2070 1475 2154 Raimund=Theater. Gestern abends gab man an diesen
2176 2084 3176 2186 gespukt haben. Frau J. U. Dr. Olga Raimann ist Ver¬
307 2134 1507 2186 TTheater zum erestenmal den einaktigen Schwank „Olga 3
2176 2149 3175 2236 teidigerin in Strafsachen und wir lesen auf dem Zettel,
329 2176 1492 2229 Spitzbube“ von Beatrice Dovsky. Die Autorin spotte.“
2172 2171 3178 2282 daß der Ort der Handlung Wien ist und die Zeit: „Die
333 2225 1465 2263 in recht amüsanter Weise über die Frauenemanzipation.
2176 2228 3173 2308 nächste Zukunft!“ Da sehen wir nun, wie sich für den an¬
331 2268 1471 2330 „Olga“ hat die Würde einer Verteidigerin in Strafsachen
2166 2254 3188 2359 geheirateten Mann der Frau Verteidigerin diese nächste!
336 2311 1459 2360 erworben, sie studiert in den Gerichtssälen, während ihr
2154 2311 3173 2412 Zukunft gestalten wird. Wir bekommen ein ebenso
325 2349 1463 2418 Gatte daheim die Wirtschaft betreut und das Baby hütet.
2153 2358 3172 2446 lustiges als undenkbares Bild des kinderhütenden und
332 2403 1459 2453 Der Stolz der jungen Frau erleidet zum Schlusse einen
2168 2403 3180 2480 wirtschaftführenden Ehemannes, das uns anmutet wie
335 2432 1449 2492 argen Stoß, da sie wie ihre Gäste von einem schweren Ver¬
1774 2429 3171 2541 Für 50 Zeitungsa) die „verhexte Hutschen“ im Prater. Aber sind die guten?
1892 2468 1989 2515 100
334 2477 1449 2545 brecher, den sie eben mit Erfolg verteidigte und in über¬
2158 2503 3156 2569 alten Typen, die bösen Schwiegermütter, die eifer¬
326 2517 1450 2586 strömender Freude zum Mittagessen einlud, ausgiebig be¬
1882 2541 1990 2590 500
1819 2554 1871 2602 „
2159 2534 3205 2639 süchtigen Gattinnen, die schüchternen Liebhaber, die seit ig.
329 2571 1445 2618 stohlen wird. Das flotte Stück wurde von der Autorin selbst
1810 2580 2000 2651 „ 1000
1469 2577 1672 2649 inclusive
256 2583 332 2656 Fü
2145 2550 3161 2664 einem Jahrhundert ihre Schuldigkeit tun, nicht ebenso
331 2601 1444 2672 im Verein mit den Herren Thaller, Lackner und
1489 2633 1649 2676 Porto.
1899 2614 2151 2687 Im Gegensat
2158 2620 3229 2710 unwahrscheinlich? Und diese haben nicht einmal die das
296 2647 332 2689 „
341 2654 1455 2715 Homma sowie Fräulein Schneider flott gespielt und
1473 2665 1654 2719 Zahlbar
1778 2661 2136 2724 Abonnement durch
2156 2654 3232 2758 Entschuldigung für sich, absichtliche Zerrbilder zu sein, dien
1456 2709 1676 2765 im Voraus.
339 2705 1441 2756 erntete lebhaften Beifall. Dazu gab man Schnitzlers jetzt
1783 2716 3154 2802 Abonnenten frei die Es ist ein köstlicher Gedanke, daß die Frau Verteidigerin,
335 2742 1441 2812 doch schon recht abgespielte „Liebelei“. Frau Niese,
1443 2752 1711 2833 itte ist das
2148 2753 3230 2866 der es gelungen ist, einen Freispruch für ihren Klienten zu die
324 2778 1444 2853 über deren „Christine“ nichts Neues mehr zu sagen ist,
1898 2800 3202 2896 Der „OBSEI erzielen, diesen zum Mittagmahl einlädt. Der Klient isthn¬
1452 2810 1718 2876 steht es den
266 2830 1589 2909 Ab gab wieder diese Rolle. Wir hätten sie lieber als „Mizzi udern.
1789 2829 3220 2948 Inhaltsangabe all aber ein abgefeimter Spitzbube, der die sämtlichen#g#
1789 2876 2137 2931 blätter (Tagesj
274 2876 1294 2927 Ab Schlager“ gesehen, das Stück hätte dann
1315 2881 1451 2932 einen
2146 2878 3229 2973 Familienmitglieder bestiehlt. Willy Thaller spielte iche
325 2918 1329 2978 neuen Reiz gewonnen. Die lustige „Mizzi“
1331 2921 1707 2994 läge ithaltend die
1788 2913 3231 3009 wodurch eine Uebe diesen Gauner mit köstlicher Laune und verhalf damit Mit¬
1788 2952 2141 3007 Leben des In- un
380 2961 1187 3022 ergenialen Künstlerin entschieden
1182 2965 1335 3022 besser
1353 2969 1448 3018 als
1452 2980 1715 3030 Morgen¬
2143 2968 3136 3072 dem fidelen Schwank zu einem starken Heiterkeitserfolg.
1789 2989 2130 3045 theilungen werden
416 3005 1335 3065 Christine, die der künstlerischen Individualität
1335 3009 1716 3071 des iner Zeitung")-
2138 3004 3133 3102 Die Verfasserin wurde mit der Darstellerin der Olga,
1448 3054 1711 3109 rthschaftliche
424 3052 1440 3103 ulein Reingruber mehr entspricht als die Mizzi. Das
2123 3063 3127 3154 die Fräulein Dovsky in ihrer Person vereinigte,
423 3093 1720 3138 eresse für das Stück würde durch den Rollentausch sicher sd. Diese Mit¬
2129 3101 3126 3187 wiederholt gerufen und erhielt schöne Blumen¬
2124 3131 2327 3196 spenden.
409 3144 1455 3202 mehrt werden. Famos waren die drei gestern beschäftigten
2337 3152 3123 3228 — Auf diesen Schwank folgte Artur
577 3188 1452 3245 err Lackner ist nach Herrn Rittner „der
2112 3175 3123 3277 Schnitzlers „Liebelei“. Das Stück fand im Raimund¬
640 3230 1454 3277 dHerr Homma gibt Herrn Jarno als
2110 3223 3113 3320 theater durch Herrn Raeder eine äußerst
655 3267 1458 3332 s nach. Auch der „Weiring“ des Herrn
2119 3282 3111 3368 sorgfältige Inszenierung und übte einen starken Eindruck
655 3299 1453 3381 „Herr“ des Herrn Raeder dürfen als
2114 3323 3122 3425 auf das Publikum aus, das insbesondere durch die er¬
661 3353 1452 3418 eichnet werden, desgleichen die „Frau
2112 3359 3120 3448 schütternde dramatische Kraft der Niese im letzten Akt,
374 3399 522 3456 inder“
629 3406 1469 3476 rau Anatour. Trotzdem war der Beifall
2114 3398 3102 3491 mächtig hingerissen wurde. Die ganze Vorstellung war
351 3438 584 3513 recht mäßig.
2103 3431 3115 3542 diskret abgetönt und jeder einzelne auf der künstlerischen
2098 3493 3107 3568 Höhe seiner Aufgabe. Das Stück kann sich auch im
2100 3522 3116 3626 Raimundtheater sehen lassen und wird sich gewiß im Re¬
2098 3584 3102 3675 pertoire behaupten. Die Herren Jules, Lackner und
2105 3620 3101 3722 Homma und die Damen Reingruber und
2101 3653 3093 3763 Anatour gaben mit unserer Niese ein prächtiges
2091 3694 2307 3762 Ensemble.
2930 3740 3084 3797 V. Ch.
