3484 4224
394 154 674 228 Liebel
968 154 1275 242 box 13
268 144 787 268 5. 1
675 914 741 994 6
846 988 1209 1080 WIENEE HANDEI
969 1068 1210 1181 1. FEB.
659 1159 724 1234 2
414 1248 1542 1315 Kleines Theater. Samstag, den 1. Februar, halb 5 Uhr nach¬
350 1304 1552 1352 mittags, findet eine Vorstellung des Schülerseminars der Scala
350 1348 1556 1426 statt. Zur Aufführung gelangt „Liebelei“ von Artur Schnitzler mit
342 1396 1555 1458 den Damen Anna Maria Görh, Gerti Skodik, F und
343 1451 1559 1527 den Herren Richard Hager, Karl Hey, Artur Rierk, Regie Robert
328 1492 476 1571 Pirk.
409 1856 758 1930 Ausschnift aus,
695 1887 1318 1999 seues Wiener Jeurgel, Wier
396 2002 553 2078 vom
696 2017 1127 2144 2 FEB 1936
413 2137 1536 2213 (Elevenschule der Scala.) Die Elevenschule der Scala,
328 2207 1552 2268 die unter Leitung Professor Dr. Rudolf Beers steht, veranstaltete
338 2261 1548 2313 gestern nachmittag im Kleinen Theater ihre erste diesjährige
333 2298 1567 2356 Vorstellung, bei der Schnitzlers „Liebelei“ zur Aufführung
336 2339 1567 2402 gelangte. Es ist hemertenswert, daß sich die jungen Darsteller
336 2383 1552 2454 und Darstellerinnen sehr gut in den Ton dieses Schauspiels
338 2446 1554 2498 funden, das als künstlerischer Ausdruck einer Epoche für alle
335 2480 1558 2550 Zeiten die Wiener Gesellschaft um die Jahrhundertwende ab¬
328 2521 1552 2589 konterfeit hat. Unter den durchweg begabten Schülern sind wieder
342 2573 1564 2631 einige, die schon heute anerkennenswerte Fortschritte zeigen. Da
338 2617 1558 2687 ist vor allem die junge Gerti Skoda, die, aus einer Schau¬
334 2667 1560 2724 spielerfamilie stammend, mit viel Eigenart die berühmte Rolle
340 2729 1557 2785 der Mizzi Schlager spielt, während neben ihr Anna Maria
338 2768 1566 2820 György mit einem Schimmer von Sentimentalität die
335 2806 1582 2877 Christine verkörpert. Eine ganz reife Leistung, schon in An¬
336 2848 1574 2918 betracht der Jugend des Darstellers, ist der Weyring Karl
342 2903 1579 2969 Heys, und in Artur Rieck wächst ein sympathisch=jugendlicher
331 2953 1561 3028 Liebhaber heran. In den übrigen Rollen machten sich Franzi
336 3012 1575 3058 Seidler, Richard A. Hager und Hanno Zeiz vervient. Man er¬
331 3050 1571 3110 hielt jedenfalls von dem Schauspiel Schnitzlers auch in dieser
1434 3091 1553 3151 V.
343 3100 1010 3181 Elevenvorstellung starke Eindrücke.
2076 908 2909 1006 „OBSERVER'
2169 1011 2862 1063 I. österr. behördl. konzessioniertes
2138 1047 2877 1119 Unternehmen für Zeitungs-Ausschnitte
2201 1111 2824 1182 WIEN, I., WOLLZEILE 11
2275 1160 2757 1217 TELEPHON R-23-0-43
2079 1273 2446 1357 Ausschnitt aus:
2470 1335 2823 1444 dor Tag, Baes
2069 1493 2219 1586 vom:
2462 1468 2902 1586 —5 FEB 1936
2061 1696 2672 1787 Beer=Schüler spielen „Liebelei“
2160 1731 2958 1833 Wie jung, wie lebensnahe Schnitzlers
2069 1810 2960 1882 „Liebelei“ heute, nach mehr als vierzig Jahren,
2064 1854 2963 1933 noch ist, zeigte die Aufführung der Eleven¬
2067 1913 2950 1985 schule der Scala im Kleinen Theater. Man
2063 1968 2955 2018 merkte es auch den Darstellern an, mit wieveel
2055 2008 2963 2085 echter Begeisterung und Hingabe sie das Stück
2060 2152 2958 2211 spielten, wie sehr sie — wenigstens zum Teil —
2056 2196 2955 2268 fähig sind, die Schnitzlerschen Gestalten selbst zu
2059 2250 2966 2313 erleben. Das gilt vor allem für Karl Hey,
2049 2304 2942 2370 Gerty Skoda und Richard A. Hager. Karl
2056 2344 2954 2409 Hey ist ein in seiner stillen Art ergreifender
2048 2404 2949 2476 alter Weyring, ein Gentleman des Gefühls und
2057 2436 2948 2505 wirklicher verständnisvoller Güte. Und wirklich
2056 2496 2951 2566 liebenswert spielt der junge Hager den Theodor
2056 2545 2946 2605 Kaiser: ein frischer jugendlicher Naturbursch mit
2045 2601 2948 2658 Humor, Haltung und im entscheidenden Moment
2047 2656 2949 2711 zeigt er auch Gemüt. Vorläufig noch ein wenig
2051 2692 2950 2772 überlaut ist die Schlager Mizzi der Gerty Skoda,
2051 2735 2950 2822 aber sie ist der Typ des süßen Mädels. Anna
2045 2788 2941 2865 Maria György erfaßt die Rolle der Christine
2037 2840 2933 2916 mit dem Verstand; aber schon ihr Außeres steht
2043 2891 2933 2949 mit der Christine nicht im Einklang: dieses
2045 2939 2925 2996 intellektuelle Mädchen hat absolut nichts Volks¬
2041 2997 2935 3062 tümliches an sich. Die übrige Besetzung ist, mit
2042 3032 2941 3112 Ausnahme Franzi Seilers (Frau Binder),
2034 3092 2930 3159 ziemlich konventionell. Artur Rieck leiht dem
2044 3134 2927 3198 Fritz Lobheimer nicht viel mehr als eine gewisse
2041 3190 2937 3247 äußere Elegance, Hanno Zeiz müßte man noch
2041 3240 2917 3309 in einer anderen Rolle als in der des „Herrn“
2037 3284 2929 3361 sehen. Robert Pirks Regie ist dort am wirksam¬
2030 3351 2936 3413 sten, wo es gilt, das wienerisch=heitere Element
2016 3382 2271 3440 zu betonen.
2745 3405 2892 3462 —m—
