3344 4256
472 215 847 289 Liebelei
304 222 871 336 5. T
1003 216 1451 315 box 10/6
2411 459 2550 517 r
988 479 2299 551 hloß daher, von des #estaurateurs Georg Oelschideger sten
988 529 2598 585 glich der Alters= Brincher im Prüfungstermin den Forderungen ohne Vorrecht von
975 532 2602 647 er hinsichtlich der etwa 22000 M. eine Dividende von 18½ PCt. m zuistigen Falle in
1344 577 2627 670 Aussicht. 2) Der Handelsfrau Seima Levy in Firma Arthur
1341 637 2631 702 Wassernogel Nachs., stellte der Verwalter S.zieferdecker im Prü¬
1355 660 2599 748 fungstermin den vorrechtlosen Forderungen von 7442 M. eine
1349 696 2621 780 Dividende von 2,13 pCt in Aussicht. — Der Konkurs über
999 729 1144 808 on.
1354 735 2610 824 das Vermögen des Kaufmanns Heinrich Langer findet seine
1006 776 1334 846 hälter scheint
1340 765 2619 872 Beendigung durch einen Vergleich, durch den die Gläubiger 30 pCt.
992 826 1349 892 t zu haben. Das
1552 832 2160 939 Sene  e   eeeeee
1004 905 1059 956 *
1465 891 2622 999 Nach Schluß des ersten Aktes, in dim sich zwei grundlos auf
1358 959 2631 1046 einander eifersüchtige Ahepaare nach allen Regeln bekannter Bühnen¬
1011 952 1355 1036 e, so daß man
1364 1005 2628 1088 kunst herumgestritten hatten, hätte man glauben können, hier ginge
1006 1019 1354 1082 n kann. Das
1360 1032 2618 1136 ein französischer Schwanimacher zur Abwechselung einmal von der
1010 1061 1347 1139 rama schwer er¬
1373 1073 2627 1166 Voraussetzung aus, daß die eheliche Treue der norm le Zustand und der
1372 1108 2641 1202 Ehebruch eine Verirrung sei. Das wäre neu gewesen. Doch nur zu
1013 1144 1364 1217 1 Anerkennung.
1371 1154 2626 1246 bald wurde man von der Irrigkeit dieser Annahme überzeugt: es
1024 1196 1369 1259 effliche Scenen,
1371 1186 2638 1292 rufen sich in den späteren Akten die älteren Fheleute unter einander
1027 1237 1364 1301 es ganz jungen
1370 1218 2642 1321 als klassische Zeugen dafür an, daß der Ehebruch als das Normale
1021 1288 1363 1343 der Eifersuchts¬
1369 1265 2631 1367 und die Treue als Ausnahmen stand zu gelten habe. Damit fällt
1028 1323 1363 1388 das zwar hier
1018 1323 2635 1432 aber doch besser auch dieser Schwunt in die Kategorie jener Fabrikate, wie sie in
1383 1349 2663 1432 Paris zu Hunderten fertig gestellt und zu Dutzenben nach Berlin
1377 1381 2634 1465 importirt werden. Man kennt zur Genüge ihre Licht= und
1023 1410 1366 1472 ilten Oltin und
1374 1418 2637 1519 Schattenseiten, ihre flache Tendenz, ihren geschiekten. Scenen¬
1029 1447 1374 1514 rch patriotisches
1380 1451 2653 1549 bau, den fließenden, oft witzigen Dialog, und man erklärt sich schon
1027 1497 1367 1566 interesse abgeht,
1382 1492 2635 1588 befriedigt, wenn man wenigstens in dem episodischen Beiwerk auf
1031 1542 1379 1603 zurück, denn es
1388 1535 2642 1628 wirksame Varianten alter Themen stößt. Das Gandillotsche Stück
1036 1571 1387 1671 hte Liebe, was
1389 1576 2643 1668 enthält nur eine solche neue Episode, das ist die trockene Schwimm¬
1394 1614 2650 1717 stonde auf den Möbeln des Salons. Alles Uebrige ist nur Umstellung
1398 1672 2654 1747 alter Possenelemente. Daß trotzdem sehr viel gelacht wurde, ist der
1042 1653 1383 1734 Schauspielhaus
1383 1684 2651 1800 äußerst lebendigen Darstellung zu danken, an der Lesonders erfolgreich
1035 1716 1391 1780 Folenar als
1398 1732 2651 1826 die Herren Jarno und Kraus und die Damen Bertens und
1036 1751 1393 1823 irsky, Fräulein
2431 1772 2583 1840 L. C.
1035 1806 1396 1869 urg als deren
1388 1809 1825 1880 Lux betheiligt waren.
1043 1845 1404 1913 e Hauptrollen
1838 1859 2218 1932 Goethe=Theater.
1049 1888 1394 1962 kritischen An¬
1511 1884 2662 1980 Arthur Schnitzlers Schauspiel „Liebelei“, das längere
1047 1936 1397 2004 auch in den
1406 1939 2657 2030 Zeit hindurch mit großem Erfolge im Deutschen Theater gegeben wor¬
1049 1978 1389 2046 igliches. Herr
1414 2000 2672 2065 den ist, wurde Donnerstag, den 19. ?. M., zum ersten Male im
1065 2024 1402 2086 rtzer als der
1416 2017 2658 2105 Goethe=Theater aufgeführt. Die Rolle der Christine gab der Wiener
1058 2069 1407 2133 ick als der alte
1413 2056 2660 2137 Gast, Frl. Adele Sandrock. Die Schauspielerin ist ihren natür¬
1065 2108 1408 2168 als strebernde
1417 2094 2663 2180 lichen Anlagen nach zu sehr Heroine, um das anspruchslose Mädchen aus
1410 2139 2670 2218 dem Volke, dem seine Liebe ein und alles ist, völlig glaubhaft ver¬
1058 2149 1410 2214 ils gemüthliche
1415 2172 2676 2269 körpern zu können. Es fehlt ihrer Gestalt der leichte Fluß der Be¬
1057 2194 1406 2260 ervorgehoben zu
1423 2213 2673 2299 wegungen, ihrem Minenspiel die Weichheit des Ausdrucks, ihrer
1095 2234 1408 2302 ließ die Sach¬
1418 2235 2673 2338 Stimme die Biegsamkeit, im ganzen Naivetät und Anmuth. In ihrer
1072 2279 1408 2360 thknecht er¬
1426 2282 2677 2379 Erscheinung prägt sich mehr Willenskraft und Intellekt aus, als mit
1424 2331 2670 2413 dem nur seinen Instinkten folgenden Wiener Gretchen vereinbar
1090 2350 1415 2430 dritten Akt be¬
1596 2365 2683 2442 Was Fräulein Sandrock bot, wer demnach weniger
1416 2406 1573 2463 scheint.
1085 2410 1427 2479 gisseur Grube
1428 2414 2682 2493 die befriedigende Lösung einer gestellten Aufgabe als viel¬
1137 2451 1415 2520 iter, der sich
1435 2441 2694 2530 mehr ein interessantes Experiment. Wenn dennoch so starke Wir¬
1426 2487 2751 2579 kungen hervorgebracht wurden, wie das namentlich im letzten Akte bei—
1081 2500 1416 2564 irung um das
1428 2523 2690 2610 der Mittheilung Theodors von dem Schicksal des Geliebten geschah,
1089 2537 1416 2615 iß oft aufführen
1441 2557 2684 2647 so sind diese nächst dem durchdringenden Verstonde der Künstlerin ihrer
1072 2589 1417 2664 t sich durchaus,
1442 2587 2702 2687 bewundernswerthen Technik zu danken. Die mühsam verhaltenen Be¬
1188 2630 1338 2707 M.=F.
1443 2626 2692 2729 wegungen des krampfhaft zusammenzuckenden Körpers, das Weinen
1440 2679 2696 2762 und Schluchzen haben wir in solcher Vollendung bisher über¬
1438 2708 2691 2810 haupt noch nicht auf der Bühne dargestellt gesehen. Ein aus¬
1088 2751 1393 2824 ven Leo Gan
1436 2760 2688 2851 gezeichneter Partner des Frl. Sandrock war Herr Stahl als Fritz.
1088 2791 1439 2886 gesetzt von Josef
1433 2806 2693 2898 Diesem fast rührend melancholischen, von trüben Ahnungen geängstigten
1468 3348 2518 3498 — wen Sendred gestnt sol mit anenbauschen
1381 3425 2529 3568 Erfolge in Berlin. Die Künstlerin wird von der gesammten
1381 3482 2527 3617 Kritik begeistert gepriesen, vom Publicum bejubelt, und ihre Vor¬
1382 3514 2536 3672 stellungen erzielen enorme Einnahmen. Adele Sandrock feierte
1389 3554 2537 3705 an Der geiste Tinnhe in Schalites Achae umie
1386 3615 2543 3763 desselben „Abschiedssouper“. Die Hervorrufe konnten nicht gezählt
1397 3674 2544 3812 werden. Selten ist eine Schauspielerin in Berlin so empfangen
1386 3700 2561 3843 worden und konnte in so kurzer Zeit so sehr beliebt, ja beinahe
1398 3837 1728 3929 populär werden.
1955 3832 2194 3942 W
