3436 4320
430 22 567 90 Lie
246 18 915 124 5. ei
954 0 1377 98 box 10/5
1971 12 2713 98 Theater, Musik und Kunst.
2640 99 2699 175 9
2091 102 2574 192 Irving Place=Theaker.
1997 159 2719 238 Auf den künstlerischen Erfolg der ersten
2720 202 2900 294 A
1963 228 2721 296 Woche ihres Gastspiels darf Agnes
1971 267 2705 327 Sorma mit hoher Befriedigung zurück¬
1971 296 2888 386 blicken. Sie hat uns die Künstlerin in ####
1971 352 2703 410 zwei verschiedenen Frauengestalten gezeigt'
1972 405 2703 447 deren einander prächtig ergänzende Eigen¬
1977 436 2714 488 schaften ein helles Licht auf die bedeutsame
1975 478 2723 541 Darstellungskunst des Gastes geworfen
1975 526 2110 587 haben.
2011 554 2712 614 Daß sie mit ihrer „Nora“ den weitaus
1969 607 2711 657 stärkeren Eindruck gemacht hat, liegt
1980 644 2716 698 in der Natur des Ibsen'schen Schauspiels
1977 690 2721 737 mit seiner nervenfolternden Spannung
1979 730 2725 777 der Handlung. Was aber daneben ihre
1984 770 2721 828 „Christine“ in dem Schnitzler'schen Volks¬
1983 813 2727 864 stück: „Liebelei“ an kraftvollen Effekten
1976 865 2725 909 einbüßt, das gewinnt sie in gleich hohem
1969 897 2714 956 Maße durch den Reiz der schlichten, un¬
1980 939 2730 991 mittelbaren Intimität, in der das einfache
1989 983 2727 1036 Herzensleben dieses jungen Mädchens vor
1978 1022 2730 1075 uns entfaltet und durch Agnes Sorma in
1979 1062 2723 1137 köstlicher Innerlichkeit zur Darstellung ge¬
1978 1109 2224 1165 bracht wird.
2008 1141 2728 1197 Freilich ist der Reiz nur vorhanden für
1977 1196 2724 1250 diejenigen, welche Empfänglichkeit und
1986 1234 2731 1301 Verständniß besitzen für den dichterischen
1980 1276 2735 1329 Werth dieses ganzen, schlicht= realen
1974 1313 2720 1375 Genre's moderner Bühnen = Poesie, d. h.
1987 1358 2735 1408 mittelbar für den Verzicht auf jegliche
1986 1408 2735 1459 starke sogenannte Theaterwirkung, die sich
1987 1449 2739 1507 nicht mit absoluter, widerspruchsloser Na¬
1984 1485 2734 1544 türlichkeit aus dem Verlauf einfacher, le¬
1988 1527 2557 1589 benswahrer Geschehnisse ergiebt.
2018 1549 2731 1618 In Arthur Schnitzler's „Liebelei“ ist
1982 1610 2747 1664 die Gestalt der Christine, ist das Herzens¬
1980 1651 2736 1706 leben dieses unscheinbaren Mädchens aus
1988 1692 2728 1749 dem Volke das Stück. Alle anderen Fi¬
1984 1738 2737 1792 guren geben nur den Hintergrund ab, auf
1982 1777 2736 1836 dem sich die Gestalt der schlichten Musi¬
1990 1828 2742 1872 kantentochter und ihr Liebesgeschick relief¬
1991 1861 2740 1917 artig abheben. Nicht als ob diese ande¬
1985 1906 2740 1954 ren Figuren dadurch für Dichtung und
1978 1951 2746 1994 Darstellung zur Nebensache würden.
1993 1983 2742 2038 Durchaus nicht. Wie jedes wirkliche Re¬
1994 2026 2749 2081 lief mit seinem Grunde engverwachsen ist,
1995 2067 2754 2128 so steht auch hier und in allen Bühnen¬
1998 2120 2751 2165 dichtungen des Genre's,sei es durch kon¬
1995 2158 2742 2207 trastirende, sei es durch ergänzende Eigen¬
1998 2196 2740 2252 schaften und Stimmungen, die Central¬
2000 2238 2729 2295 figur der Dichtung im intimsten Zusam¬
2001 2283 2735 2340 menhang mit den anderen,wird sie erst mit
1996 2321 2743 2379 ihnen und durch sie und ihr Milieu voll
1987 2368 2409 2426 und ganz verständlich.
2024 2405 2744 2465 Für die unmittelbare Wirkung dieser Art
1994 2456 2741 2504 von Stücken ist es unerläßlich, daß Dich¬
1994 2493 2755 2545 tung und Darstellung für die Stimmung,
1993 2530 2753 2579 für die Atmosphäre sorgen, welche über dem
1990 2581 2748 2623 Ganzen liegen muß; natürlich mit Varian¬
2000 2610 2748 2665 ten in den wechselnden Soenen und Auf¬
1990 2659 2755 2718 züge. Im ersten Akt des Schnitzler'schen
1993 2693 2754 2750 Werkes z. B. haben wir das Souper der bei¬
1987 2722 2755 2791 den jungen Leute mit ihren Liebchen. In¬
1995 2774 2750 2838 deß Lust und Freude wollen nicht recht auf¬
1999 2827 2764 2870 kommen. Bei Christine nicht, welche von
1999 2876 2753 2911 Natur sentimental veranlagt ist und nur
2005 2907 2757 2955 zu voller Daseinslust erwachen könnte,
2009 2942 2761 2995 wenn Alles um sie herum wolkenlos wäre.
2007 2986 2765 3043 Aber wie sollte das sein? Sie hat sich ja in
2000 3036 2767 3079 inniger Liebe einem Manne ganz ergeben,
2006 3073 2763 3115 von dem sie weiß, daß er sie früher oder spä¬
2008 3101 2758 3161 ter verlassen wird; daß die Seligkeit ihres
1998 3154 2753 3198 Liebesglückes nur vorübergehend sein wird.
2019 3193 2761 3246 Eine Nakur, wie die ihre, kann dieses kurze
2015 3238 2765 3287 Glück nicht ungetrübt genießen. Und vol¬
1999 3276 2757 3320 lens an diesem Abend nicht, wo nicht nur
2018 3310 2754 3358 unklare Ahnungen ihr Herz bedrücken,son¬
1999 3351 2756 3396 dern bereits in der bestimmteren Gestalt
2007 3393 2767 3448 einer geheimnißvollen schönen Nebenbuhle¬
2011 3444 2761 3482 rin am Horizont auftauchen. Der Eine,der
2005 3482 2768 3529 alle diese Sorgenwolken am Himmel ver¬
2003 3512 2757 3582 scheuchen könnte, ihr geliebter Fritz, ist selbst
2010 3554 2762 3606 nicht mehr frei davon. Auch auf seiner
2008 3594 2770 3656 Stimmung liegt ein Schatten. Er ist der
2005 3638 2771 3687 Liebelei mit dem Mädchen aus dem Volke
2004 3670 2773 3738 bereits überdrüssig, er mag ihre tiefsenti¬
2017 3719 2768 3780 mentale Art, sich zu geben, nicht mehr; er
2009 3758 2777 3811 liegt bereits in den Fesseln eines anderen,
2016 3802 2769 3860 eines „interessanten“ Weibes und nur in
2017 3834 2765 3894 Christinen's unmittelbarer Nähe erwachen
2016 3881 2773 3938 wieder wärmere Gefühle für sie. Zudem ist
2015 3923 2766 3975 bereits eine Gefahr in Sicht getreten. Das
2668 3965 2728 3991 914
2033 3969 2158 4013 Hereing
