3484 4256
850 199 1301 298 box 13/6
305 208 711 290 Liebelei
301 258 735 337 Sernenntenrenerennennennenehe
385 515 907 642 Salzburger Volksblatt.
722 598 777 671 3
427 597 693 704 42 DeT.
215 770 1318 857 5Paula Wessely, deren Kunst auch in Salzburg zahlreiche
217 828 1320 911 isterte Freunde besitzt, ist von ihrem Berliner Gastspiel
215 888 1311 947 Wien zurückgekehrt. Sie wird in der nächsten Zeit in dem
213 923 1331 997 kuspiel „Heilige Johanna“ von Shaw im Theater in der
217 973 1325 1050 fstadt auftreten. Frau Wessely hat diese Rolle auch in
206 1021 1330 1101 in gespielt, will sie aber für Wien neu und auf die wiene¬
216 1070 1327 1148 eNote hin eingestellt interpretieren. Während ihres Auf¬
202 1120 1326 1190 altes in Berlin hat die Künstlerin eine Reihe von An¬
209 1165 1325 1239 en erhalten. So wurde sie aufgefordert, im Frühsommer
207 1208 1332 1290 kondon in einem Stück aufzutreten. Das Stück soll in
220 1259 1324 1350 scher Sprache aufgeführt werden. Dieser Antrag bedeutet
226 1311 1339 1394 große Anerkennung für die Künstlerin, weil die deutschen
208 1364 1329 1445 uspieler, die bisher nach London berufen wurden, in eng¬
215 1406 1328 1482 er Sprache spielen mußten. Es ist der Künstlerin frei¬
212 1460 1338 1543 ellt, welches Stück sie für London spielen will. In Betracht
222 1529 1343 1583 gen ist die „Liebelei“ von Schnitzler. Frau Wessely hat
218 1568 1330 1634 einen Filmantrag nach Hollywood erhatten, wo ihr Part¬
204 1619 1365 1715 er Willi Forst sein soll. Dieser Einladung gegenüber verhält
216 1679 1370 1770 h die Künstlerin bisher zurückhaltend. Hingegen wird sie in
218 1730 1375 1814 inem Film mitwirken, der in Wien bei der Sascha gedreht
214 1771 1375 1870 ird. Der Titel lautet „Frauenhände“, das Buch stammt
210 1849 632 1920 n Wauer Reisch.
321 2034 1157 2151 „OBSERVER
399 2119 1091 2204 I. österr. behördl. konzessioniertes
376 2169 1132 2267 Unternehmen für Zeitungs-Ausschnitte
438 2224 1078 2319 WIEN, I., WOLLZEHE 11
504 2281 991 2367 TELEPHON R-23-0-43
345 2428 720 2528 Aussehpitt aus
717 2470 1304 2583 des Wiener Jouznal, Wien
352 2518 514 2671 88
357 2607 882 2749 vonh 4 DEk. 1688
366 2707 1265 2909 „Walzertraum“ in London.
308 2841 1445 2946 Aus London wird uns gemeldet: Im Winter¬
223 2880 1436 3020 [garben=Theater wird gegenwärtig eine Jeprise des
223 2932 1442 3074 [„Walzertraums“ von Oskar Straus vorbereitet. Die be¬
233 2978 1450 3112 rühmte Operette ist hier seit dem Kriege nicht mehr gespielt
224 3054 1461 3169 worden. Lea Seidl, die bekannte Wiener Künstlerin, wird die
231 3104 1459 3197 Hauptrolle darstellen, Willy Eichberger, der durch den
238 3128 1443 3238 Tauber=Film rasch populär gewordene Wiener Bonvivant, wird
240 3186 1446 3299 ihr Partner sein. Interessanterweise sind die übrigen Haupt¬
238 3212 1459 3345 rollen mit den gleichen Künstlern besetzt, die dem Premieren¬
241 3270 1455 3387 ensemble bei der Erstaufführung des „Walzertraums“ vor mehr
229 3333 1462 3456 als dreiundzwanzig Jahren angehörten. Edward Royce, der
232 3369 1464 3507 Regisseur, inszenierte diesen Welterfolg auch im Jahre 1911 mit
228 3429 1464 3560 dem Komiker W. H. Berry, dem Kalchas in Reinhardts
237 3480 1461 3590 „Helena", in der Rolle des Grafen Lothar, Madeline
239 3516 1462 3648 [Seymour und Bertram Wallis gehörten damals auch
256 3567 1468 3683 dem Ensemble an und kreierten später die Hauptrollen im
255 3610 1479 3734 „Graf von Luxemburg“. Die Probeneindrücke können die
253 3659 1481 3771 allgemeine Meinung, daß der „Walzertraum“ auch Anno 1934
266 3706 1483 3830 der große Weihnachtsschlager werden wird, nur bestätigen. Lea
268 3773 1481 3885 Seidl beabsichtigt übrigens, nach der auf einige Monate an¬
246 3813 1491 3943 gesetzten Aufführung noch eine Reihe anderer Wiener Operetten
258 3854 1486 3984 herauszubringen. Ihr großer Erfolg als Friederike und als
261 3908 1489 4030 Rößlwirtin im Vorjahr ist den Londonern noch in bester Er¬
271 3954 1496 4057 innerung. Das Singspiel „Liebelei“, das Oskar Straus nach
275 4014 1500 4123 Schnitzlers Schauspiel vertont, wird im Januar des nächsten
1335 4082 1492 4143 S
253 4067 1199 4180 Jahres=seme Erstaufführung in London erleben.
1968 330 2109 399 P  G
1795 335 2629 430 JODSERVER
1887 413 2588 485 I. österr. behördl. konzessioniertes
1863 471 2613 533 Unternehmen für Zeitungs-Ausschnitte
1920 511 2536 595 WIEN, I., WOLLZLILE 11
1996 572 2488 639 TELEPHON R-23-0-43
2169 625 2293 676 Meimein Zuauie
1823 688 2183 788 Ausschnitt aus:
1913 729 2627 927 Ar. SCHAr-APrie
1834 927 2006 994 vom:
2182 931 2626 1067 4 5 DL 1934
1753 1132 2307 1226 Wiener Gastspiel in Londen
1840 1205 2721 1262 Im Mat oder- Juni kommenden Jahres wird
1752 1240 2733 1310 während der Londoner Season ein Ensemble=Gast¬
1759 1291 2722 1341 spiel des Theaters in der Josefstadt an einer Lon¬
1754 1332 2713 1395 doner Bühne veranstaltet werden Es sollen „Die
1757 1369 2710 1414 heilige Johanna“ von Bernard Shaw, ferner Ger¬
1751 1420 2713 1465 hart Hauptmanns „Rose Berndt“ und Schnitzlers
1751 1453 2711 1507 „Liebelei“ in der Besetzung der Josefstädter Bühn¬
1763 1508 2724 1570 mit Paula Wessely in den Hauptrollen zur Auf¬
1758 1527 2202 1590 führung gelängen.
2192 1555 2301 1608 —.—
2073 1580 2172 1632 AADE BINT
2263 1588 2354 1672 910
1766 1763 2619 1872 „OBSERVER
1872 1852 2576 1921 I. österr, behördl. konzessioniertes
1831 1884 2605 1973 Unternehmen für Zeitungs-Ausschnitte
1916 1948 2533 2031 WIEN, I., WOLLZEILE 11
1979 2011 2456 2070 TELEPHON R-23-0-43
1794 2138 2164 2224 Ausschnitt aus:
2014 2152 2616 2312 ihe fierse 1.=4. Kien
2170 2304 2599 2422 2 7.DEZ. 1334
1786 2356 1943 2445 vom:
1812 2545 2645 2653 THE·WALTZ-DREAM‘ IN
2059 2619 2387 2696 LONDON
1877 2672 2637 2742 The interesting news come from
1829 2719 2623 2790 London that the Wintergarden ise pre¬
1828 2754 2625 2832 paring a repreduction of Oskar Straus'
1841 2790 2633 2862 world-famous operetta, the Waltz¬
1834 2832 2629 2910 Dream', London music lovers have not
1824 2894 2634 2934 had a chance of hearing the tuneful
1839 2914 2640 2981 musical play since the War and it is
1832 2960 2643 3028 hoped that its former huge success will
1830 2998 2632 3056 now be repeated. A number of Viennese
1841 3036 2641 3099 artists will take part in the production.
1838 3068 2648 3134 Chief among them is the charming Lea
1840 3114 2645 3183 Seidl who will sing and play the female
1841 3160 2633 3226 lead. Willy Eichberger, the comedian,
1841 3194 2645 3254 who scored sc notable a success in the
1850 3232 2637 3298 recent Tauber film, will be her partner.
1841 3279 2637 3348 It is rather interesting to learn that
1838 3312 2641 3397 many parts will be taken by the same
1843 3364 2641 3421 artists who were in the cast more than
1844 3398 2648 3464 23 years ago, when the operetta was
1851 3440 2648 3499 first performed in Londen. Edward
1854 3479 2648 3549 Royce, the stage director, officiated in
1857 3519 2655 3584 the same capacity in 1911. Lea Seidl is
1860 3558 2650 3615 a great favourite with London theatre
1850 3600 2653 3655 goers. She is also a very enterprising
1856 3638 2649 3704 woman and is planning to bring out in
1861 3689 2656 3748 London a number of other Viennese
1861 3717 2647 3787 operettas. It will be recalled that che
1868 3758 2659 3827 scored a notable success in Lehar’s
1867 3797 2651 3852 Friederike“, and, last year, as the
1865 3835 2656 3906 Rösslwirtin“ in the White Horse Inn.
1865 3875 2655 3946 It is also reported that the “song-play''
1877 3913 2651 3982 “Liebelei“ which was fashioned by
1874 3956 2670 4020 Oskar Straus after Schnitzier’s famous
1859 3993 2652 4061 play will havc its first performande in
1867 4028 2667 4118 London in January of the coming year.
