3248 4320
925 153 1345 248 box 10/1
381 161 762 231 Liebelei
233 169 364 241 5.
707 355 1111 435 #Ju
722 440 810 477 F*
338 444 1223 537 Notre correspondant de Vienne nous écrit:
346 500 1207 568 Le Burgtheater vient de remporter un grand
317 552 1200 613 succès avec unc piéce en trois acles d’un jeune au¬
319 580 1205 641 teur viennois, M. Arthur Schnitzler, qui jusqu'ici
317 617 1205 676 n’avait écrit que des nouvelles et de courts romans,
313 660 989 716 dont l’apparition avait fait sensation.
347 663 1218 738 Liebelei, passe-temps amoureug telle est le
309 709 1210 775 titre de cette comédie trés moderne, dont les trois
314 751 1206 801 actes se passent à Vienne. Une jeune ouvrière
329 786 1211 848 viennoise aime un jeune homme de la bonne so¬
226 1164 982 1243 DiIsolR 12 SCPOBRE 1895
1212 1290 1376 1360 Searl
512 1288 1138 1375 #enacten#cet amour, con“
310 1689 1422 1779 Max Karfunkel's Nachrichten-Bureau, Argus“
393 1767 1363 1856 Berlin C., Poststrasse 29. Telephon V, 1227.
1156 1832 1345 1915 Paris.
753 1835 1079 1913 New-Vork.
416 1840 658 1917 London.
335 1906 1436 1985 (Liest alle Zeitungen der Welt und liefert ans denselben
514 1960 1233 2024 Ausschnitte über jeden Gegenstand.)
605 2156 1050 2267 Vossische Zis¬
751 2275 1055 2406 Berlik
703 2452 1031 2555 12007.95
338 2548 1494 2609 Wien, 10. Oktober. (Eig. Nitth.) Im Burgtheater hatten
314 2600 1459 2656 gestern zwei psychologische Studien, eine italienische und eine
317 2629 1463 2680 wienerische, einen hübschen äußern Erfolg. Das einaktige Schau¬
316 2680 1460 2723 spiel „Rechte der Seele“ von Giacosa schildert eine Frau,
319 2718 1459 2765 die ihre Liebe der ehelichen Treue geopfert hat. Der Liebhaber
322 2749 1464 2795 hat sich erschossen, weil seine Liebe nicht Erhörung fand. Seine
318 2792 1467 2839 Briefe wecken die Eifersucht des Gatten, der nun auch dem
318 2833 1458 2876 Todten gegenüber den Kürzeren zieht. Seine Frau verläßt ihn,
319 2865 1460 2906 weil er mit rauher Hand die Geheimnisse ihrer Seele ent¬
326 2898 1459 2952 hüllte. Die Psychologie bleibt hier ganz im Theoretischen stecken.
318 2944 1459 2990 Das Stück ist der letzten Szene der „Nora“ verwandt.
1132 2987 1468 3032 spitzfindig senti¬
319 2981 1136 3026 Weder der wehleidige Gatte noch die
317 3020 1467 3074 mentale Gattin wecken das Mitgefühl. Die meisterhafte Dar¬
317 3059 1475 3112 stellung durch Herrn Hartmann und Frau Hohenfels rettete
324 3096 1473 3148 die Dichtung. Auch das zweite Stück hatte vorwiegend einen
318 3134 1465 3186 Darstellungserfolg. Die „Liebelei“ von Arthur Schnitzler
314 3170 1477 3226 behandelt mit viel Stimmungsmalerei, aber rührselig und in un¬
325 3217 1474 3265 sicher tastender Führung dasselbe Motiv, das Theodor Fontaue
319 3249 1470 3299 mit der Hand des echten Dichters und dem Blick des Menschen¬
316 3294 1475 3343 ergründers schlicht und recht in den Irrungen, Wirrungen“ aus¬
322 3332 1481 3380 gestaltet hat: das Lebens= und Liebesschicksal der Grisette. Sie nimmt
313 3371 1473 3417 bei Schnitzler die Liebelei, die zhr ein Lebeknabe bietet, vertenfelt
319 3411 1468 3459 ernst und geht in den Tod, als sie erfährt, er sei
319 3450 1470 3486 in einem Duell, das er wegen seiner Beziehungen zu einer ver¬
319 3493 1471 3539 heiratheten Frau auszufechten hatte, getödtet worden. Das Gegen¬
323 3527 1467 3581 spiel hat eine zweite Grisette, die das kurze Liebesglück von der
325 3568 1470 3625 leichten Seite nimmt und dabei gut wegkommt. Die lebens¬
327 3601 1458 3653 wahre Unmoral der Geschichte, die bei Fontane körperhaft ge¬
321 3650 1479 3691 staltet ist, wird hier dem alten Vater der unglücklichen Lieb¬
322 3679 1475 3723 haberin, einem armen Theatergeiger, in den Mund gelegt. Ein
326 3715 1465 3765 modernisirtes Klärchen hat einen zeitgemäßen Musikus Miller
314 3751 1481 3815 zum Vater. Fräulein Adele Sandrock, deren gereifter Kunst
325 3792 1467 3838 man das Noviziat in der Liebelei nicht recht glauben wollte, er¬
318 3830 1491 3883 griff in den Szenen der Verzweiflung, und Herr Sonnenthal
325 3871 1133 3933 machte als Vater Geiger die Thräuen fließen.
333 3911 957 3958 #eusum
2130 1424 2546 1579 Iu. #l
2660 1561 2880 1642 Seite 3.
1932 1581 2346 1670 14. Oetober 1895.
1727 1634 1767 1712 *
1789 1653 2988 1746 jkommen, wie etwa ein Mehlsack aus dem Magazin. Der Mann, der
1815 1706 2985 1795 einige Zeit in Wien zugebracht hat, soll nachhaltige Eindrücke in
1723 1770 2989 1839 tes seine Heimat mitnehmen, die Zeit seines Lebens fortwirken. Dann
1825 1805 2949 1890 weiß wenigstens der Soldat, warum er in Wien in Garnison war.
1734 1836 1814 1904 ige¬
1731 1889 1819 1950 ner
2050 1881 2764 1979 Aus dem Souffleurkasten.
1724 1937 1817 1998 der
2348 1962 2446 2026 IV.
1719 1984 1822 2056 „den
1980 2001 2993 2081 Kinder, könnt Ihr's erwarten? Ich nicht. Ich vergeh'
1728 2037 1823 2100 der
1830 2059 2998 2128 schier vor Sehnsucht nach der gnädigen Frau v. Wolter und zähle
1735 2072 1811 2141 ge¬
1823 2094 3007 2177 die Tage bis zu dem weihevollen Augenblicke, in welchem sie wieder
1720 2131 1819 2195 Der
1837 2139 3009 2221 als „Sappho“ oder „Adelheid“ auf den heiligen Brettern des k. k. Hof¬
1723 2180 1821 2235 ajor
1833 2184 3011 2281 burgtheaters stehen und durch ihre gewiß classische Darstellungsweise,
1726 2222 1823 2285 stär¬
1837 2243 3011 2323 aber auch durch die Macht ihrer unvergänglichen Jugend und die
1720 2272 1815 2341 ieler
1836 2281 3012 2378 Fülle ihrer herrlichen Reize das p. t. Publicum berücken und be¬
1837 2327 3013 2413 zaubern wird. Da wird uns seit einem Jahre schon fast täglich in
1844 2374 3009 2464 einem anderen Schurnal versichert, daß die gnädigste Frau Gräsin
1717 2405 1826 2474 ziers¬
1834 2416 3016 2513 wieder gesund, wieder — nein, noch immer blühend, noch immer schön
1722 2472 1829 2525 tiers¬
1839 2462 3010 2564 und nach wie vor von einem künstlerischen Schaffensdrang erfüllt ist
1725 2514 1836 2571 wie
1727 2519 3009 2601 deres — geh'n S' Frau Holefka, edle Gönnerin, Keuscheste aller Garderobie¬
1840 2569 3019 2646 rinnen, holen S' die Madame Mayer, ich bitt' Sie, bei dem jugend¬
1719 2600 1830 2674 frache
1838 2614 3016 2698 lichen Ungestüm, dem Geknospe und Getriebe — wer kann wissen,
1723 2656 1839 2719 wvelche
1724 2661 3019 2760 itisch, was da dabei noch herauskommt! Diese ewige Inaussichtstellerei macht
1733 2710 3011 2803 sehr! Einen ja ganz nervös und verstimmt, auch die Fräulein Adele Sand¬
1728 2749 3015 2835 n der rock, die endlich wissen möcht', ob sich ihr Verhältniß zum k. k. Hof¬
1856 2827 3024 2900 burgtheater in ein leschitimes gestalten wird, denn — allen Respect
1757 2847 1839 2908 noch
1858 2853 3026 2938 vor Herrn Dr. Schnitzler — so in der Luft hängende Liebeleien hat's
1731 2896 1835 2951 trittes
1733 2903 3031 2987 ie Re=schon satt, die Fräulein Sandrock. „Es ist kein Verbrechen, geliebt
1860 2972 3028 3051 haben, noch viel weniger ist es eines, geliebt worden sein“ wie wir
1730 2986 1852 3058 er im
1861 3008 3022 3085 uns mit dieser Landsmännin der Sisters Barrison, dieser „Miß Sara
1739 3043 1842 3096 prache
1743 3055 2852 3170 ffieiere Sampson“ 4. Act, 8. Scene, classisch auszudrücken pflegen.
2745 3133 3035 3194 ###s Thaater
