3344 4224
453 82 840 173 N· DE DEBIT
239 203 472 269 Ertrait de
635 192 1068 285 BALZAC
524 258 1159 356 Faub. Montmartre, 10, IX•
244 294 427 375 idresse
243 389 391 469 Date
587 357 1148 494 15 OCTOBRE 1933
260 485 566 566 Stonature
214 589 506 664 Expostkion: —
1848 709 2693 775 petits-enfants se souviennent à peine de
1014 704 1834 784 Si c’en était encore la mode, cette pièce
132 735 985 815 THEATRE DE LATHENEE: Prière
1856 758 2690 813 lui, son fils s’empresse auprès de Cécile
990 761 1834 838 porterait un sous-titre, ce serait: Prière
162 782 976 858 bour les Fivanis, piece en trois actes de
1857 801 2701 862 Viroy qui n’'a pas oublié le chemin de la
987 812 1835 886 pour les Vivants ou la Vie d'un Homme.
158 824 982 892 M. Jacours Drvar. — THEATRE DU
1841 845 2706 922 maison, un autre petit Massoubre vient
988 855 1838 918 Il s’agit, bien entendu, d’un homme ordi¬
171 868 974 941 VIEUX-COLOMBIER: Libelei, piece
1848 895 2094 948 de naftre
981 902 1837 953 naire, d’un homme comme nous pourrions
165 920 969 973 en trois actes d’ARTHUR ScHINITZLER,
1896 921 2703 989 Ainsi, l’on a beau répéter de génération
980 925 1851 999 Pou comme nous pouvons en être un, vons
156 954 972 1034 traduite et adaptée par Mme S. GhAUzER.
1852 972 2704 1041 en génération la prière pour les vivants,
996 984 1840 1043 ou moi, toutes choses égales d’ailleurs. Un
1854 1013 2691 1071 ceux-ci n’en restent pas moins tres sem¬
147 1004 980 1092 L'Athénée fait sa réouverture vraie
991 1037 1834 1089 Français moyen, dirait-on, si, de l’origine
1851 1056 2703 1121 blables aux morts qui les ont précédés.
117 1068 984 1127 avec une Guvie d'un ton quelque pen
987 1072 1839 1137 de sa vogue présente, cette expression ne
1848 1098 2700 1158 On pense hien, par ailleurs, que l'histoire
126 1113 984 1162 différent du ton ordinaire de cette salle
986 1113 1833 1192 gardait un sehs vraiment trop humiliant,
1852 1152 2700 1215 de cette vie sans crime et sans vertu pa¬
989 1167 1845 1230 a la fois mystique, prétentieux et neutre.
120 1155 979 1217 habituellement gaie. Après Le Paradis
1856 1183 2695 1251 raftra un peu Apre à certains. C’est avec
128 1201 982 1259 berdu, Prière pour les Vivants pourra sur¬
1037 1201 1838 1280 Pierre Massoubre nait en 1873, comme
1857 1224 2705 1298 méfiance, avec géne que l’on considère
133 1246 989 1312 prendre. Heureuse surprise d’ailleurs, car
987 1269 1848 1323 la troisième République ou presque, d’un
1856 1270 2696 1326 ce qui rappelle trop exactement ce qu’on
131 1289 995 1337 si le Paradis de M. Paul Gavault était
1859 1322 2705 1378 aimerait oublier. On croit au bien ou l’on
991 1317 1837 1378 petit bourgeois que la joie d’être père
134 1333 992 1390 farci de bonnes grosses qualités et. repar¬
988 1355 1848 1426 n’empéche pas de coucher avec sa bonne
1862 1353 2704 1420 croit au mal. Mais il est rare que l’on
131 1366 986 1443 ties, la nouvelle pièce de M. Jacques Deval
1007 1410 1854 1459 et de courtiser, des le premier jour, la
1864 1397 2710 1466 consente à s’avouer les curieux mélanges
137 1417 983 1478 suppose tout autre chose. De tant de
996 1444 1857 1502 nourrice de son fils. Brave homme, au
1857 1442 2711 1496 que l’on fait sans cesse de l'un et de l'autre.
137 1464 984 1514 comédies diverses qu'il a déjà écrites et
1004 1486 1848 1546 demeurant, bon citoyen. Sa mère meurt
1861 1488 2711 1549 La pièce de M. Jacques Deval, émouvante
141 1503 993 1569 dont aucune ne peut laisser indifférent,
1001 1535 1853 1587 peu aprés. Pierre est mis en pension au
1863 1533 2715 1583 et forte, tres habilement découpée en ta¬
1013 1573 1854 1640 lycée, l'un des sombres lycées d’alors. Ni
1871 1572 2717 1632 bleaux dont le nombre ne nuit pas à son
1856 1613 2727 1680 unité, touche juste et profondément. Elle
1009 1620 1857 1684 pire, ni meilleur que les autres, il trouve
1004 1666 1853 1729 pourtant moyen de trahir l'amitié de l’un
1866 1648 2721 1721 donne la sensation physique de la durée,
1001 1701 1853 1765 de ses camarades, un réveur et un faible
1862 1705 2722 1759 du temps qui passe et le tragique quoti¬
1010 1748 1856 1816 persécuté par les autres. Et tout cela pour
1869 1746 2721 1824 dien des genérations qui se chevauchent
1011 1790 1861 1848 cräner, pour étre, déjà, du côté des plus
1860 1799 2243 1863 et qui se suivent.
1908 1809 2721 1897 La distribution comprend environ qua¬
1004 1840 1868 1896 forts. Anticipation de ce qu’on nomme la
1008 1874 1858 1944 lutte pour la vie. Peu après, étudiant, son
1860 1871 2712 1931 rante noms. On regrette de ne pouvoir,
1003 1926 1850 1986 premier amour est aussi son premier cha¬
1868 1926 2713 1978 faute de place, tous les citer. Mais il faut
1005 1963 1855 2030 grin, amour et chagrin qu'il oublie vite
1874 1957 2711 2037 louer MM. Palau, Argentin, Georges Rollin,
500 1964 739 2080 14
1009 2001 1863 2066 dans les bras accueillants de la première
1869 2007 2718 2072 Robert Vattier. M. Jacques Baumer est
1869 2046 2718 2112 Pierre Massoubre a partir de l’äge
1015 2051 1858 2104 venue. Quand il a fini ses études, il se
1862 2085 2722 2164 d’homme. Mmes Yolande Lafon, si sen¬
1020 2088 1859 2161 marie, Voici armé pour la vie ce jeune
1883 2132 2724 2210 sible et si juste, Marche Mellot et Ger¬
1007 2126 1859 2188 bourgeois arriviste. Mais, pour l’instant,
1019 2179 1865 2248 c’est la gene dans le ménage et mème un
1015 2221 1875 2289 peu plus. Dans les affaires, on ne gagne
1012 2269 1868 2326 guère d’argent si l’on n’a pas d’argent.
162 2240 331 2368 2
401 2289 568 2372 De
1012 2309 1881 2354 Et le père Massoubre aui amasse un bel
1011 2343 1874 2409 héritage, ne'veut pas lächer un son de son
592 2348 641 2399 —
756 2358 863 2452 K
1025 2395 1879 2457 vivant. Tant que Pierre lui chipe son
1015 2424 1888 2500 portefeuille pour manger d’abord, sa
1019 2480 1875 2537 femme et lui, et puis pour faire construire
1021 2503 1885 2584 une machine dont il est l’inventeur. Tel
390 2570 482 2638 17
1032 2562 1879 2623 est le début d’une fortune qui croft rapi¬
1029 2610 1885 2672 dement. Nous sommes en rooz. Dés 1014,
1022 2646 1891 2716 à 41 ans, Pierre Massouhre riche à son
1032 2672 1894 2755 tour se montre égoiste, inconscient avec
188 2669 947 2788 A Dageor-Roussenrn
1025 2735 1881 2787 une entière bonne humeur et un bel équi¬
159 2757 1007 2854 Jacouzs Baumzn dans Prière pour les oicants.
1029 2778 1892 2842 libre. II confie ses enfants aux dofnestiques
1040 2842 1887 2890 et trompe sa femme, notamment avec la
153 2833 1020 2911 c’est peut-étre celle-ci qui affirme le plus
1035 2864 1885 2926 meilleure amie de celle-ci. Pourtant, celle¬
157 2896 1018 2968 profondément les dons, la maitrise et la
1033 2919 1885 2975 la est la seule qu'il aime vraiment. Sa mort
162 2944 1019 2995 philosophie de cet auteur sans illusions.
1038 2955 1896 3022 prématurée lui cause un chagrin profond et
150 2992 1025 3039 Et en tout cas, elle fait sürement connaftre
1031 2994 1891 3051 véritable. Le temps passe. La guerre sur¬
156 3029 1023 3090 qu'il deit étre tenu pour l'un des premiers
1043 3051 1897 3099 vient. De cet événement tout de méme
170 3083 704 3148 du théätre contemporain.
1034 3098 1888 3142 d’une certaine importance, M. Jacques
189 3096 1023 3186 La Prière pour les Vivants est cette
1039 3131 1895 3196 Deval ne montre rien. C’est par pudeur,
156 3152 1019 3223 prière que l’on récite sans interruption au
1032 3175 1905 3243 peut-être, car elle parait avoir un peu trop
162 3201 1024 3263 Carmel pour attirer, au moment de leur
1041 3224 1890 3274 bien réussi à Pierre Massoubre. Nous le
158 3249 1027 3324 naissance, la protection divine sur tous
1046 3261 1898 3324 retrouvons en 1023 non plus riche, mais
159 3287 1020 3367 Ies enfants qui naissent à chaque instant
1040 3290 1905 3358 opulent. II a 5o ans et il est tres occupé
165 3342 1019 3398 dans le monde, pour qu'ils soient forts
1033 3338 1902 3412 à rester jenne. II marche avec son temps.
175 3382 1027 3438 contre la tentation, pour qu'ils mènent
1040 3396 1904 3446 La vie est belle, intense. Pierre a des mai¬
176 3427 1030 3489 üne bonne vie et qu’ils fassent une bonne
1049 3440 1899 3496 tresses et il traite son fils en camarade
179 3465 1023 3529 mort. Comment, la plupart du temps, les
1051 3475 1903 3540 jusqu'au jour, ou, marié à son tour et
170 3510 1038 3575 hommes répondent-ils äce von ardent et
1048 3523 1893 3584 père de famille, Robert Massouhre évince
175 3550 1034 3609 raisonnable de la religion? En vivant,
1037 3559 1905 3631 son père des conseils d’administration de
174 3592 1037 3660 non pas tournés vers le ciel, mais au jour
1051 3600 1901 3658 ses propres affaires. C’est ainsi que l’on
171 3635 1041 3694 le jeur et impatients, sur cette terre, d’un
1040 3650 1896 3705 se transmet le flambeau dans la famille;
178 3676 1041 3744 avenir supposé meilleur s’il comble leurs
1054 3689 1704 3763 le plus jeune l’arrache à l’autre.
178 3720 1036 3797 ambitions et leurs désirs. Puis, la mort les
1083 3739 1905 3821 Ecceuré, mais toujours accroché à la
169 3763 1042 3846 surprend qui, trés vite, ne laisse plus rien
1048 3804 1906 3863 vie, Pierre Massoubre va partir en voyage
175 3807 1039 3873 d’enx qu'un souvenir imprécis et mesquin
1045 3842 1901 3906 avec Cécile Viroy — Mlle Junie Astor,
1996 3842 2521 3922 h.Dageol-Nonsseavz
184 3853 1036 3922 jusque dans la mémoire de leurs enfants.
1058 3884 1899 3947 qui joue ce röle est à la fois fine et belle —
178 3894 1030 3964 Après quoi, ceux-ci et les enfants de leurs
1989 3912 2649 3999 LunmiuLa Prroßer dans Libelei.
1050 3921 1906 3989 à qui il ne peut plus demander, au cours
177 3933 1040 3998 enfants recommencent la mème agitation
1051 3983 1896 4034 de leurs rendez-vous, que de le laisser
183 3986 1033 4054 pour le méme résultat. C’est ce sentiment
1050 4002 2761 4066 contempler son buste nu. Mais une conges-I maine Auger, adroite et intelligente comé¬
308 4022 1044 4076 de la vanité de l’existence aue M. Tac¬
2702 682 3288 769 qui est aussi bonne comédie
2714 750 3289 814 semme, et Mlle Vera Markels
2753 792 3292 855 II nous reste bien peuc
2715 836 3271 895 parler du spectacle de
2715 868 3288 935 M. et Mmne Pitoöff désormay
2709 923 3288 982 théätre du Vieux-Colombier
2716 960 3288 1021 dans cette salle illustrée pa
2717 1009 3287 1069 Copeau en jouant Libele
2720 1052 3293 1109 d’Arthur Schnitzler connu
2714 1085 3287 1150 public parce qu'on en a ré
2714 1137 3272 1195 un film. Libeler vent dire
2718 1181 3288 1244 amour sans importance. Mais
2720 1216 3293 1281 pas avec l’amour; c’est ce
2710 1250 3293 1320 de nouveau montré. Mme Lu
2724 1309 3288 1357 a trouvé là un de ces röles d
2711 1349 3288 1406 la simplicité déchirante de
2727 1381 3300 1448 merveille. Elle est fort bien
2718 1431 3276 1496 MM. Marcel Herrand et
2723 1472 3292 1550 Mmes Nora Sylvère et Agne
3080 1529 3286 1612 Paut. Ch
2804 1659 3301 1822 ARPEG
2758 1833 3279 1920 Deux nouveautés viennent di
2737 1893 3291 1954 collection Maitres de la mus
2730 1930 3282 1990 moderne s (Rieder): notez que
2724 1975 3286 2034 a icila valeur d’un programme,
2727 2013 3291 2072 certaine élasticité dans la fag
2730 2050 3297 2107 mot a maitre e, nous promet aus
2734 2080 3298 2138 nieme série aux noms trop connu#
2733 2126 3270 2184 ouvrage sur Erik Satie. Ne
2737 2139 3299 2220 pas s’il lut un maitre, ou memdh
2728 2201 3295 2255 En Iui cohabitaient deux hommen
2735 2240 3289 2297 rester distiucts: T’humoriste et
2728 2274 3299 2329 malheur, ils voulurent pactiser.
2739 2316 3291 2371 cuvres nybrides, dont le texten
2731 2351 3293 2414 pond nullement aux commental
2736 2402 3294 2445 T’accompagnent. De plus, les atta
2741 2431 3287 2490 contribuerent à pousser Satie
2727 2459 3291 2526 d’avant-garde peu falt pour Jul
2724 2510 3291 2567 la jeunesse turbulente qui gra
2724 2543 3297 2600 M. Cocteau, un vertige de mod
2733 2587 3301 2642 du sölltalre d'Arcuell. Lul, aus
2735 2624 3291 2679 vingtième année, révélé le do
2737 2659 3298 2722 Gymnopedies, sombra dans des
2739 2700 3290 2758 mées par les dadaistes, mais ##
2732 2739 3291 2798 point à l’existence de cet éphen
2774 2779 3288 2832 Si lelivre apologétique de M. 7
2728 2819 3291 2878 pas à nous convaincre il est bon
2739 2857 3297 2912 êté écrit, fixant peu apres la m
2740 2898 3290 2947 des points qui seralent devenus
2733 2937 3289 3001 suite. Aussurplus, il est fort amt
2817 2979 3293 3048 Peu de livres ont été écrl##
2740 3023 3294 3083 Grieg; celui de Mme V. Rorseth
2744 3070 3293 3116 le bienvenu. La tendresse qu'elle
2738 3101 3281 3150 musicien ne l’empéche pas d
2749 3140 3286 3192 clairvoyance ses défauts, dus en
2736 3179 3292 3236 tion qu'il reçut à Leipzig. Peu
2746 3220 3289 3272 lui reprocher parfols un léger n
2746 3247 3298 3310 pour parler d’un artiste quf en¬
2746 3289 3290 3345 fils spirikuel des ménétriers villa
2744 3333 3288 3396 étalt, commegenx, porteur d'
2750 3369 3283 3429 chargé dergaveur populaire;
2748 3410 3292 3466 s’égarer en des pièces symphoni
2736 3450 3286 3504 fut tonjours trop grand pour luf
2739 3487 3292 3541 meme trouvé maintes mélodles
2739 3527 3291 3582 fraicheurdont beaucoup de
2740 3568 3212 3626 ## sauvenirdarfs la suite.
2834 3607 3289 3665 Un livre qu'on lira avec u
2746 3647 3291 3706 la correspondance de Liszt et
2754 3694 3295 3742 est celni que le comte du Mon
2749 3737 3286 3777 cré à leur fille, Cosima Wagm
2750 3769 3289 3820 entiérement sur le ton panégyt
2749 3811 3294 3856 d’une documentation impression
2751 3848 3290 3892 avec précision devant nous ie
2766 3887 3293 3942 et sa compagne. On nous prome
2765 3920 3297 3972 qui nous éclairera sur Tactivité
2766 3961 3299 4010 semme Stonnante, quand elle fü
2754 4001 3302 4046 Leuvre. De mème au'elle avaih
3183 4039 3261 4105 1
