3436 4192
373 134 723 213 Liebelei
188 136 1344 266 5. Lresce1 box 12/4
1559 972 2444 1069 Perosl hervorgegunge.
2784 1006 3277 1082 Dieses Ziel unverruckrs
349 1011 1543 1084 ihrer Wähler, heun Tifreschängen in Anwesenheit des
1528 1014 2730 1119 shungen an Material für das Friedenswerk in
2723 1058 3289 1140 aber über den Weg, auf
1529 1083 2414 1141 Böhmen bereits gesichert erscheint.
342 1079 1540 1145 Fürsten Thun ablehnten, haben politisch ins Schwarze
2710 1121 3209 1190 lässiger Weise
1616 1106 2712 1179 Die Beratungen der Regierung mit den beteiligten
355 1129 1531 1194 getroffen. Mit dem Fürsten Thun wird der Ausgleich
2710 1159 3296 1228 werden kann, kein
352 1180 1532 1249 nicht gemacht werden können; das ist die klare Folge¬
1521 1161 2704 1235 Landesparteien sollen sich auch keineswegs auf einen bloß
2703 1221 3293 1279 Lassen Sie mich, meine h#
345 1222 1535 1298 rung aus dem raschen Abbruche der „Vorbesprechungen“.
1535 1226 2704 1292 insormativen Charakter in dem Sinne beschränken, als
2709 1253 3255 1332 Ueberzeugung Ausdruck
1525 1268 2712 1345 ob es sich lediglich darum handeln würde, durch eine Art
2710 1302 3271 1376 anderes Mittel, d
1538 1319 2711 1399 Expertise die Staatsverwaltung über die herrschenden
393 1318 1504 1405 Die Mitteilung der Regierung über die
2702 1350 3296 1441 wieder mit der lebendigen
1538 1367 2350 1434 politischen Auffassungen zu orientieren.
615 1395 1303 1472 heutigen Besprechungen.
2700 1399 3290 1474 erfüllen, als die He
1624 1402 2713 1482 Ich habe Sie nicht nur als Fachleute und Kenner
2706 1441 3289 1519 nalen Ordnung. Nich
425 1432 1535 1527 Heute vormittag um 10 Uhr hatten sich die Vertreter
1529 1453 2712 1504 dor Materie zu mir gebeten, sondern vor allem als
349 1490 1533 1562 der czechischen Parteien, und zwar der jungczechischen,
2703 1499 3286 1575 Königreiche die äußeren F#
1532 1505 2708 1563 Vectrauensmänner der Bevölkerung,
2707 1545 3294 1625 wiederzugeben. Die gegenn
342 1536 1537 1614 der agrarischen und der altczechischen Partei beim
1532 1542 2704 1622 als Exponenten der nationalen Wünsche
334 1595 3280 1664 Ministerpräsidenten Grafen Stürgkh zur Einleitungs= und Bestrebungen. Unterstützt durch den Herrn tungen, die immerhin eine
341 1702 1532 1768 bunte Wechsel, die bequeme Wieherkehr kurzer Ton¬
1519 1706 2710 1765 hundert hemdärmelige Wendungen stemmen sich, die Ge¬
2701 1702 3295 1782 das Unheil naht. Die Szen
343 1747 1523 1833 folgen, Motive und Melodiechen im Orchester, in die der
1529 1745 2709 1813 fahr komischer Wirkung heraufbeschwörend, der Unverhält¬
2700 1765 3291 1831 übertriebenem Akzent, ges
344 1798 1520 1863 Sänger nach Bedarf einfällt. Neumanns Dialogmotive
1523 1800 2706 1880 nismäßigkeit, mit Orchesterbegleitung opernmäßig vorge¬
2704 1805 3295 1875 Tamtamklängen und bald
344 1852 1520 1908 wissen sich immerhin durch gutmusikalischen Zuschnitt,
1522 1845 2644 1906 tragen zu werden, entgegen. Unvermeidlich werden g
2704 1861 3258 1918 den Bläserakkorden läßt
329 1889 1524 1966 durch Anspruchslosigkeit und Knappheit angenehm zu
1516 1894 2710 1970 zwungene Betonungen, Verbiegungen der Rhythmik.
2701 1890 3288 1971 dramatischer Spannung leis
344 1940 1524 1998 machen; sich ein bischen bloßzustellen, ist erst der breiter
1522 1937 2487 2010 Loben wir noch rasch an Neumanns
2468 1940 2694 2012 Partitur,
2700 1952 3297 2017 den Musiser vor die subtile,
324 1983 1515 2060 gesponnenen Gesangsmelodie sentimentalen und dramalisch¬
2578 1986 2698 2052 mit
1520 1989 2591 2051 daß sie nur vereinzelt unter das Niveau sinkt,
2699 1996 3268 2067 gabe, aus der gemischten
332 2035 1526 2115 pathetischen Gepräges vorbehalten. Schwer war die geistige
1531 2026 2707 2096 sicherer, sorgfältiger Technik gearbeitet ist und un¬
2702 2037 3252 2109 Lustigkeit auf schwülem H
338 2082 1522 2152 Atmosphäre des Schauspiels zu bezwingen, seine
1519 2090 2698 2152 gezwungen die Stimmung mancher Situationen trifft, am
2703 2090 3206 2167 Herzenstöne loszulösen.
336 2107 1531 2184 wienerische Anmut, seine feine Melancholie, der leise
1524 2128 2707 2197 besten jener, die bloß mittlerer Empfindungsgrade be¬
2699 2143 3129 2207 am Klavier erklingt,
332 2170 1516 2228 Gemütston, der hinter unscheinbaren Worten schwingt, und
1525 2160 2701 2251 dürfen. Das Orchester, immer gut klingend, reich an
2703 2189 3126 2268 den Viertelnoten, we
338 2222 1526 2274 noch schwerer der tragische Ton, der bei Schnitzler stets ein
1526 2217 2699 2288 farbigen, charakteristischen und witzigen Details, kennt
2695 2238 3125 2297 gehoben, hinter ihr
332 2264 1520 2321 unpathetischer bleibt. Hier berühren wir überhaupt eines
1517 2266 2697 2346 alle modernen Mittel, und eine Tugend der Musik leuchtet
2702 2288 3139 2354 erheblich zurück. Ih
334 2310 1521 2372 der oberiten Hemmnisie einer Komposition von Schnitzlers
1512 2310 2496 2383 besonders hervor: sie gibt ehrlich, was sie hat.
2697 2336 3244 2395 forderliche Abschiedsstimmu
344 2352 1528 2415 Schauspiel, auch für Musiker, die an solchen Stellen nicht
1596 2344 2696 2449 Aus gutem Grunde konnte der Komponist
2693 2370 3286 2454 Niederprasseln der drohende
335 2406 1523 2457 wie Franz Neumann in äußerliche, leere Opernphrasen
1518 2390 1629 2479 im
1611 2416 2616 2497 leichten, flüssigen Konversationston, zumal
2697 2432 2978 2509 hang senkt.
338 2455 1522 2526 fallen würden. Des Dichters Natürlichkeitsstil unterstreicht
1515 2458 2698 2527 heiter gefärbten des ersten Aktes, sein Bestes
338 2504 1525 2566 nirgends, trägt nirgends auf; der Musiker muß es
1524 2513 1684 2572 bieten.
1690 2491 2710 2574 Hübsch der einleitende Sechsachteltakt der
2764 2493 3281 2584 In der Einleitung zun
335 2545 1518 2604 beinahe. Eine peinliche Vergröberung wird die Folge;
1514 2557 2701 2632 Leichtlebigkeit, nett die paar hüpfenden Polkatakte die
2692 2552 3220 2628 mütliche G=Dur=Sätzchen
332 2593 1523 2673 wir empfinden sie, wenn nicht mit dem Dichter, für
1510 2591 2700 2658 den Eintritt der Schlager=Mizzi beg.eiten. Es bekommt
2699 2581 3293 2679 ständlich: von Christinen
334 2645 626 2717 den Dichter.
1515 2640 2698 2717 der Muse des Komponisten, wenn sie sich leichter schürzt.
2697 2642 3287 2718 daß er Schubert verehrt. S
1510 2693 2704 2773 Mit einem schlichten As-Dur=Dreivierteltakt wird, mehr
422 2677 1518 2779 Fährlichkeiten ergaben sich schon aus dem
2691 2702 3281 2776 füßige Sechszehntelnotenfuge
1520 2762 2697 2810 gemütlich als gemütvoll, Christine eingeführt. Ihr senti¬
325 2734 1512 2810 wortreichen, absichtsvoll die Sprache des Alltags
2693 2758 3262 2825 hindeuten? Das System
1516 2790 2692 2860 mentales F=Dur=Duett mit Fritz ist nicht sehr belangvoll
329 2804 1516 2885 festhaltenden Prosadialog. Charpentiers Prosaroman
2696 2801 3249 2863 neuerdings ein; aber
1516 2842 2692 2904 mit seinen Versetzungen, doch im Orchester warm gebettet.
2685 2833 3293 2916 Vater Weirings sticht hervo#
338 2849 1522 2907 „Luise“ war doch immer noch für die Musik bestimmt,
1514 2892 2690 2968 Mündete es nur nicht in eine so leere Opernphrase!
2697 2882 3283 2951 und Christine mußte das Li
336 2884 1520 2958 und der Dialog jungitalienischer Opernbücher ist immer
1513 2921 2693 3009 Hübsch das schlichte Volksliedchen, das Christine am
2687 2942 3266 3012 selbstverständlich. Allein die
326 2946 1528 2998 noch gebundene Libretto=Rede. Wie viel musikwidrige,
1525 2983 2701 3056 Klavier singt. Es stellt den einzigen Zuwachs zum
2688 2993 3278 3065 Diktion, die ursprünglich ni
343 2991 1523 3053 unlyrische, unfeierliche Worte und Wendungen, wie viel
1524 3019 2693 3105 Original vor; stammt aus dem Lochheimer Liederbuch.
2692 3034 3293 3098 sich auch hier. Die musik
337 3035 1521 3097 Worte überhaupt hatte die Musik von „Liebelei“ unter¬
1512 3080 2688 3131 Die Wiener Note wird mit einem Walzer angeschlagen,
2686 3078 3248 3174 lyrisch=dramatische Linie, v
324 3092 1526 3156 zubringen, in Rhythmus und Periode zu zwängen. Wieder¬
1510 3125 2704 3201 der zuerst mehr spanisch klingt, sich aber im zweiten Teil
2694 3131 3244 3192 schwer fertig zu kriegen.
342 3141 1511 3196 holt blieb ihr nichts übrig, als über ganze Sätze rhythmus¬
1514 3195 2686 3257 auf Strauß besinnt. Amüsante Details, nicht unliebens¬
2686 3173 3257 3247 gleich die D=Dur=Kantilene
338 3185 1521 3241 los hinwegzugaloppieren. Sätze wie: „Du, Sennhütten
1517 3226 2694 3293 würdig behandelt, treten hinzu; auch der Doppeladler¬
2681 3229 3286 3293 als nobel, der widerstrebende
333 3235 1524 3301 gibt's auf Kukurnzfeldern keine“ wollen, auch in leichtem
1519 3275 2688 3337 marsch, dessen lokalkoloristische Funktion schon vom Dichter
2688 3281 3289 3348 Stelle muß für viel konven
336 3257 1527 3348 Parlando über gleichgültigen Orchestermotiven gesungen,
330 3345 3280 3396 nicht recht angeben. Solcher Stellen aibt es ungezählte; vorgesehen war. Da klingelts: der gewisse Herr erscheint. De überdies wiederholt 3
