3484 4256
438 175 794 245 iebelei
225 157 1368 275 5. Lie#####e1 box 12//7
1898 941 2921 1020 tag, für die nicht einmal — ein Unfug, der immer
1099 922 1758 1046 Badisches Landestheater.
1907 994 2920 1049 mehr einreißt —, ein verantwortlicher Spielleiter
1004 1027 1920 1100 Neu eingeübt: Liebelei von Schnitzler.
1908 1033 2918 1085 zeichnete. Da keiner der Mitwirkenden den Wiener
1915 1080 2930 1127 Dialekt auch nur annähernd beherrschte, so fehlte dem
944 1068 1920 1143 In seiner Liebele; hat Schnitzteres, nie
1928 1111 2913 1165 Stück zunachst einmal die zu einer vollen Wirkung so
919 1124 1914 1176 zu Ende geführtes Thema aufgegriffen: Das Ver¬
1920 1159 2927 1201 unumgänglich notwendige Wiener Lokalsärbung. Daß
918 1163 1915 1213 hältnis des gesellschaftlich höher stehenden Mannes zu
1922 1192 2924 1244 die Mehrzahl unsrer gegenwärtigen Schauspieler
913 1205 1916 1250 dem einfachen Mädchen aus dem Volke. Goethes Gret¬
1927 1231 2929 1283 nördlich des Mains geboren ist, für diesen Zufall
912 1254 1917 1291 chen und Klärchen — Schnitzlers Christine und Hart¬
774 1247 874 1292 15
1918 1275 2925 1329 kann man die Bühnenleitung gewiß nicht verantwort¬
924 1279 1917 1323 lebens Traute, es sind im Grunde immer dieselben
918 1308 2918 1373 Gestalten und dieselben stragischen Konflikte dieserflich machen. Aber wenn dies nun einmal der Fal
1917 1352 2917 1399 ist, dann gebe man lieber solche Stücke nicht, derei
911 1352 1919 1407 Liebestragödien. Um die Jahrhundertwende, als
1920 1390 2920 1437 Rollen von so ausgesprochen norddeutsch sprechender
911 1389 1928 1443 Hartleben seine bitter=süßen Lore=Lieder sang und
1917 1426 2908 1486 Künstlern wie Herr Bürkner einfach nicht aus
924 1431 1915 1475 Vierbaum seine Plättmamsell und Münchener
1918 1475 2921 1516 reichend gegeben werden können. Herr Bürkner, den
921 1459 1921 1515 Gschpusis andichtete, da hat diese Verhältnispoesie,
1926 1500 2926 1558 man den österreichischen Dragoner nun und
919 1513 1919 1563 die in keiner noch so dürftigen Studentenbibiliothek
1921 1539 2911 1593 nimmer glauben konnte, brachte für den Fritz wenig¬
914 1547 1914 1593 fehlte, in manchen Köpfen und manchen Herzen böses
825 1545 880 1605 2
1916 1566 2926 1633 stens noch eine gewisse leichte Eleganz mit, die bei
928 1583 1918 1645 Unheil angerichtet. Denn nicht immer lagen die Dinge
1915 1617 2922 1674 dem Theodor des Herrn Schönseld völlig fehlte.
929 1626 1717 1685 so leicht, wie Otto Erich einmal meinte:
682 1656 774 1700 —
1925 1660 2930 1720 In den wundervollen, von feinstem Stimmungszauber
946 1658 1793 1723 Wenn wir uns küssen, lieben wir uns heiß —
1917 1703 2934 1755 durchwehten ersten Szenen stieg er, die Hände ewig
957 1707 1819 1751 Sind wir getrennt, vom andern keines weiß.
1906 1742 2933 1792 auf den Rücken gelegt, auf der Bühne herum mit
967 1750 1823 1796 Ist das die echte Lieb? Ich glaub es kaum —
1902 1777 2937 1845 einer behäbigen Gemütlichkeit, die vielmehr zu einem
955 1777 1851 1849 Den Wein der Jugend krönet leichter Schaum.
1917 1817 2924 1868 gutmütigen Onkel=Privatier denn zu einem leicht¬
965 1818 1920 1879 In seiner Liebelei, die um 1895 entstand, hat
1930 1863 2932 1911 lebigen Wiener Studenten paßte. Ueber diese Steif¬
923 1874 1911 1923 Schnitzler die düstere Kehrseite dieser tändelnden
1915 1892 2928 1946 heit und Schwerfälligkeit kam er auch den ganzen
931 1913 1921 1959 Süßen Mädels=Poesie gezeigt, das tragische Schicksal
1916 1936 2931 1995 Abend nicht hinaus. Die einzige, die den leichten
922 1951 1920 2003 eines tief veranlagten Mädchens, das der Hunger nach
1924 1979 2921 2022 Wiener Ton wenigstens einigermaßen traf, war Frl.
910 1986 1920 2034 D ein bißchen Lebensfreude in das Studentenverhältnis¬
1912 2014 2931 2058 [Noormann als Mizzi. Als Christine zeigte Frl.
923 2037 1916 2081 milien hineingetrieben hat und das an der Liebe zu
1924 2055 2931 2105 Holm leider, wo die Grenzen ihres Könnens liegen.
916 2073 1906 2115 einem jungen Mann, für den sie letzten Endes nue
1922 2099 2899 2146 Das Tiefe und Schwermütige, das keusche Empfin¬
912 2100 1921 2150 ein Zeitvertreib gewesen, zugrunde geht. Ihr Ge¬
1919 2133 2907 2191 dungsleben dieses reinen, feinen Mädchens vermochte
920 2138 1910 2188 liebter fällt im Duell für eine andere. Kein Zeichen
1929 2170 2917 2223 sie nicht glaubhaft zum Ausdruck zu bringen. Mit
921 2177 1918 2224 der Liebe hat er ihr hinterlassen. Als er am
1930 2203 2925 2259 einem traurig=sentimentalen Gesicht allein ist es nicht
921 2218 1921 2276 Morgen hinausfährt, um sich dem von ihm betrogenen
1921 2242 2931 2306 getan. Erst in der Schlußszene gelang es der Dar¬
924 2257 1917 2314 Gatten im Zweikampf zu stellen, da hat er auch von
1926 2281 2933 2346 stellerin, eine beachtenswerte künstlerische Höhe zu er¬
914 2287 1916 2347 Ihr gesprochen. Dieses furchtbare Bekenuntis des
1930 2322 2922 2384 reichen. Die einzig wirklich stark und plastisch wir¬
918 2327 1906 2381 Freundes ist der erschütternde Höhepunkt des Schau¬
1915 2367 2915 2419 kende Gestalt stellte Herr Gemmecke mit seinem
926 2373 1921 2432 spiels, das gerade durch seine alltägliche Einfachheit
1918 2411 2926 2470 alten Weiring auf die Bühne. Die Frau Binder der
916 2418 1630 2468 auch heute noch so ergreifend wirkt.
965 2446 2918 2503 Vor etwa zehn Jahren haben wir hier die Liebelet! Frau Pix blieb in der Schablone stecken. Die kleine
918 2491 1913 2534 in einer vorzüglichen Besetzung zum letztenmal ge¬
1926 2509 2919 2583 wurde in Wien einst von keinem Geringeren als
912 2533 1913 2578 sehen. Wenn ich nicht irre, wirkten damals neben
919 2562 1915 2626 Frl. Noormann, die auch am Samstag wiederum
1921 2552 2924 2607 Friedrich Mitterwurzer verkörpert. Er soll aus dieser
912 2608 1917 2655 die Mizzi gab, die Herren Krones und Herz, sowie
1918 2602 2921 2652 kurzen Szene eine Tragödie für sich geschaffen haben.
922 2649 1920 2700 Frau Ermarth als Christine mit. Die damalige Auf¬
1929 2645 2941 2718 Auch diese Szene verpuffte am Samstag ziemlich!
911 2672 2175 2737 führung stand turmhoch über jener vom letzten Sams= eindruckslos.
1986 3110 2981 3177 Den ganzen Abend wollte keine rechte Stimmung,
1941 3121 2969 3215 auskommen, weder auf der Bühne noch im Hause.
1950 3194 2953 3246 Lediglich Frl. Noorman erzielte mit ihrer Mizzi einen
1950 3228 2953 3284 vielfach unangebrachten und störenden Heiterkeits¬
1956 3264 2952 3324 erfolg. Daß unser Schauspiel mit dieser Liebelei¬
1953 3298 2176 3351 vorstellung
2180 3304 2286 3351 im
2296 3309 2958 3365 Sommer Gastspielreisen durchs
1949 3334 2958 3409 Badnerland unternahm, stimmt uns recht bedenk¬
1949 3367 2054 3432 lich.
2856 3391 2925 3448 J.
