<?xml version="1.0" encoding="UTF-8" standalone="yes"?>
<PcGts xmlns="http://schema.primaresearch.org/PAGE/gts/pagecontent/2013-07-15" xmlns:xsi="http://www.w3.org/2001/XMLSchema-instance" xsi:schemaLocation="http://schema.primaresearch.org/PAGE/gts/pagecontent/2013-07-15 http://schema.primaresearch.org/PAGE/gts/pagecontent/2013-07-15/pagecontent.xsd">
    <Metadata>
        <Creator>prov=University of Rostock/Institute of Mathematics/CITlab/Gundram Leifert/gundram.leifert@uni-rostock.de:name=ONB_Newseye_GT_M1+(htr_id=10810)::::v=2.4.2
prov=University of Rostock/Institute of Mathematics/CITlab/Tobias Gruening/tobias.gruening@uni-rostock.de:name=de.uros.citlab.module.baseline2polygon.B2PSeamMultiOriented:v=2.4.2
prov=University of Rostock/Institute of Mathematics/CITlab/Tobias Gruening/tobias.gruening@uni-rostock.de:name=/mnt/transkribus/LA/DEA/URO/LA_news_onb_att.pb:de.uros.citlab.segmentation.CITlab_LA_ML:v=2.4.2
Transkribus</Creator>
        <Created>2019-10-07T11:55:54.398+02:00</Created>
        <LastChange>2019-10-09T08:27:43.856+02:00</LastChange>
        <TranskribusMetadata docId="223992" pageId="9508459" pageNr="870" tsid="16631182" status="IN_PROGRESS" userId="40391" imgUrl="https://files.transkribus.eu/Get?id=RUPWLQQDUBXYQQQFQDBOMOWM&amp;fileType=view" xmlUrl="https://files.transkribus.eu/Get?id=MILAHJQTBZIVNDJIPPLIZNNC" imageId="6197763"/>
    </Metadata>
    <Page imageFilename="223992_0870.jpeg" imageWidth="3436" imageHeight="4320">
        <ReadingOrder>
            <OrderedGroup id="ro_1711446037682" caption="Regions reading order">
                <RegionRefIndexed index="0" regionRef="r1"/>
                <RegionRefIndexed index="1" regionRef="r2"/>
            </OrderedGroup>
        </ReadingOrder>
        <TextRegion orientation="0.0" id="r1" custom="readingOrder {index:0;}">
            <Coords points="268,242 268,3934 1669,3934 1669,242"/>
            <TextLine id="r1l1" custom="readingOrder {index:0;}">
                <Coords points="261,274 744,281 744,235 668,211 632,231 461,202 375,257 319,213 261,207"/>
                <Baseline points="268,262 294,266 320,268 346,269 372,271 398,271 424,271 450,271 476,270 502,269 528,268 554,267 580,267 606,266 632,266 658,266 684,267 710,267 737,270"/>
                <TextEquiv>
                    <Unicode>5. Liebele</Unicode>
                </TextEquiv>
            </TextLine>
            <TextLine id="r1l2" custom="readingOrder {index:1;}">
                <Coords points="953,268 1107,296 1150,279 1173,294 1220,283 1287,304 1395,287 1396,241 1347,219 1321,229 1308,216 1193,214 1080,243 1006,210 953,237"/>
                <Baseline points="960,270 985,270 1010,270 1035,271 1060,271 1085,272 1111,272 1136,273 1161,274 1186,274 1211,275 1236,276 1262,276 1287,277 1312,277 1337,278 1362,278 1388,278"/>
                <TextEquiv>
                    <Unicode>box 11/4</Unicode>
                </TextEquiv>
            </TextLine>
            <TextLine id="r1l3" custom="readingOrder {index:2;}">
                <Coords points="417,321 484,301 544,317 595,305 608,315 687,311 704,324 723,313 805,318 806,274 417,270"/>
                <Baseline points="425,287 451,289 478,290 505,291 531,292 558,293 585,294 612,295 638,295 665,295 692,295 718,295 745,294 772,294 799,292"/>
                <TextEquiv>
                    <Unicode></Unicode>
                </TextEquiv>
            </TextLine>
            <TextLine id="r1l4" custom="readingOrder {index:3;}">
                <Coords points="1103,518 1170,545 1478,538 1478,468 1419,459 1270,483 1197,464 1134,485 1102,477"/>
                <Baseline points="1110,519 1135,518 1161,517 1187,516 1212,516 1238,516 1264,515 1290,515 1315,515 1341,515 1367,516 1392,516 1418,516 1444,516 1470,517"/>
                <TextEquiv>
                    <Unicode>Telephon 12.801.</Unicode>
                </TextEquiv>
            </TextLine>
            <TextLine id="r1l5" custom="readingOrder {index:4;}">
                <Coords points="1219,634 1229,635 1232,638 1237,634 1240,636 1249,635 1250,637 1255,632 1265,633 1268,596 1259,595 1253,601 1239,604 1230,596 1221,596"/>
                <Baseline points="1227,622 1258,624"/>
                <TextEquiv>
                    <Unicode></Unicode>
                </TextEquiv>
            </TextLine>
            <TextLine id="r1l6" custom="readingOrder {index:5;}">
                <Coords points="388,628 411,639 429,634 454,644 477,632 534,639 536,604 527,604 521,597 503,607 479,605 469,596 446,606 389,601"/>
                <Baseline points="395,626 421,625 447,626 474,628 500,631 527,632"/>
                <TextEquiv>
                    <Unicode>S</Unicode>
                </TextEquiv>
            </TextLine>
            <TextLine id="r1l7" custom="readingOrder {index:6;}">
                <Coords points="533,666 641,691 1003,659 1034,686 1180,686 1232,666 1233,581 1089,551 1033,580 917,552 801,582 701,568 621,629 534,633"/>
                <Baseline points="541,656 575,657 609,659 643,660 677,661 711,662 745,663 780,663 814,664 848,664 882,665 916,665 950,666 984,666 1019,667 1053,667 1087,668 1121,668 1155,669 1189,670 1224,671"/>
                <TextEquiv>
                    <Unicode> „OBSERVER“</Unicode>
                </TextEquiv>
            </TextLine>
            <TextLine id="r1l8" custom="readingOrder {index:7;}">
                <Coords points="388,732 1388,749 1465,739 1466,699 388,699"/>
                <Baseline points="395,730 448,730 501,730 554,730 607,731 660,731 713,732 767,732 820,733 873,734 926,734 979,735 1032,735 1085,736 1139,736 1192,736 1245,736 1298,735 1351,735 1404,733 1458,732"/>
                <TextEquiv>
                    <Unicode>1 österr. behördl. konz. Unternehmen für Zeitungs-Ausschnitte</Unicode>
                </TextEquiv>
            </TextLine>
            <TextLine id="r1l9" custom="readingOrder {index:8;}">
                <Coords points="528,801 686,829 803,807 1313,828 1364,803 1364,765 1297,747 989,771 764,741 700,775 528,747"/>
                <Baseline points="535,794 576,796 617,798 658,799 699,800 740,800 781,801 822,801 863,801 904,801 945,801 986,801 1027,801 1068,801 1109,801 1150,801 1191,801 1232,801 1273,801 1314,802 1356,803"/>
                <TextEquiv>
                    <Unicode>Wien, I., Concordiaplatz 4.</Unicode>
                </TextEquiv>
            </TextLine>
            <TextLine id="r1l10" custom="readingOrder {index:9;}">
                <Coords points="713,871 1145,883 1156,840 1056,821 967,838 841,812 748,816 713,835"/>
                <Baseline points="721,858 746,860 771,861 796,862 821,862 846,863 871,864 896,864 921,865 947,865 972,865 997,865 1022,865 1047,866 1072,866 1097,866 1122,866 1148,867"/>
                <TextEquiv>
                    <Unicode>Vertretungen</Unicode>
                </TextEquiv>
            </TextLine>
            <TextLine id="r1l11" custom="readingOrder {index:10;}">
                <Coords points="383,923 1459,937 1459,894 1326,868 1190,897 383,878"/>
                <Baseline points="390,915 443,915 496,915 549,915 602,915 655,916 708,916 761,916 814,916 867,916 921,916 974,917 1027,917 1080,917 1133,918 1186,918 1239,918 1292,919 1345,919 1398,920 1452,921"/>
                <TextEquiv>
                    <Unicode>in Berlin, Budapest, Chicago, Christiania, Genf, Kopen¬</Unicode>
                </TextEquiv>
            </TextLine>
            <TextLine id="r1l12" custom="readingOrder {index:11;}">
                <Coords points="381,958 1407,985 1460,937 382,923"/>
                <Baseline points="389,955 442,955 495,955 548,955 601,955 654,956 707,956 761,957 814,957 867,957 920,958 973,958 1026,959 1079,959 1133,959 1186,959 1239,960 1292,960 1345,960 1398,960 1452,960"/>
                <TextEquiv>
                    <Unicode>hagen, London, Madrid, Mailand, Minneapolis, New-Vork,</Unicode>
                </TextEquiv>
            </TextLine>
            <TextLine id="r1l13" custom="readingOrder {index:12;}">
                <Coords points="419,1003 1430,1003 1325,962 419,964"/>
                <Baseline points="427,992 476,992 526,993 576,993 626,994 675,994 725,994 775,995 825,995 874,995 924,996 974,996 1024,996 1073,997 1123,997 1173,997 1223,998 1272,998 1322,998 1372,999 1422,999"/>
                <TextEquiv>
                    <Unicode>Paris, Rom, San Francisco, Stockhoim, St. Petersburg.</Unicode>
                </TextEquiv>
            </TextLine>
            <TextLine id="r1l14" custom="readingOrder {index:13;}">
                <Coords points="719,1034 765,1051 807,1033 852,1035 889,1055 934,1052 958,1034 996,1056 1055,1035 1095,1054 1149,1041 1149,1012 1103,1001 883,1013 770,995 719,1010"/>
                <Baseline points="726,1029 752,1029 778,1029 804,1029 830,1028 856,1028 882,1028 908,1028 934,1028 960,1028 986,1029 1012,1029 1038,1030 1064,1031 1090,1032 1116,1032 1142,1034"/>
                <TextEquiv>
                    <Unicode>(Quellenangabe ohne Gewähr).</Unicode>
                </TextEquiv>
            </TextLine>
            <TextLine id="r1l15" custom="readingOrder {index:14;}">
                <Coords points="370,1103 750,1099 891,1153 996,1131 1238,1174 1302,1170 1306,1130 912,1062 781,1087 579,1048 374,1061"/>
                <Baseline points="377,1105 422,1102 468,1100 514,1098 560,1098 606,1099 652,1100 698,1103 744,1107 790,1111 836,1114 881,1119 927,1124 973,1130 1019,1136 1065,1142 1111,1147 1157,1153 1203,1159 1249,1164 1295,1169"/>
                <TextEquiv>
                    <Unicode>Ausschnitt aus: Die Keit, Wiem</Unicode>
                </TextEquiv>
            </TextLine>
            <TextLine id="r1l16" custom="readingOrder {index:15;}">
                <Coords points="381,1201 395,1199 414,1211 439,1212 474,1206 502,1209 516,1196 547,1204 550,1158 503,1166 479,1160 461,1167 444,1155 411,1170 383,1162"/>
                <Baseline points="389,1200 414,1199 439,1199 464,1200 489,1202 514,1204 539,1208"/>
                <TextEquiv>
                    <Unicode>vom:</Unicode>
                </TextEquiv>
            </TextLine>
            <TextLine id="r1l17" custom="readingOrder {index:16;}">
                <Coords points="911,1217 971,1216 987,1227 1026,1209 1077,1231 1103,1219 1181,1254 1253,1238 1255,1194 1201,1176 1188,1184 1164,1162 1126,1170 1086,1158 1057,1173 978,1141 917,1140"/>
                <Baseline points="920,1210 945,1207 970,1207 995,1207 1020,1208 1045,1209 1070,1212 1095,1214 1120,1217 1145,1220 1170,1222 1195,1225 1220,1226 1246,1227"/>
                <TextEquiv>
                    <Unicode>Aben</Unicode>
                </TextEquiv>
            </TextLine>
            <TextLine id="r1l18" custom="readingOrder {index:17;}">
                <Coords points="542,1242 646,1235 671,1253 809,1235 877,1261 915,1248 915,1214 887,1216 861,1189 810,1168 722,1160 689,1183 664,1164 579,1171 545,1155"/>
                <Baseline points="550,1221 575,1221 601,1222 626,1223 652,1224 677,1225 703,1227 729,1228 754,1229 780,1230 805,1230 831,1230 856,1229 882,1228 908,1226"/>
                <TextEquiv>
                    <Unicode>B</Unicode>
                </TextEquiv>
            </TextLine>
            <TextLine id="r1l19" custom="readingOrder {index:18;}">
                <Coords points="569,1340 1463,1358 1464,1301 1406,1295 1112,1285 982,1320 858,1317 792,1278 570,1290"/>
                <Baseline points="576,1339 620,1340 664,1340 708,1341 752,1341 796,1342 840,1343 884,1344 928,1345 972,1347 1016,1348 1060,1349 1104,1350 1148,1351 1192,1352 1236,1353 1280,1354 1324,1354 1368,1354 1412,1354 1456,1354"/>
                <TextEquiv>
                    <Unicode>„Liebelei“ in London. Ueber die Erstauf¬</Unicode>
                </TextEquiv>
            </TextLine>
            <TextLine id="r1l20" custom="readingOrder {index:19;}">
                <Coords points="493,1381 1454,1407 1439,1361 767,1363 546,1320 494,1344"/>
                <Baseline points="501,1376 548,1379 595,1381 642,1383 690,1385 737,1388 784,1389 831,1391 879,1393 926,1394 973,1395 1020,1396 1068,1398 1115,1398 1162,1399 1209,1400 1257,1400 1304,1401 1351,1401 1398,1401 1446,1401"/>
                <TextEquiv>
                    <Unicode>führung von Schuitlers—Liebelei“ an Beer¬</Unicode>
                </TextEquiv>
            </TextLine>
            <TextLine id="r1l21" custom="readingOrder {index:20;}">
                <Coords points="519,1443 792,1427 1128,1461 1278,1436 1410,1461 1463,1452 1464,1412 520,1396"/>
                <Baseline points="528,1423 574,1425 620,1427 667,1429 713,1430 759,1432 806,1433 852,1434 898,1436 945,1437 991,1438 1037,1439 1084,1440 1130,1441 1176,1442 1223,1442 1269,1443 1315,1444 1362,1444 1408,1445 1455,1446"/>
                <TextEquiv>
                    <Unicode>hm Trees Afternoon=Theatre in London</Unicode>
                </TextEquiv>
            </TextLine>
            <TextLine id="r1l22" custom="readingOrder {index:21;}">
                <Coords points="475,1461 1437,1506 1456,1457 475,1436"/>
                <Baseline points="482,1473 530,1473 578,1473 626,1473 675,1473 723,1474 771,1475 819,1476 868,1477 916,1479 964,1480 1012,1482 1061,1483 1109,1484 1157,1486 1205,1487 1254,1488 1302,1489 1350,1490 1398,1491 1447,1492"/>
                <TextEquiv>
                    <Unicode>abt die nachstehende enalische Kritik der An¬</Unicode>
                </TextEquiv>
            </TextLine>
            <TextLine id="r1l23" custom="readingOrder {index:22;}">
                <Coords points="481,1516 1450,1543 1451,1502 1361,1490 482,1481"/>
                <Baseline points="489,1516 536,1516 584,1516 632,1516 679,1517 727,1518 775,1519 822,1520 870,1522 918,1523 966,1525 1013,1526 1061,1528 1109,1530 1156,1531 1204,1532 1252,1533 1299,1533 1347,1534 1395,1533 1443,1533"/>
                <TextEquiv>
                    <Unicode>schauung Ausdruck, daß es schwer für den Eng¬</Unicode>
                </TextEquiv>
            </TextLine>
            <TextLine id="r1l24" custom="readingOrder {index:23;}">
                <Coords points="486,1558 1417,1591 1453,1587 1454,1547 487,1515"/>
                <Baseline points="493,1557 540,1558 588,1559 635,1561 683,1562 731,1563 778,1564 826,1566 873,1567 921,1568 969,1569 1016,1570 1064,1571 1111,1573 1159,1574 1207,1575 1254,1576 1302,1577 1349,1578 1397,1580 1445,1581"/>
                <TextEquiv>
                    <Unicode>länder ist, sich in die vom Regisseur allerdings</Unicode>
                </TextEquiv>
            </TextLine>
            <TextLine id="r1l25" custom="readingOrder {index:24;}">
                <Coords points="467,1605 992,1606 1054,1635 1270,1614 1347,1641 1453,1596 468,1558"/>
                <Baseline points="475,1599 523,1600 572,1602 620,1603 669,1604 717,1606 766,1607 814,1608 863,1610 911,1611 960,1613 1008,1614 1057,1616 1105,1617 1154,1618 1202,1620 1251,1621 1299,1623 1348,1624 1396,1625 1445,1626"/>
                <TextEquiv>
                    <Unicode>mit großem Geschick geschaffene deutsche</Unicode>
                </TextEquiv>
            </TextLine>
            <TextLine id="r1l26" custom="readingOrder {index:25;}">
                <Coords points="477,1651 1458,1658 1269,1615 478,1615"/>
                <Baseline points="485,1648 533,1647 581,1648 629,1648 678,1649 726,1649 774,1650 822,1651 871,1653 919,1654 967,1655 1015,1657 1064,1659 1112,1660 1160,1661 1208,1663 1257,1664 1305,1665 1353,1666 1401,1667 1450,1668"/>
                <TextEquiv>
                    <Unicode>Atmosphäre zu versetzen. „Jede Nation hat</Unicode>
                </TextEquiv>
            </TextLine>
            <TextLine id="r1l27" custom="readingOrder {index:26;}">
                <Coords points="469,1681 1091,1723 1454,1710 1454,1677 1402,1668 470,1647"/>
                <Baseline points="476,1690 524,1691 573,1692 621,1692 670,1693 718,1695 767,1696 815,1697 864,1698 912,1700 961,1702 1009,1703 1058,1705 1106,1706 1155,1707 1203,1709 1252,1710 1300,1711 1349,1712 1397,1712 1446,1712"/>
                <TextEquiv>
                    <Unicode>ihre Eigenart, sich zu amüsieren,“ schreibt die</Unicode>
                </TextEquiv>
            </TextLine>
            <TextLine id="r1l28" custom="readingOrder {index:27;}">
                <Coords points="469,1739 1449,1752 1449,1722 1360,1712 470,1703"/>
                <Baseline points="477,1738 525,1737 573,1737 621,1737 669,1737 718,1738 766,1739 814,1740 862,1741 910,1742 959,1744 1007,1745 1055,1747 1103,1748 1151,1750 1200,1752 1248,1753 1296,1755 1344,1756 1392,1757 1441,1758"/>
                <TextEquiv>
                    <Unicode>„Morning Post“, „aber das Bemühen einer</Unicode>
                </TextEquiv>
            </TextLine>
            <TextLine id="r1l29" custom="readingOrder {index:28;}">
                <Coords points="468,1770 1391,1810 1445,1792 1446,1756 468,1744"/>
                <Baseline points="475,1779 523,1779 571,1780 619,1781 667,1782 715,1783 763,1784 812,1785 860,1786 908,1788 956,1789 1004,1790 1052,1791 1100,1792 1149,1793 1197,1794 1245,1795 1293,1796 1341,1797 1389,1798 1438,1799"/>
                <TextEquiv>
                    <Unicode>Nation, sich in der Art und Weise einer anderen</Unicode>
                </TextEquiv>
            </TextLine>
            <TextLine id="r1l30" custom="readingOrder {index:29;}">
                <Coords points="467,1834 1452,1861 1453,1809 1415,1804 468,1780"/>
                <Baseline points="474,1823 522,1824 571,1825 619,1826 668,1828 716,1829 765,1830 813,1831 862,1832 910,1833 959,1835 1008,1836 1056,1837 1105,1837 1153,1838 1202,1839 1250,1840 1299,1840 1347,1841 1396,1841 1445,1842"/>
                <TextEquiv>
                    <Unicode>Nation zu amüsieren, ist selten erfreulich.“ Des</Unicode>
                </TextEquiv>
            </TextLine>
            <TextLine id="r1l31" custom="readingOrder {index:30;}">
                <Coords points="473,1865 1435,1908 1459,1862 474,1831"/>
                <Baseline points="481,1866 529,1867 577,1868 626,1869 674,1870 723,1871 771,1873 820,1874 868,1876 917,1877 965,1879 1013,1880 1062,1882 1110,1883 1159,1885 1207,1886 1256,1888 1304,1889 1353,1890 1401,1891 1450,1891"/>
                <TextEquiv>
                    <Unicode>Stück als solches wird von der Kritik bewundert.</Unicode>
                </TextEquiv>
            </TextLine>
            <TextLine id="r1l32" custom="readingOrder {index:31;}">
                <Coords points="464,1903 1453,1960 1454,1905 1375,1892 465,1870"/>
                <Baseline points="472,1908 520,1910 569,1911 618,1912 666,1914 715,1915 764,1917 812,1918 861,1920 910,1921 959,1922 1007,1923 1056,1925 1105,1926 1153,1927 1202,1928 1251,1930 1299,1931 1348,1932 1397,1934 1446,1935"/>
                <TextEquiv>
                    <Unicode>Der erste und der zweite Akt gefielen, der</Unicode>
                </TextEquiv>
            </TextLine>
            <TextLine id="r1l33" custom="readingOrder {index:32;}">
                <Coords points="468,1972 1455,1980 1336,1933 470,1912"/>
                <Baseline points="476,1953 524,1955 573,1957 621,1959 670,1961 718,1962 767,1963 815,1964 864,1965 912,1966 961,1968 1010,1969 1058,1970 1107,1971 1155,1972 1204,1973 1252,1975 1301,1976 1349,1978 1398,1980 1447,1982"/>
                <TextEquiv>
                    <Unicode>dritte Akt fiel ab. Mangelhafte Besetzung der</Unicode>
                </TextEquiv>
            </TextLine>
            <TextLine id="r1l34" custom="readingOrder {index:33;}">
                <Coords points="461,1997 1429,2043 1430,1990 1399,1980 462,1967"/>
                <Baseline points="468,1996 515,1997 563,1998 611,1999 658,2001 706,2003 754,2004 801,2005 849,2008 897,2009 945,2011 992,2012 1040,2013 1088,2015 1135,2016 1183,2017 1231,2018 1278,2019 1326,2019 1374,2019 1422,2018"/>
                <TextEquiv>
                    <Unicode>Hauptrollen beeinträchtigte den Erfolgwesentlich.</Unicode>
                </TextEquiv>
            </TextLine>
            <TextLine id="r1l35" custom="readingOrder {index:34;}">
                <Coords points="535,2598 1461,2580 1468,2464 1339,2447 1224,2497 1067,2471 534,2544"/>
                <Baseline points="543,2589 589,2587 635,2586 681,2585 727,2583 773,2582 819,2580 865,2578 911,2578 957,2576 1003,2575 1049,2573 1095,2572 1141,2571 1187,2570 1233,2568 1279,2568 1325,2566 1371,2566 1417,2565 1464,2564"/>
                <TextEquiv>
                    <Unicode>ADGLF SCHUSTERMANN</Unicode>
                </TextEquiv>
            </TextLine>
            <TextLine id="r1l36" custom="readingOrder {index:35;}">
                <Coords points="432,2663 1529,2641 1553,2565 430,2611"/>
                <Baseline points="439,2658 494,2657 549,2655 605,2653 660,2652 716,2651 771,2649 826,2647 882,2646 937,2644 993,2642 1048,2641 1103,2639 1159,2637 1214,2635 1270,2632 1325,2630 1380,2628 1436,2626 1491,2624 1547,2621"/>
                <TextEquiv>
                    <Unicode>ZEITUNGSNACHRICHTEN-BUREAU</Unicode>
                </TextEquiv>
            </TextLine>
            <TextLine id="r1l37" custom="readingOrder {index:36;}">
                <Coords points="611,2719 1373,2709 1397,2703 1396,2654 652,2656 610,2681"/>
                <Baseline points="617,2703 655,2703 694,2703 732,2703 771,2702 810,2701 848,2700 887,2699 925,2698 964,2696 1003,2695 1041,2693 1080,2692 1118,2691 1157,2690 1196,2688 1234,2688 1273,2687 1311,2687 1350,2686 1389,2687"/>
                <TextEquiv>
                    <Unicode>BERLIN SG. 16, RUNGE-STRASSE 25/27.</Unicode>
                </TextEquiv>
            </TextLine>
            <TextLine id="r1l38" custom="readingOrder {index:37;}">
                <Coords points="531,2868 946,2819 1563,2830 1588,2747 845,2756 529,2817"/>
                <Baseline points="537,2836 589,2835 641,2833 693,2831 746,2829 798,2826 850,2824 903,2821 955,2818 1007,2815 1060,2812 1112,2810 1164,2808 1216,2805 1269,2803 1321,2801 1373,2801 1426,2800 1478,2800 1530,2800 1583,2801"/>
                <TextEquiv>
                    <Unicode>Zeitung: Berliner Börsen Zeitung</Unicode>
                </TextEquiv>
            </TextLine>
            <TextLine id="r1l39" custom="readingOrder {index:38;}">
                <Coords points="1275,2961 1303,2952 1331,2965 1425,2945 1477,2955 1537,2932 1582,2940 1677,2914 1674,2859 1660,2857 1429,2864 1344,2881 1312,2870 1271,2883"/>
                <Baseline points="1281,2935 1306,2934 1332,2934 1358,2934 1384,2933 1410,2931 1436,2931 1462,2929 1487,2927 1513,2926 1539,2924 1565,2922 1591,2921 1617,2919 1643,2918 1669,2916"/>
                <TextEquiv>
                    <Unicode>18. MAIISOE</Unicode>
                </TextEquiv>
            </TextLine>
            <TextLine id="r1l40" custom="readingOrder {index:39;}">
                <Coords points="548,2946 600,2959 711,2942 725,2954 772,2932 953,2953 984,2928 1026,2931 1024,2880 936,2861 804,2867 759,2895 546,2908"/>
                <Baseline points="555,2944 580,2944 606,2943 632,2943 658,2942 683,2940 709,2939 735,2937 761,2936 787,2934 812,2932 838,2931 864,2929 890,2928 915,2927 941,2926 967,2925 993,2924 1019,2924"/>
                <TextEquiv>
                    <Unicode>Adresse: Berlin</Unicode>
                </TextEquiv>
            </TextLine>
            <TextLine id="r1l41" custom="readingOrder {index:40;}">
                <Coords points="542,3052 590,3063 608,3058 623,3071 650,3075 678,3058 702,3066 719,3059 729,3068 747,3055 763,3057 761,2997 728,3006 701,2998 682,3008 655,2999 646,3007 586,3011 575,3022 541,3026"/>
                <Baseline points="549,3054 574,3052 600,3050 626,3048 652,3047 677,3046 703,3045 729,3045 755,3046"/>
                <TextEquiv>
                    <Unicode>Datum:</Unicode>
                </TextEquiv>
            </TextLine>
            <TextLine id="r1l42" custom="readingOrder {index:41;}">
                <Coords points="1203,3157 1225,3153 1237,3160 1257,3147 1262,3151 1271,3148 1285,3151 1293,3141 1307,3140 1303,3098 1291,3098 1276,3115 1265,3114 1260,3118 1239,3105 1198,3113"/>
                <Baseline points="1209,3149 1239,3145 1269,3140 1300,3140"/>
                <TextEquiv>
                    <Unicode>Im</Unicode>
                </TextEquiv>
            </TextLine>
            <TextLine id="r1l43" custom="readingOrder {index:42;}">
                <Coords points="490,3278 799,3218 842,3231 977,3181 1099,3192 1190,3167 1185,3138 1113,3124 1083,3152 1045,3132 787,3195 702,3181 480,3218"/>
                <Baseline points="496,3270 530,3264 564,3258 598,3252 633,3247 667,3241 701,3236 735,3230 770,3225 804,3219 838,3213 872,3208 907,3202 941,3196 975,3191 1009,3185 1044,3180 1078,3173 1112,3168 1146,3162 1181,3156"/>
                <TextEquiv>
                    <Unicode>#-Penden sehrcht nen un</Unicode>
                </TextEquiv>
            </TextLine>
            <TextLine id="r1l44" custom="readingOrder {index:43;}">
                <Coords points="390,3342 784,3278 834,3240 911,3256 1309,3187 1297,3140 384,3306"/>
                <Baseline points="397,3333 442,3324 487,3316 532,3308 577,3301 622,3292 667,3284 712,3277 757,3270 802,3262 848,3253 893,3246 938,3238 983,3230 1028,3223 1073,3215 1118,3207 1163,3199 1208,3191 1253,3183 1299,3174"/>
                <TextEquiv>
                    <Unicode>gerentene ir un den</Unicode>
                </TextEquiv>
            </TextLine>
            <TextLine id="r1l45" custom="readingOrder {index:44;}">
                <Coords points="1059,3306 1091,3295 1135,3298 1154,3285 1177,3293 1214,3272 1234,3283 1283,3261 1323,3276 1313,3222 1268,3225 1256,3237 1225,3233 1204,3244 1167,3241 1147,3256 1086,3254 1053,3275"/>
                <Baseline points="1065,3299 1092,3293 1119,3287 1147,3280 1174,3275 1201,3270 1229,3265 1256,3261 1283,3257 1311,3253"/>
                <TextEquiv>
                    <Unicode>„Liebelei“,</Unicode>
                </TextEquiv>
            </TextLine>
            <TextLine id="r1l46" custom="readingOrder {index:45;}">
                <Coords points="392,3382 1320,3220 1313,3182 1265,3187 385,3344"/>
                <Baseline points="398,3374 443,3366 489,3358 534,3349 580,3341 626,3332 671,3324 717,3317 763,3308 808,3300 854,3293 900,3285 945,3277 991,3270 1037,3262 1082,3254 1128,3247 1174,3239 1219,3231 1265,3223 1311,3215"/>
                <TextEquiv>
                    <Unicode>dn de. Main Biene ube un</Unicode>
                </TextEquiv>
            </TextLine>
            <TextLine id="r1l47" custom="readingOrder {index:46;}">
                <Coords points="564,3390 648,3383 662,3365 722,3370 760,3347 910,3355 950,3321 989,3331 1053,3296 1049,3271 1009,3265 848,3310 799,3300 776,3321 646,3325 558,3352"/>
                <Baseline points="569,3377 594,3375 619,3372 644,3368 669,3365 694,3360 719,3356 745,3352 770,3347 795,3342 820,3338 845,3333 870,3328 896,3324 921,3320 946,3316 971,3313 996,3310 1021,3307 1047,3305"/>
                <TextEquiv>
                    <Unicode>nähne 1Schfligter““</Unicode>
                </TextEquiv>
            </TextLine>
            <TextLine id="r1l48" custom="readingOrder {index:47;}">
                <Coords points="1087,3382 1114,3371 1160,3372 1187,3359 1210,3362 1246,3342 1270,3351 1311,3340 1340,3345 1333,3295 1311,3310 1288,3303 1254,3316 1185,3309 1149,3330 1081,3343"/>
                <Baseline points="1092,3367 1118,3364 1145,3361 1171,3357 1198,3353 1224,3349 1251,3344 1277,3340 1304,3336 1331,3333"/>
                <TextEquiv>
                    <Unicode>Werkes für</Unicode>
                </TextEquiv>
            </TextLine>
            <TextLine id="r1l49" custom="readingOrder {index:48;}">
                <Coords points="417,3461 991,3342 1086,3350 1194,3304 1310,3309 1328,3266 410,3422"/>
                <Baseline points="422,3444 467,3438 512,3431 557,3425 602,3418 647,3410 692,3402 738,3394 783,3386 828,3377 873,3369 918,3361 963,3352 1008,3344 1054,3336 1099,3329 1144,3321 1189,3314 1234,3307 1279,3301 1325,3295"/>
                <TextEquiv>
                    <Unicode>un Sente die dune un uen</Unicode>
                </TextEquiv>
            </TextLine>
            <TextLine id="r1l50" custom="readingOrder {index:49;}">
                <Coords points="412,3421 429,3414 444,3418 450,3410 463,3414 494,3401 509,3403 538,3381 547,3381 542,3355 505,3359 481,3369 457,3364 444,3367 431,3379 419,3378 405,3386"/>
                <Baseline points="417,3411 448,3403 479,3395 510,3389 541,3387"/>
                <TextEquiv>
                    <Unicode>gestern</Unicode>
                </TextEquiv>
            </TextLine>
            <TextLine id="r1l51" custom="readingOrder {index:50;}">
                <Coords points="420,3499 934,3410 966,3387 1055,3393 1070,3347 987,3344 964,3367 623,3415 588,3446 504,3433 413,3462"/>
                <Baseline points="425,3489 457,3483 489,3476 521,3470 553,3464 585,3458 617,3451 649,3446 681,3440 713,3435 746,3429 778,3425 810,3419 842,3414 874,3408 906,3404 938,3398 970,3393 1002,3386 1034,3381 1067,3375"/>
                <TextEquiv>
                    <Unicode>eren aie Wolower 1n</Unicode>
                </TextEquiv>
            </TextLine>
            <TextLine id="r1l52" custom="readingOrder {index:51;}">
                <Coords points="432,3532 956,3455 988,3420 1271,3400 1347,3378 1342,3347 425,3495"/>
                <Baseline points="438,3526 483,3518 528,3509 573,3501 618,3492 663,3485 708,3476 753,3467 798,3459 843,3452 888,3444 933,3436 978,3428 1023,3420 1068,3413 1113,3406 1158,3399 1203,3391 1248,3384 1293,3378 1339,3371"/>
                <TextEquiv>
                    <Unicode> de dene d un e A aue</Unicode>
                </TextEquiv>
            </TextLine>
            <TextLine id="r1l53" custom="readingOrder {index:52;}">
                <Coords points="440,3579 1351,3415 1344,3378 1288,3383 980,3430 932,3466 831,3455 432,3531"/>
                <Baseline points="446,3566 490,3557 535,3549 580,3542 625,3533 670,3525 715,3518 759,3510 804,3502 849,3495 894,3487 939,3479 984,3472 1029,3464 1073,3457 1118,3449 1163,3441 1208,3434 1253,3426 1298,3419 1343,3411"/>
                <TextEquiv>
                    <Unicode>en di den an un W</Unicode>
                </TextEquiv>
            </TextLine>
            <TextLine id="r1l54" custom="readingOrder {index:53;}">
                <Coords points="444,3620 1206,3493 1371,3457 1367,3432 436,3574"/>
                <Baseline points="448,3601 493,3595 539,3587 585,3580 631,3572 676,3565 722,3557 768,3549 814,3541 859,3534 905,3526 951,3518 997,3510 1042,3502 1088,3495 1134,3487 1180,3479 1225,3471 1271,3463 1317,3456 1363,3449"/>
                <TextEquiv>
                    <Unicode>gere bereten de ue en e</Unicode>
                </TextEquiv>
            </TextLine>
            <TextLine id="r1l55" custom="readingOrder {index:54;}">
                <Coords points="446,3650 1365,3488 1359,3453 1264,3464 441,3618"/>
                <Baseline points="452,3644 497,3635 542,3627 587,3620 633,3611 678,3604 723,3597 768,3589 814,3582 859,3575 904,3567 949,3560 995,3552 1040,3545 1085,3536 1130,3529 1176,3521 1221,3513 1266,3504 1311,3496 1357,3486"/>
                <TextEquiv>
                    <Unicode>a din in Sertene We ee</Unicode>
                </TextEquiv>
            </TextLine>
            <TextLine id="r1l56" custom="readingOrder {index:55;}">
                <Coords points="454,3685 1208,3570 1367,3535 1373,3497 448,3649"/>
                <Baseline points="461,3682 506,3675 552,3667 597,3659 643,3651 688,3644 734,3636 779,3629 825,3621 870,3614 916,3606 961,3597 1007,3590 1052,3582 1098,3574 1143,3566 1189,3558 1234,3550 1280,3542 1325,3533 1371,3526"/>
                <TextEquiv>
                    <Unicode>an un de nenet ebenchen er en</Unicode>
                </TextEquiv>
            </TextLine>
            <TextLine id="r1l57" custom="readingOrder {index:56;}">
                <Coords points="460,3722 1388,3561 1266,3541 454,3685"/>
                <Baseline points="468,3720 513,3712 559,3704 604,3697 650,3689 696,3682 741,3675 787,3667 833,3659 878,3652 924,3644 970,3637 1015,3629 1061,3621 1107,3613 1152,3605 1198,3597 1244,3588 1289,3581 1335,3572 1381,3563"/>
                <TextEquiv>
                    <Unicode>e en wenet P enten ener</Unicode>
                </TextEquiv>
            </TextLine>
            <TextLine id="r1l58" custom="readingOrder {index:57;}">
                <Coords points="477,3766 1397,3618 1377,3562 1083,3638 470,3725"/>
                <Baseline points="483,3759 528,3751 573,3743 618,3734 663,3726 709,3719 754,3710 799,3703 844,3695 889,3688 935,3680 980,3673 1025,3665 1070,3658 1115,3651 1161,3643 1206,3636 1251,3628 1296,3620 1341,3612 1387,3604"/>
                <TextEquiv>
                    <Unicode>en enereed aeenel</Unicode>
                </TextEquiv>
            </TextLine>
            <TextLine id="r1l59" custom="readingOrder {index:58;}">
                <Coords points="481,3805 1400,3643 1378,3613 1263,3623 474,3766"/>
                <Baseline points="488,3798 533,3788 578,3780 623,3772 668,3763 713,3755 758,3747 804,3739 849,3732 894,3725 939,3717 984,3711 1029,3703 1074,3696 1120,3689 1165,3681 1210,3673 1255,3666 1300,3658 1345,3650 1391,3641"/>
                <TextEquiv>
                    <Unicode>dun en iere un Gnene</Unicode>
                </TextEquiv>
            </TextLine>
            <TextLine id="r1l60" custom="readingOrder {index:59;}">
                <Coords points="483,3840 1399,3697 1400,3642 477,3806"/>
                <Baseline points="490,3838 535,3830 580,3821 626,3813 671,3804 717,3796 762,3788 808,3780 853,3772 899,3765 944,3757 989,3750 1035,3742 1080,3735 1126,3727 1171,3720 1217,3712 1262,3705 1308,3697 1353,3689 1399,3681"/>
                <TextEquiv>
                    <Unicode>wenden sit der enten en</Unicode>
                </TextEquiv>
            </TextLine>
            <TextLine id="r1l61" custom="readingOrder {index:60;}">
                <Coords points="490,3881 1409,3749 1404,3693 483,3841"/>
                <Baseline points="496,3875 541,3868 586,3860 631,3853 677,3846 722,3838 767,3830 812,3822 858,3814 903,3807 948,3799 993,3791 1039,3783 1084,3776 1129,3768 1174,3761 1220,3753 1265,3746 1310,3739 1355,3732 1401,3724"/>
                <TextEquiv>
                    <Unicode>e eeiter er ue Sageneren</Unicode>
                </TextEquiv>
            </TextLine>
            <TextLine id="r1l62" custom="readingOrder {index:61;}">
                <Coords points="494,3939 548,3929 565,3905 633,3924 710,3890 756,3903 1019,3834 1023,3787 484,3891"/>
                <Baseline points="498,3924 524,3918 550,3912 576,3907 602,3901 628,3896 654,3891 681,3886 707,3882 733,3876 759,3872 785,3867 811,3862 837,3857 864,3851 890,3846 916,3841 942,3835 968,3829 994,3823 1021,3816"/>
                <TextEquiv>
                    <Unicode>Dde Jente ehne Rode“</Unicode>
                </TextEquiv>
            </TextLine>
            <TextEquiv>
                <Unicode>5. Liebele
box 11/4

Telephon 12.801.

S
 „OBSERVER“
1 österr. behördl. konz. Unternehmen für Zeitungs-Ausschnitte
Wien, I., Concordiaplatz 4.
Vertretungen
in Berlin, Budapest, Chicago, Christiania, Genf, Kopen¬
hagen, London, Madrid, Mailand, Minneapolis, New-Vork,
Paris, Rom, San Francisco, Stockhoim, St. Petersburg.
(Quellenangabe ohne Gewähr).
Ausschnitt aus: Die Keit, Wiem
vom:
Aben
B
„Liebelei“ in London. Ueber die Erstauf¬
führung von Schuitlers—Liebelei“ an Beer¬
hm Trees Afternoon=Theatre in London
abt die nachstehende enalische Kritik der An¬
schauung Ausdruck, daß es schwer für den Eng¬
länder ist, sich in die vom Regisseur allerdings
mit großem Geschick geschaffene deutsche
Atmosphäre zu versetzen. „Jede Nation hat
ihre Eigenart, sich zu amüsieren,“ schreibt die
„Morning Post“, „aber das Bemühen einer
Nation, sich in der Art und Weise einer anderen
Nation zu amüsieren, ist selten erfreulich.“ Des
Stück als solches wird von der Kritik bewundert.
Der erste und der zweite Akt gefielen, der
dritte Akt fiel ab. Mangelhafte Besetzung der
Hauptrollen beeinträchtigte den Erfolgwesentlich.
ADGLF SCHUSTERMANN
ZEITUNGSNACHRICHTEN-BUREAU
BERLIN SG. 16, RUNGE-STRASSE 25/27.
Zeitung: Berliner Börsen Zeitung
18. MAIISOE
Adresse: Berlin
Datum:
Im
#-Penden sehrcht nen un
gerentene ir un den
„Liebelei“,
dn de. Main Biene ube un
nähne 1Schfligter““
Werkes für
un Sente die dune un uen
gestern
eren aie Wolower 1n
 de dene d un e A aue
en di den an un W
gere bereten de ue en e
a din in Sertene We ee
an un de nenet ebenchen er en
e en wenet P enten ener
en enereed aeenel
dun en iere un Gnene
wenden sit der enten en
e eeiter er ue Sageneren
Dde Jente ehne Rode“</Unicode>
            </TextEquiv>
        </TextRegion>
        <TextRegion orientation="0.0" id="r2" custom="readingOrder {index:1;}">
            <Coords points="1987,423 1987,4103 3239,4103 3239,423"/>
            <TextLine id="r2l1" custom="readingOrder {index:0;}">
                <Coords points="2097,461 2887,461 2886,382 2097,399"/>
                <Baseline points="2105,451 2143,451 2182,452 2221,452 2259,452 2298,452 2337,452 2375,453 2414,453 2453,452 2492,452 2530,452 2569,452 2608,451 2646,451 2685,450 2724,450 2762,449 2801,448 2840,447 2879,445"/>
                <TextEquiv>
                    <Unicode>ADGLF SCHUSTERMAA</Unicode>
                </TextEquiv>
            </TextLine>
            <TextLine id="r2l2" custom="readingOrder {index:1;}">
                <Coords points="2558,529 2583,518 2658,534 2697,514 2758,529 2852,518 2888,527 2910,519 2909,468 2873,458 2806,482 2764,463 2729,475 2648,472 2627,457 2556,460"/>
                <Baseline points="2565,514 2591,515 2617,516 2643,516 2669,516 2695,516 2721,515 2747,514 2773,514 2799,512 2825,511 2851,510 2877,510 2903,509"/>
                <TextEquiv>
                    <Unicode>CHTEN-BU</Unicode>
                </TextEquiv>
            </TextLine>
            <TextLine id="r2l3" custom="readingOrder {index:2;}">
                <Coords points="1979,522 2038,545 2079,523 2123,546 2184,527 2532,536 2520,460 2483,476 2351,456 2229,485 1978,465"/>
                <Baseline points="1987,528 2013,527 2040,525 2067,525 2094,523 2121,523 2148,522 2175,521 2202,521 2229,520 2256,520 2282,519 2309,519 2336,519 2363,518 2390,518 2417,517 2444,517 2471,516 2498,516 2525,515"/>
                <TextEquiv>
                    <Unicode>ZEITUNGSNACHR</Unicode>
                </TextEquiv>
            </TextLine>
            <TextLine id="r2l4" custom="readingOrder {index:3;}">
                <Coords points="2154,595 2306,606 2433,578 2501,604 2605,570 2909,593 2934,585 2934,519 2153,537"/>
                <Baseline points="2161,575 2199,575 2237,575 2275,576 2314,576 2352,575 2390,575 2429,575 2467,574 2505,574 2544,574 2582,573 2620,573 2658,572 2697,572 2735,571 2773,571 2812,570 2850,570 2888,570 2927,569"/>
                <TextEquiv>
                    <Unicode>BERLIN-SO. 16, RUNGE-STRASSE 25/27.</Unicode>
                </TextEquiv>
            </TextLine>
            <TextLine id="r2l5" custom="readingOrder {index:4;}">
                <Coords points="2085,695 2199,729 2318,697 2444,733 2894,721 2884,640 2712,669 2624,645 2212,670 2085,638"/>
                <Baseline points="2093,699 2132,700 2172,701 2212,702 2251,703 2291,703 2331,703 2370,703 2410,703 2450,703 2490,703 2529,703 2569,702 2609,702 2648,702 2688,702 2728,702 2767,703 2807,703 2847,704 2887,705"/>
                <TextEquiv>
                    <Unicode>Zeitung. Vessische Ztg.</Unicode>
                </TextEquiv>
            </TextLine>
            <TextLine id="r2l6" custom="readingOrder {index:5;}">
                <Coords points="2365,802 2396,798 2420,815 2439,808 2447,816 2469,798 2495,808 2540,796 2566,816 2613,791 2642,793 2642,760 2571,733 2537,744 2497,736 2462,752 2413,727 2367,733"/>
                <Baseline points="2372,784 2398,785 2424,786 2450,787 2476,788 2503,790 2529,790 2555,790 2581,791 2607,791 2634,790"/>
                <TextEquiv>
                    <Unicode>Berlin</Unicode>
                </TextEquiv>
            </TextLine>
            <TextLine id="r2l7" custom="readingOrder {index:6;}">
                <Coords points="2093,828 2115,829 2136,816 2181,836 2220,826 2250,834 2354,801 2352,757 2324,767 2260,760 2229,773 2215,762 2179,770 2138,749 2118,771 2091,766"/>
                <Baseline points="2100,808 2127,807 2154,806 2182,806 2209,806 2236,806 2264,805 2291,803 2318,801 2346,798"/>
                <TextEquiv>
                    <Unicode>Adresse:</Unicode>
                </TextEquiv>
            </TextLine>
            <TextLine id="r2l8" custom="readingOrder {index:7;}">
                <Coords points="2111,926 2136,922 2150,932 2172,912 2188,912 2214,916 2253,940 2274,932 2286,935 2285,870 2258,874 2246,884 2219,873 2207,876 2188,861 2180,864 2168,852 2147,847 2110,855"/>
                <Baseline points="2118,911 2144,911 2171,911 2198,910 2224,909 2251,909 2278,911"/>
                <TextEquiv>
                    <Unicode>Datum</Unicode>
                </TextEquiv>
            </TextLine>
            <TextLine id="r2l9" custom="readingOrder {index:8;}">
                <Coords points="2702,892 2779,913 2875,912 2917,938 2952,925 2972,937 3111,931 3114,869 3081,874 3062,855 2972,863 2835,842 2705,852"/>
                <Baseline points="2710,899 2736,901 2762,903 2788,904 2815,905 2841,907 2867,908 2893,910 2920,911 2946,912 2972,914 2998,915 3025,917 3051,918 3077,919 3104,921"/>
                <TextEquiv>
                    <Unicode>13. MAl 1909.</Unicode>
                </TextEquiv>
            </TextLine>
            <TextLine id="r2l10" custom="readingOrder {index:9;}">
                <Coords points="2470,984 2565,984 2591,1004 2637,993 2725,1002 2725,938 2695,926 2679,935 2670,928 2652,945 2615,939 2600,953 2586,945 2570,956 2540,938 2526,941 2507,923 2470,930"/>
                <Baseline points="2477,982 2503,981 2530,980 2557,980 2584,980 2610,980 2637,980 2664,981 2691,981 2718,981"/>
                <TextEquiv>
                    <Unicode>ETEERNNLRARA </Unicode>
                </TextEquiv>
            </TextLine>
            <TextLine id="r2l11" custom="readingOrder {index:10;}">
                <Coords points="2216,989 2417,985 2449,1008 2464,999 2490,1011 2521,1005 2522,986 2487,986 2446,947 2352,958 2319,942 2287,956 2264,936 2219,937"/>
                <Baseline points="2224,983 2250,983 2276,983 2302,983 2329,985 2355,986 2381,986 2407,988 2434,990 2460,993 2486,995 2513,999"/>
                <TextEquiv>
                    <Unicode>KArR</Unicode>
                </TextEquiv>
            </TextLine>
            <TextLine id="r2l12" custom="readingOrder {index:11;}">
                <Coords points="2066,1040 3226,1050 3226,1018 3134,996 2066,986"/>
                <Baseline points="2073,1024 2130,1027 2187,1029 2244,1032 2302,1033 2359,1035 2416,1036 2473,1036 2531,1037 2588,1037 2645,1037 2702,1037 2760,1037 2817,1038 2874,1038 2931,1038 2989,1039 3046,1040 3103,1041 3160,1043 3218,1045"/>
                <TextEquiv>
                    <Unicode>Schnitzlers „Liebelei“ in England. London, 15. Mai.</Unicode>
                </TextEquiv>
            </TextLine>
            <TextLine id="r2l13" custom="readingOrder {index:12;}">
                <Coords points="2039,1084 3219,1089 3155,1044 2040,1023"/>
                <Baseline points="2047,1068 2105,1070 2163,1071 2221,1072 2279,1074 2338,1074 2396,1076 2454,1076 2512,1077 2570,1077 2629,1078 2687,1078 2745,1079 2803,1079 2861,1080 2920,1080 2978,1081 3036,1081 3094,1082 3152,1082 3211,1083"/>
                <TextEquiv>
                    <Unicode>(Eig. Mitt.) Eine, begeisterte Aufnahme wurde gestern Arthur</Unicode>
                </TextEquiv>
            </TextLine>
            <TextLine id="r2l14" custom="readingOrder {index:13;}">
                <Coords points="2053,1106 3231,1117 3073,1080 2053,1075"/>
                <Baseline points="2060,1106 2118,1108 2176,1109 2234,1110 2292,1111 2350,1112 2408,1112 2467,1113 2525,1114 2583,1115 2641,1115 2699,1116 2757,1117 2815,1117 2874,1118 2932,1118 2990,1118 3048,1119 3106,1119 3164,1119 3223,1119"/>
                <TextEquiv>
                    <Unicode>Schnitzlers „Liepelei“ zu teil, die im Afternon Theatre</Unicode>
                </TextEquiv>
            </TextLine>
            <TextLine id="r2l15" custom="readingOrder {index:14;}">
                <Coords points="2045,1160 3226,1161 3226,1122 2823,1102 2045,1111"/>
                <Baseline points="2053,1152 2111,1151 2169,1150 2227,1150 2286,1150 2344,1151 2402,1152 2460,1152 2519,1153 2577,1154 2635,1155 2693,1156 2752,1157 2810,1157 2868,1158 2926,1158 2985,1158 3043,1158 3101,1157 3159,1157 3218,1155"/>
                <TextEquiv>
                    <Unicode>(His Majestys) dein (Londdner Publikin=#ulder von V. Williams</Unicode>
                </TextEquiv>
            </TextLine>
            <TextLine id="r2l16" custom="readingOrder {index:15;}">
                <Coords points="2053,1188 3235,1201 3168,1161 2053,1158"/>
                <Baseline points="2060,1187 2118,1188 2176,1188 2235,1189 2293,1190 2351,1191 2410,1191 2468,1192 2526,1193 2585,1194 2643,1194 2701,1195 2760,1196 2818,1197 2876,1197 2935,1198 2993,1198 3051,1199 3110,1199 3168,1199 3227,1200"/>
                <TextEquiv>
                    <Unicode>angefertigten Übersetzung als „Light o’ love“ geboten wurde.</Unicode>
                </TextEquiv>
            </TextLine>
            <TextLine id="r2l17" custom="readingOrder {index:16;}">
                <Coords points="2053,1233 3232,1246 3233,1205 2053,1191"/>
                <Baseline points="2060,1228 2118,1228 2176,1228 2234,1228 2293,1228 2351,1229 2409,1229 2467,1230 2526,1230 2584,1231 2642,1232 2700,1232 2759,1233 2817,1233 2875,1234 2933,1234 2992,1235 3050,1235 3108,1236 3166,1236 3225,1236"/>
                <TextEquiv>
                    <Unicode>Zwar war Henry Ainley viel zu feierlich und ernsthaft in der</Unicode>
                </TextEquiv>
            </TextLine>
            <TextLine id="r2l18" custom="readingOrder {index:17;}">
                <Coords points="2043,1266 3227,1281 3227,1245 3151,1232 2043,1236"/>
                <Baseline points="2050,1264 2108,1265 2166,1265 2225,1266 2283,1267 2342,1267 2400,1268 2459,1269 2517,1269 2576,1270 2634,1271 2692,1271 2751,1272 2809,1272 2868,1273 2926,1274 2985,1274 3043,1274 3102,1275 3160,1275 3219,1275"/>
                <TextEquiv>
                    <Unicode>Rolle des leichtsinnigen und flatterhaften Fritz Lobheimer, während</Unicode>
                </TextEquiv>
            </TextLine>
            <TextLine id="r2l19" custom="readingOrder {index:18;}">
                <Coords points="2042,1305 3228,1328 3228,1279 3155,1275 2043,1265"/>
                <Baseline points="2050,1303 2108,1304 2167,1304 2225,1305 2284,1305 2342,1305 2401,1306 2459,1307 2518,1307 2576,1308 2635,1308 2693,1309 2752,1309 2810,1310 2869,1311 2927,1311 2986,1312 3044,1313 3103,1314 3161,1315 3220,1316"/>
                <TextEquiv>
                    <Unicode>Margaret Halstan als Christine nicht ganz den hochgradigen Schmerz</Unicode>
                </TextEquiv>
            </TextLine>
            <TextLine id="r2l20" custom="readingOrder {index:19;}">
                <Coords points="2045,1356 3212,1364 3237,1324 2045,1317"/>
                <Baseline points="2052,1343 2110,1343 2169,1343 2228,1343 2287,1344 2346,1344 2405,1345 2463,1346 2522,1347 2581,1347 2640,1348 2699,1349 2758,1349 2817,1350 2875,1350 2934,1350 2993,1351 3052,1351 3111,1350 3170,1350 3229,1349"/>
                <TextEquiv>
                    <Unicode>zum Ausdruck brachte, den das Mädchen in dem Augenblick empfinder</Unicode>
                </TextEquiv>
            </TextLine>
            <TextLine id="r2l21" custom="readingOrder {index:20;}">
                <Coords points="2039,1379 3231,1394 3185,1354 2040,1348"/>
                <Baseline points="2047,1380 2105,1381 2164,1381 2223,1382 2282,1382 2341,1383 2399,1384 2458,1385 2517,1385 2576,1386 2635,1387 2693,1388 2752,1389 2811,1389 2870,1390 2929,1390 2987,1391 3046,1391 3105,1391 3164,1391 3223,1391"/>
                <TextEquiv>
                    <Unicode>muß, da es mit der Todesnachricht die Gewißheit erhält, daß sein</Unicode>
                </TextEquiv>
            </TextLine>
            <TextLine id="r2l22" custom="readingOrder {index:21;}">
                <Coords points="2035,1423 3158,1441 3241,1401 2036,1384"/>
                <Baseline points="2043,1414 2102,1416 2162,1417 2221,1419 2281,1420 2340,1421 2400,1423 2459,1424 2519,1425 2578,1426 2638,1427 2697,1427 2757,1428 2816,1429 2876,1429 2935,1429 2995,1429 3054,1429 3114,1429 3173,1429 3233,1428"/>
                <TextEquiv>
                    <Unicode>Geliebter es mit einer verheirateten Frau betrogen hat. Dagegen</Unicode>
                </TextEquiv>
            </TextLine>
            <TextLine id="r2l23" custom="readingOrder {index:22;}">
                <Coords points="2041,1457 3246,1458 2041,1417"/>
                <Baseline points="2049,1459 2108,1458 2168,1458 2227,1459 2287,1459 2346,1459 2406,1460 2465,1461 2525,1461 2584,1462 2644,1463 2703,1464 2763,1464 2822,1465 2882,1466 2941,1466 3001,1466 3060,1467 3120,1467 3179,1467 3239,1466"/>
                <TextEquiv>
                    <Unicode>befriedigten M. R. Hignett als Hans Weiring und Miß M. Busse</Unicode>
                </TextEquiv>
            </TextLine>
            <TextLine id="r2l24" custom="readingOrder {index:23;}">
                <Coords points="2033,1496 3191,1533 3242,1514 3243,1463 2033,1458"/>
                <Baseline points="2040,1495 2099,1497 2159,1498 2219,1500 2279,1501 2338,1501 2398,1502 2458,1503 2518,1503 2577,1504 2637,1504 2697,1504 2757,1505 2816,1505 2876,1505 2936,1506 2996,1506 3055,1507 3115,1507 3175,1508 3235,1509"/>
                <TextEquiv>
                    <Unicode>als Mizi Schlager in jeder Hinsicht; auch C. Mande war vorzüg¬</Unicode>
                </TextEquiv>
            </TextLine>
            <TextLine id="r2l25" custom="readingOrder {index:24;}">
                <Coords points="2020,1563 2201,1541 2681,1553 2681,1515 2650,1504 2215,1513 2021,1482"/>
                <Baseline points="2028,1536 2060,1535 2092,1535 2124,1535 2157,1535 2189,1535 2221,1535 2254,1536 2286,1536 2318,1537 2351,1538 2383,1538 2415,1539 2447,1540 2480,1540 2512,1541 2544,1541 2577,1542 2609,1542 2641,1541 2674,1541"/>
                <TextEquiv>
                    <Unicode>lich in der Rolle des alten Geigers.</Unicode>
                </TextEquiv>
            </TextLine>
            <TextLine id="r2l26" custom="readingOrder {index:25;}">
                <Coords points="2737,1954 2817,1968 2865,1955 2904,1967 2944,1953 2978,1966 3108,1958 3107,1870 3062,1873 3015,1899 2979,1889 2921,1904 2897,1891 2858,1900 2771,1882 2737,1891"/>
                <Baseline points="2744,1939 2769,1939 2794,1939 2820,1938 2845,1938 2871,1937 2896,1937 2922,1936 2947,1936 2972,1935 2998,1935 3023,1935 3049,1935 3074,1935 3100,1936"/>
                <TextEquiv>
                    <Unicode>Telephon 12.801.</Unicode>
                </TextEquiv>
            </TextLine>
            <TextLine id="r2l27" custom="readingOrder {index:26;}">
                <Coords points="2245,2105 2287,2121 2448,2090 2523,2117 2698,2091 2783,2123 2874,2099 2872,1990 2723,1967 2625,1994 2458,1957 2425,1991 2342,1989 2244,2053"/>
                <Baseline points="2253,2107 2283,2104 2314,2102 2345,2099 2375,2098 2406,2097 2437,2095 2467,2094 2498,2094 2529,2093 2560,2093 2590,2092 2621,2092 2652,2092 2682,2092 2713,2091 2744,2091 2774,2091 2805,2091 2836,2090 2867,2089"/>
                <TextEquiv>
                    <Unicode>„OBSERVER“</Unicode>
                </TextEquiv>
            </TextLine>
            <TextLine id="r2l28" custom="readingOrder {index:27;}">
                <Coords points="2039,2170 2955,2184 3115,2161 3115,2125 3025,2097 2852,2130 2254,2103 2039,2133"/>
                <Baseline points="2046,2160 2099,2159 2152,2159 2205,2158 2258,2158 2311,2158 2364,2158 2417,2158 2470,2158 2523,2158 2576,2158 2629,2158 2682,2158 2735,2158 2788,2157 2841,2157 2894,2157 2947,2156 3000,2155 3053,2154 3107,2153"/>
                <TextEquiv>
                    <Unicode>österr. behördl. konz. Unternehmen für Zeitungs-Ausschhitte</Unicode>
                </TextEquiv>
            </TextLine>
            <TextLine id="r2l29" custom="readingOrder {index:28;}">
                <Coords points="2165,2235 2862,2256 2915,2226 2953,2252 2996,2235 2969,2183 2903,2201 2842,2171 2609,2195 2552,2169 2382,2175 2349,2203 2249,2166 2165,2175"/>
                <Baseline points="2172,2225 2212,2226 2253,2228 2294,2229 2335,2229 2376,2230 2417,2230 2457,2230 2498,2230 2539,2230 2580,2230 2621,2229 2662,2229 2703,2229 2743,2228 2784,2228 2825,2228 2866,2227 2907,2227 2948,2227 2989,2226"/>
                <TextEquiv>
                    <Unicode>Wien, I., Concordiaplatz 4.</Unicode>
                </TextEquiv>
            </TextLine>
            <TextLine id="r2l30" custom="readingOrder {index:29;}">
                <Coords points="2354,2286 2460,2310 2565,2299 2656,2311 2779,2290 2779,2245 2714,2237 2679,2259 2597,2250 2526,2269 2471,2261 2443,2237 2355,2259"/>
                <Baseline points="2361,2288 2386,2289 2412,2290 2437,2290 2463,2291 2489,2291 2514,2291 2540,2292 2566,2292 2591,2293 2617,2293 2642,2293 2668,2293 2694,2293 2719,2292 2745,2292 2771,2292"/>
                <TextEquiv>
                    <Unicode>Verfretungen</Unicode>
                </TextEquiv>
            </TextLine>
            <TextLine id="r2l31" custom="readingOrder {index:30;}">
                <Coords points="2015,2359 3105,2348 3071,2292 2214,2330 2015,2294"/>
                <Baseline points="2023,2344 2076,2345 2130,2345 2184,2345 2238,2346 2291,2346 2345,2346 2399,2346 2453,2346 2506,2346 2560,2346 2614,2345 2668,2345 2721,2345 2775,2345 2829,2344 2883,2344 2936,2343 2990,2343 3044,2343 3098,2342"/>
                <TextEquiv>
                    <Unicode>in Berlin, Budapest, Chicago, Christiania, Genf, Kopen¬</Unicode>
                </TextEquiv>
            </TextLine>
            <TextLine id="r2l32" custom="readingOrder {index:31;}">
                <Coords points="2035,2398 3053,2403 3108,2389 3108,2350 2035,2355"/>
                <Baseline points="2042,2386 2097,2385 2153,2384 2209,2384 2264,2384 2320,2384 2376,2384 2432,2384 2487,2384 2543,2384 2599,2385 2655,2385 2710,2385 2766,2385 2822,2385 2878,2385 2933,2385 2989,2384 3045,2384 3101,2383"/>
                <TextEquiv>
                    <Unicode>hagen, London, Madrid, Mailand, Minneapolis, New-Vork,</Unicode>
                </TextEquiv>
            </TextLine>
            <TextLine id="r2l33" custom="readingOrder {index:32;}">
                <Coords points="2064,2430 2297,2453 2680,2424 2853,2456 3073,2426 3024,2384 2064,2393"/>
                <Baseline points="2072,2423 2121,2422 2171,2422 2221,2422 2270,2422 2320,2422 2370,2421 2419,2421 2469,2421 2519,2421 2569,2421 2618,2421 2668,2422 2718,2422 2767,2423 2817,2423 2867,2424 2916,2425 2966,2426 3016,2427 3066,2428"/>
                <TextEquiv>
                    <Unicode>Paris, Rom, San Francisco, Stockholm, St. Petersburg.</Unicode>
                </TextEquiv>
            </TextLine>
            <TextLine id="r2l34" custom="readingOrder {index:33;}">
                <Coords points="2367,2476 2539,2459 2640,2479 2791,2475 2791,2436 2622,2426 2494,2441 2462,2425 2427,2441 2367,2440"/>
                <Baseline points="2375,2460 2400,2460 2426,2459 2451,2459 2477,2459 2502,2458 2528,2458 2553,2458 2579,2457 2605,2457 2630,2457 2656,2457 2681,2458 2707,2458 2732,2458 2758,2459 2784,2460"/>
                <TextEquiv>
                    <Unicode>(Giglienangabe ohne Gewähr).</Unicode>
                </TextEquiv>
            </TextLine>
            <TextLine id="r2l35" custom="readingOrder {index:34;}">
                <Coords points="2012,2533 2606,2540 3094,2606 3071,2516 2937,2536 2748,2487 2327,2465 2268,2497 2119,2460 2015,2483"/>
                <Baseline points="2019,2536 2072,2531 2125,2528 2179,2526 2232,2525 2286,2525 2339,2526 2392,2528 2446,2530 2499,2533 2553,2537 2606,2541 2659,2546 2713,2550 2766,2554 2820,2559 2873,2564 2926,2568 2980,2572 3033,2575 3087,2579"/>
                <TextEquiv>
                    <Unicode>Ausschnitt alterliner Börsen Zeitung, Berli</Unicode>
                </TextEquiv>
            </TextLine>
            <TextLine id="r2l36" custom="readingOrder {index:35;}">
                <Coords points="2244,2636 2558,2609 2615,2637 2944,2634 2944,2592 2628,2579 2573,2555 2488,2581 2447,2561 2362,2590 2244,2584"/>
                <Baseline points="2252,2636 2286,2632 2320,2629 2354,2625 2388,2623 2423,2620 2457,2619 2491,2618 2525,2617 2559,2617 2594,2617 2628,2618 2662,2618 2696,2619 2730,2620 2765,2622 2799,2624 2833,2625 2867,2627 2901,2629 2936,2631"/>
                <TextEquiv>
                    <Unicode>8 5. 1909 Morgenausgabe</Unicode>
                </TextEquiv>
            </TextLine>
            <TextLine id="r2l37" custom="readingOrder {index:36;}">
                <Coords points="2026,2638 2072,2647 2162,2640 2183,2661 2203,2656 2227,2664 2275,2655 2276,2637 2219,2636 2189,2616 2142,2624 2124,2606 2101,2608 2029,2587"/>
                <Baseline points="2033,2636 2059,2634 2085,2634 2111,2636 2137,2638 2163,2640 2189,2643 2215,2645 2241,2646 2268,2645"/>
                <TextEquiv>
                    <Unicode>vom.</Unicode>
                </TextEquiv>
            </TextLine>
            <TextLine id="r2l38" custom="readingOrder {index:37;}">
                <Coords points="2273,2720 3111,2724 3053,2665 2995,2690 2901,2667 2867,2694 2706,2663 2610,2690 2548,2664 2274,2680"/>
                <Baseline points="2281,2708 2322,2708 2363,2708 2404,2709 2445,2710 2486,2710 2527,2711 2569,2712 2610,2713 2651,2714 2692,2715 2733,2716 2774,2716 2815,2717 2857,2717 2898,2718 2939,2718 2980,2717 3021,2717 3062,2716 3104,2715"/>
                <TextEquiv>
                    <Unicode>Aus London schreibt man uns: Im</Unicode>
                </TextEquiv>
            </TextLine>
            <TextLine id="r2l39" custom="readingOrder {index:38;}">
                <Coords points="2166,2737 2224,2763 2626,2737 2689,2768 3009,2771 3098,2766 3099,2721 2166,2725"/>
                <Baseline points="2173,2753 2218,2752 2264,2751 2310,2750 2356,2750 2402,2750 2448,2750 2494,2751 2540,2752 2586,2753 2632,2754 2677,2755 2723,2756 2769,2757 2815,2758 2861,2758 2907,2758 2953,2758 2999,2757 3045,2756 3091,2754"/>
                <TextEquiv>
                    <Unicode>Afternoon=Theatre“ dessen Bühne Beerbohm</Unicode>
                </TextEquiv>
            </TextLine>
            <TextLine id="r2l40" custom="readingOrder {index:39;}">
                <Coords points="2151,2801 3096,2794 3096,2764 2652,2767 2610,2736 2326,2773 2151,2743"/>
                <Baseline points="2159,2792 2205,2792 2251,2792 2298,2792 2344,2793 2391,2793 2437,2794 2484,2794 2530,2795 2577,2795 2623,2796 2669,2796 2716,2797 2762,2797 2809,2798 2855,2798 2902,2798 2948,2798 2995,2798 3041,2798 3088,2797"/>
                <TextEquiv>
                    <Unicode>Trees „His Majesty Theatre“ darstellt, wurde</Unicode>
                </TextEquiv>
            </TextLine>
            <TextLine id="r2l41" custom="readingOrder {index:40;}">
                <Coords points="2157,2848 2166,2848 2179,2837 2197,2844 2208,2840 2236,2846 2312,2840 2311,2799 2297,2805 2274,2798 2256,2804 2225,2794 2213,2801 2193,2799 2185,2809 2156,2803"/>
                <Baseline points="2164,2832 2192,2830 2220,2829 2248,2828 2276,2828 2304,2830"/>
                <TextEquiv>
                    <Unicode>gestern</Unicode>
                </TextEquiv>
            </TextLine>
            <TextLine id="r2l42" custom="readingOrder {index:41;}">
                <Coords points="2336,2830 2355,2838 2415,2832 2446,2844 2520,2829 2545,2849 2560,2836 2641,2837 2642,2805 2569,2791 2534,2811 2509,2799 2464,2804 2442,2794 2402,2805 2374,2794 2336,2812"/>
                <Baseline points="2344,2832 2370,2831 2396,2831 2422,2830 2449,2831 2475,2831 2501,2831 2527,2832 2554,2834 2580,2835 2606,2837 2633,2840"/>
                <TextEquiv>
                    <Unicode>Arthur Schu</Unicode>
                </TextEquiv>
            </TextLine>
            <TextLine id="r2l43" custom="readingOrder {index:42;}">
                <Coords points="2778,2850 2830,2856 2858,2839 2873,2848 2937,2836 3005,2850 3053,2839 3095,2856 3093,2797 3023,2807 2947,2796 2926,2810 2901,2799 2851,2808 2808,2801 2795,2815 2777,2814"/>
                <Baseline points="2785,2841 2810,2841 2835,2840 2860,2839 2885,2838 2910,2837 2936,2835 2961,2835 2986,2834 3011,2834 3036,2834 3061,2835 3087,2838"/>
                <TextEquiv>
                    <Unicode> „Liebelei",</Unicode>
                </TextEquiv>
            </TextLine>
            <TextLine id="r2l44" custom="readingOrder {index:43;}">
                <Coords points="2662,2838 2677,2837 2680,2840 2685,2836 2697,2837 2704,2833 2712,2841 2721,2835 2737,2839 2751,2837 2753,2801 2742,2799 2738,2802 2733,2797 2723,2796 2709,2804 2702,2798 2693,2798 2679,2807 2673,2801 2664,2801"/>
                <Baseline points="2669,2840 2706,2840 2743,2844"/>
                <TextEquiv>
                    <Unicode>Ke</Unicode>
                </TextEquiv>
            </TextLine>
            <TextLine id="r2l45" custom="readingOrder {index:44;}">
                <Coords points="2159,2880 2945,2866 3107,2901 3107,2847 2796,2849 2754,2819 2487,2855 2159,2844"/>
                <Baseline points="2166,2866 2212,2868 2259,2869 2306,2871 2352,2871 2399,2872 2446,2872 2492,2872 2539,2872 2586,2872 2633,2872 2679,2871 2726,2871 2773,2871 2819,2871 2866,2872 2913,2872 2959,2873 3006,2873 3053,2875 3100,2877"/>
                <TextEquiv>
                    <Unicode>deren englischer Tu# Lobe“ lautet,</Unicode>
                </TextEquiv>
            </TextLine>
            <TextLine id="r2l46" custom="readingOrder {index:45;}">
                <Coords points="2161,2919 2684,2926 2748,2902 2970,2924 2997,2888 2261,2873 2161,2898"/>
                <Baseline points="2169,2912 2210,2911 2251,2911 2292,2911 2333,2910 2374,2910 2415,2910 2456,2910 2497,2911 2538,2911 2579,2911 2620,2912 2661,2912 2702,2912 2743,2913 2784,2913 2825,2913 2866,2913 2907,2913 2948,2913 2989,2913"/>
                <TextEquiv>
                    <Unicode>gegeben. Die „Adaptierung“ des Werkes</Unicode>
                </TextEquiv>
            </TextLine>
            <TextLine id="r2l47" custom="readingOrder {index:46;}">
                <Coords points="3006,2909 3019,2909 3033,2921 3044,2920 3057,2929 3060,2926 3071,2930 3075,2925 3083,2925 3088,2919 3096,2919 3095,2885 3087,2885 3079,2890 3057,2880 3042,2878 3005,2882"/>
                <Baseline points="3014,2916 3051,2913 3088,2914"/>
                <TextEquiv>
                    <Unicode>für</Unicode>
                </TextEquiv>
            </TextLine>
            <TextLine id="r2l48" custom="readingOrder {index:47;}">
                <Coords points="2158,2947 3098,2960 3098,2926 2994,2912 2158,2921"/>
                <Baseline points="2165,2952 2211,2951 2257,2950 2303,2950 2350,2949 2396,2949 2442,2949 2489,2950 2535,2950 2581,2951 2628,2951 2674,2952 2720,2952 2766,2953 2813,2953 2859,2954 2905,2954 2952,2954 2998,2954 3044,2954 3091,2954"/>
                <TextEquiv>
                    <Unicode>das englische Theater ist von Mr. G. Valentine</Unicode>
                </TextEquiv>
            </TextLine>
            <TextLine id="r2l49" custom="readingOrder {index:48;}">
                <Coords points="2159,2999 2742,3012 3020,2980 3108,3009 3108,2958 2159,2959"/>
                <Baseline points="2166,2993 2212,2992 2259,2992 2306,2991 2352,2991 2399,2991 2446,2991 2492,2991 2539,2991 2586,2992 2633,2992 2679,2992 2726,2993 2773,2993 2819,2993 2866,2994 2913,2994 2959,2994 3006,2994 3053,2994 3100,2994"/>
                <TextEquiv>
                    <Unicode>Williams besorgt worden. Die Aufnahme die</Unicode>
                </TextEquiv>
            </TextLine>
            <TextLine id="r2l50" custom="readingOrder {index:49;}">
                <Coords points="2167,3028 3112,3042 3112,3006 3018,2997 2167,3004"/>
                <Baseline points="2174,3031 2220,3030 2267,3030 2313,3030 2360,3030 2406,3031 2453,3031 2499,3031 2546,3032 2592,3033 2639,3033 2685,3034 2732,3034 2778,3034 2825,3035 2871,3035 2918,3035 2964,3035 3011,3035 3057,3034 3104,3034"/>
                <TextEquiv>
                    <Unicode>Schnitzlers Drama gestern fand, war günstig, kann</Unicode>
                </TextEquiv>
            </TextLine>
            <TextLine id="r2l51" custom="readingOrder {index:50;}">
                <Coords points="2167,3073 3097,3088 3108,3039 2167,3034"/>
                <Baseline points="2175,3071 2221,3071 2267,3071 2313,3071 2360,3071 2406,3071 2452,3071 2498,3072 2545,3072 2591,3073 2637,3073 2683,3073 2730,3073 2776,3074 2822,3074 2868,3074 2915,3074 2961,3073 3007,3073 3053,3072 3100,3072"/>
                <TextEquiv>
                    <Unicode>aber nicht als enthusiastisch bezeichnet werden.</Unicode>
                </TextEquiv>
            </TextLine>
            <TextLine id="r2l52" custom="readingOrder {index:51;}">
                <Coords points="2166,3110 3095,3117 3095,3087 3038,3075 2166,3071"/>
                <Baseline points="2173,3111 2218,3110 2264,3110 2310,3110 2355,3110 2401,3109 2447,3109 2492,3109 2538,3110 2584,3110 2630,3110 2675,3110 2721,3110 2767,3111 2812,3111 2858,3111 2904,3112 2949,3112 2995,3112 3041,3112 3087,3112"/>
                <TextEquiv>
                    <Unicode>Das, was der englische Theaterbesucher vor allem</Unicode>
                </TextEquiv>
            </TextLine>
            <TextLine id="r2l53" custom="readingOrder {index:52;}">
                <Coords points="2159,3147 3030,3162 3110,3122 2159,3115"/>
                <Baseline points="2166,3150 2212,3150 2259,3150 2306,3150 2353,3150 2400,3150 2446,3150 2493,3151 2540,3151 2587,3152 2634,3152 2680,3152 2727,3153 2774,3153 2821,3153 2868,3153 2914,3153 2961,3153 3008,3152 3055,3151 3102,3151"/>
                <TextEquiv>
                    <Unicode>von der Bühne verlangt, ist Handlung, während!</Unicode>
                </TextEquiv>
            </TextLine>
            <TextLine id="r2l54" custom="readingOrder {index:53;}">
                <Coords points="2167,3189 3094,3195 3084,3153 2167,3159"/>
                <Baseline points="2175,3191 2220,3190 2266,3190 2311,3189 2357,3189 2403,3189 2448,3189 2494,3189 2539,3189 2585,3189 2631,3189 2676,3190 2722,3190 2767,3191 2813,3192 2859,3192 2904,3193 2950,3193 2995,3193 3041,3194 3087,3194"/>
                <TextEquiv>
                    <Unicode>ihm das Wort mehr Nebensache ist. So läßt es sich</Unicode>
                </TextEquiv>
            </TextLine>
            <TextLine id="r2l55" custom="readingOrder {index:54;}">
                <Coords points="2155,3234 3106,3249 3106,3192 2251,3190 2155,3215"/>
                <Baseline points="2163,3229 2209,3229 2256,3228 2303,3228 2350,3228 2396,3229 2443,3229 2490,3229 2537,3230 2583,3231 2630,3231 2677,3231 2724,3232 2770,3232 2817,3232 2864,3232 2911,3232 2957,3231 3004,3230 3051,3229 3098,3228"/>
                <TextEquiv>
                    <Unicode>erklären, wenn der Kritiker eines Londoner Blattes</Unicode>
                </TextEquiv>
            </TextLine>
            <TextLine id="r2l56" custom="readingOrder {index:55;}">
                <Coords points="2157,3269 3102,3278 3102,3242 3063,3236 2157,3239"/>
                <Baseline points="2165,3268 2211,3268 2258,3269 2304,3269 2351,3269 2397,3269 2444,3270 2490,3270 2537,3270 2583,3270 2630,3270 2676,3270 2723,3270 2769,3271 2816,3271 2862,3271 2909,3271 2955,3270 3002,3270 3048,3270 3095,3270"/>
                <TextEquiv>
                    <Unicode>schreibt, daß „Light o' Love“ ein Rührstück sei, etwa</Unicode>
                </TextEquiv>
            </TextLine>
            <TextLine id="r2l57" custom="readingOrder {index:56;}">
                <Coords points="2155,3305 3102,3316 3102,3279 2918,3270 2155,3281"/>
                <Baseline points="2163,3309 2209,3309 2256,3308 2302,3308 2349,3308 2396,3308 2442,3308 2489,3309 2535,3309 2582,3309 2629,3309 2675,3310 2722,3310 2768,3310 2815,3310 2862,3310 2908,3310 2955,3309 3001,3309 3048,3308 3095,3307"/>
                <TextEquiv>
                    <Unicode>wie „Alt=Heidelberg“ ohne die Studentengesänge oder</Unicode>
                </TextEquiv>
            </TextLine>
            <TextLine id="r2l58" custom="readingOrder {index:57;}">
                <Coords points="2178,3348 3096,3356 3096,3316 3033,3312 2178,3316"/>
                <Baseline points="2185,3350 2230,3349 2275,3349 2320,3348 2365,3348 2411,3348 2456,3348 2501,3348 2546,3348 2591,3348 2637,3348 2682,3348 2727,3348 2772,3348 2817,3348 2863,3348 2908,3348 2953,3348 2998,3348 3043,3349 3089,3349"/>
                <TextEquiv>
                    <Unicode>der „Faust“ ohne Mephisto. — Max Reger, der</Unicode>
                </TextEquiv>
            </TextLine>
            <TextLine id="r2l59" custom="readingOrder {index:58;}">
                <Coords points="2167,3385 3083,3401 3107,3353 2167,3361"/>
                <Baseline points="2174,3387 2220,3386 2266,3386 2312,3386 2359,3386 2405,3386 2451,3387 2498,3387 2544,3387 2590,3388 2637,3388 2683,3389 2729,3389 2775,3389 2822,3389 2868,3389 2914,3388 2961,3387 3007,3386 3053,3384 3100,3382"/>
                <TextEquiv>
                    <Unicode>her soeben drei Konzerte, darunter zwei Kammer¬</Unicode>
                </TextEquiv>
            </TextLine>
            <TextLine id="r2l60" custom="readingOrder {index:59;}">
                <Coords points="2143,3452 2198,3428 3097,3433 3097,3397 2143,3379"/>
                <Baseline points="2151,3426 2200,3426 2249,3427 2299,3428 2348,3428 2398,3429 2447,3429 2496,3429 2546,3430 2595,3430 2645,3430 2694,3430 2744,3430 2793,3430 2842,3429 2892,3429 2941,3428 2991,3427 3040,3427 3090,3426"/>
                <TextEquiv>
                    <Unicode>Annsikkonzerte dirigierte, hat eine überaus warme</Unicode>
                </TextEquiv>
            </TextLine>
            <TextLine id="r2l61" custom="readingOrder {index:60;}">
                <Coords points="2167,3464 3106,3477 3106,3425 2167,3432"/>
                <Baseline points="2175,3467 2221,3467 2267,3467 2313,3467 2359,3467 2405,3467 2451,3468 2498,3468 2544,3468 2590,3468 2636,3468 2682,3468 2728,3468 2774,3468 2821,3468 2867,3467 2913,3467 2959,3466 3005,3466 3051,3465 3098,3464"/>
                <TextEquiv>
                    <Unicode>Aufnahme gefunden. Die führenden Londoner</Unicode>
                </TextEquiv>
            </TextLine>
            <TextLine id="r2l62" custom="readingOrder {index:61;}">
                <Coords points="2757,3508 2790,3520 2820,3511 2830,3522 2872,3510 2902,3521 2987,3510 3029,3527 3078,3496 3096,3502 3096,3470 3030,3470 3020,3481 2998,3470 2962,3494 2905,3467 2884,3482 2806,3470 2772,3496 2757,3493"/>
                <Baseline points="2765,3506 2792,3506 2819,3506 2846,3506 2873,3507 2900,3507 2927,3508 2954,3508 2981,3508 3008,3508 3035,3507 3062,3506 3089,3505"/>
                <TextEquiv>
                    <Unicode>„Morning Post“</Unicode>
                </TextEquiv>
            </TextLine>
            <TextLine id="r2l63" custom="readingOrder {index:62;}">
                <Coords points="2170,3511 2669,3517 2750,3492 2726,3471 2571,3487 2526,3471 2466,3493 2432,3471 2236,3480 2170,3462"/>
                <Baseline points="2178,3504 2206,3504 2234,3505 2262,3505 2290,3506 2319,3507 2347,3507 2375,3508 2403,3508 2431,3508 2460,3508 2488,3509 2516,3509 2544,3509 2572,3509 2601,3509 2629,3509 2657,3509 2685,3508 2713,3508 2742,3508"/>
                <TextEquiv>
                    <Unicode>Tageszeitungen, wie „Times“</Unicode>
                </TextEquiv>
            </TextLine>
            <TextLine id="r2l64" custom="readingOrder {index:63;}">
                <Coords points="2175,3554 3083,3558 3106,3495 3026,3529 2558,3503 2176,3530"/>
                <Baseline points="2183,3545 2228,3545 2274,3544 2320,3544 2366,3544 2411,3545 2457,3545 2503,3545 2549,3545 2594,3546 2640,3546 2686,3546 2732,3547 2777,3547 2823,3547 2869,3547 2915,3547 2960,3547 3006,3547 3052,3547 3098,3546"/>
                <TextEquiv>
                    <Unicode>„Standard“ usw., beschäftigten sich eingehend mit</Unicode>
                </TextEquiv>
            </TextLine>
            <TextLine id="r2l65" custom="readingOrder {index:64;}">
                <Coords points="2174,3618 3107,3598 3107,3557 3026,3549 2174,3557"/>
                <Baseline points="2182,3598 2227,3597 2273,3597 2319,3596 2365,3595 2411,3594 2457,3593 2503,3592 2549,3591 2595,3590 2641,3590 2686,3589 2732,3588 2778,3588 2824,3588 2870,3587 2916,3588 2962,3588 3008,3589 3054,3590 3100,3591"/>
                <TextEquiv>
                    <Unicode>Mar Regers Schaffen und Tätigkeit, und unter</Unicode>
                </TextEquiv>
            </TextLine>
            <TextLine id="r2l66" custom="readingOrder {index:65;}">
                <Coords points="2191,3660 3139,3657 3120,3628 2933,3620 2191,3627"/>
                <Baseline points="2198,3657 2244,3656 2291,3656 2337,3656 2384,3656 2431,3657 2477,3657 2524,3658 2571,3659 2617,3659 2664,3660 2711,3661 2757,3662 2804,3663 2851,3663 2897,3664 2944,3664 2991,3664 3037,3664 3084,3663 3131,3662"/>
                <TextEquiv>
                    <Unicode>anderem sagt der „Standard“ der auch ein Inter¬</Unicode>
                </TextEquiv>
            </TextLine>
            <TextLine id="r2l67" custom="readingOrder {index:66;}">
                <Coords points="2198,3699 3106,3719 3129,3661 2199,3663"/>
                <Baseline points="2206,3697 2251,3698 2297,3699 2343,3699 2389,3700 2434,3701 2480,3701 2526,3701 2572,3702 2617,3702 2663,3703 2709,3703 2755,3704 2800,3704 2846,3704 2892,3705 2938,3705 2983,3706 3029,3706 3075,3707 3121,3708"/>
                <TextEquiv>
                    <Unicode>view mit Reger bringt: „Solch einen tiefen Eindruck,</Unicode>
                </TextEquiv>
            </TextLine>
            <TextLine id="r2l68" custom="readingOrder {index:67;}">
                <Coords points="2201,3743 3140,3742 3110,3715 2905,3723 2852,3697 2201,3701"/>
                <Baseline points="2208,3737 2254,3737 2300,3737 2346,3738 2393,3738 2439,3739 2485,3740 2531,3741 2578,3742 2624,3743 2670,3744 2716,3745 2763,3745 2809,3746 2855,3746 2901,3747 2948,3747 2994,3747 3040,3746 3086,3745 3133,3744"/>
                <TextEquiv>
                    <Unicode>wie ihn Max Regers Musik hinterlassen hat, haben</Unicode>
                </TextEquiv>
            </TextLine>
            <TextLine id="r2l69" custom="readingOrder {index:68;}">
                <Coords points="2191,3771 3091,3797 3126,3755 2191,3745"/>
                <Baseline points="2199,3778 2247,3776 2295,3776 2344,3775 2392,3776 2440,3776 2489,3777 2537,3779 2585,3780 2634,3781 2682,3783 2731,3784 2779,3785 2827,3786 2876,3786 2924,3786 2972,3785 3021,3783 3069,3781 3118,3778"/>
                <TextEquiv>
                    <Unicode>wir seit der Einführung Strauß' nicht erlebt. Eng¬</Unicode>
                </TextEquiv>
            </TextLine>
            <TextLine id="r2l70" custom="readingOrder {index:69;}">
                <Coords points="2201,3816 2964,3838 3132,3811 3132,3787 2201,3775"/>
                <Baseline points="2208,3818 2253,3817 2299,3816 2345,3816 2391,3816 2437,3816 2482,3817 2528,3817 2574,3818 2620,3819 2666,3820 2711,3821 2757,3822 2803,3823 2849,3823 2895,3823 2940,3823 2986,3823 3032,3822 3078,3820 3124,3818"/>
                <TextEquiv>
                    <Unicode>lische Musikliebhaber mögen zwar schon lange gewußt</Unicode>
                </TextEquiv>
            </TextLine>
            <TextLine id="r2l71" custom="readingOrder {index:70;}">
                <Coords points="2197,3858 3128,3874 3115,3824 2197,3821"/>
                <Baseline points="2204,3858 2249,3856 2295,3855 2341,3855 2387,3855 2433,3855 2478,3855 2524,3856 2570,3856 2616,3857 2662,3858 2707,3859 2753,3860 2799,3860 2845,3861 2891,3861 2936,3861 2982,3861 3028,3860 3074,3859 3120,3858"/>
                <TextEquiv>
                    <Unicode>haben, daß Max Reger einer von den großen, vorwärts¬</Unicode>
                </TextEquiv>
            </TextLine>
            <TextLine id="r2l72" custom="readingOrder {index:71;}">
                <Coords points="2198,3893 3116,3912 3133,3867 2199,3863"/>
                <Baseline points="2205,3894 2251,3894 2297,3894 2343,3894 2389,3894 2435,3895 2481,3895 2527,3896 2573,3897 2619,3898 2665,3899 2711,3900 2757,3900 2803,3901 2849,3902 2895,3902 2941,3903 2987,3903 3033,3903 3079,3902 3125,3902"/>
                <TextEquiv>
                    <Unicode>drängenden Geistern in der „modernen“ deutschen</Unicode>
                </TextEquiv>
            </TextLine>
            <TextLine id="r2l73" custom="readingOrder {index:72;}">
                <Coords points="2194,3932 3132,3934 3108,3904 2195,3892"/>
                <Baseline points="2202,3932 2248,3932 2294,3933 2340,3933 2386,3933 2432,3934 2478,3934 2524,3935 2570,3935 2616,3936 2663,3937 2709,3937 2755,3937 2801,3938 2847,3938 2893,3939 2939,3939 2985,3939 3031,3939 3077,3939 3124,3938"/>
                <TextEquiv>
                    <Unicode>Musik ist; aber erst am letzten Montag, als Reger</Unicode>
                </TextEquiv>
            </TextLine>
            <TextLine id="r2l74" custom="readingOrder {index:73;}">
                <Coords points="2200,3988 3124,3976 3108,3944 2200,3937"/>
                <Baseline points="2208,3972 2253,3972 2298,3972 2344,3972 2389,3972 2435,3972 2480,3973 2525,3973 2571,3974 2616,3975 2662,3976 2707,3976 2752,3977 2798,3978 2843,3979 2889,3979 2934,3980 2979,3980 3025,3981 3070,3981 3116,3981"/>
                <TextEquiv>
                    <Unicode>sein Debüt in London in einem Konzerte, das nur</Unicode>
                </TextEquiv>
            </TextLine>
            <TextLine id="r2l75" custom="readingOrder {index:74;}">
                <Coords points="2192,4019 3129,4028 3129,3991 3088,3984 2192,3985"/>
                <Baseline points="2200,4009 2246,4010 2292,4010 2338,4011 2384,4012 2430,4013 2476,4014 2522,4014 2568,4015 2614,4016 2660,4017 2706,4017 2752,4018 2798,4019 2844,4019 2890,4019 2936,4020 2982,4020 3028,4020 3074,4020 3121,4019"/>
                <TextEquiv>
                    <Unicode>eigene Kompositionen enthielt, machte, erkannte man</Unicode>
                </TextEquiv>
            </TextLine>
            <TextLine id="r2l76" custom="readingOrder {index:75;}">
                <Coords points="2194,4054 3032,4075 3116,4071 3117,4019 2194,4018"/>
                <Baseline points="2202,4049 2247,4050 2292,4051 2337,4051 2383,4052 2428,4053 2473,4054 2519,4055 2564,4055 2609,4056 2655,4056 2700,4057 2745,4057 2790,4057 2836,4058 2881,4058 2926,4058 2972,4057 3017,4057 3062,4057 3108,4056"/>
                <TextEquiv>
                    <Unicode>die Schönheit, die Originalität und die Stärke seiner</Unicode>
                </TextEquiv>
            </TextLine>
            <TextLine id="r2l77" custom="readingOrder {index:76;}">
                <Coords points="2178,4107 2210,4095 2250,4094 2268,4104 2294,4101 2317,4110 2343,4093 2382,4087 2382,4054 2322,4064 2302,4052 2268,4058 2259,4052 2250,4058 2178,4052"/>
                <Baseline points="2186,4093 2212,4092 2239,4092 2266,4091 2293,4091 2320,4091 2347,4092 2374,4093"/>
                <TextEquiv>
                    <Unicode>Arbeiten.“</Unicode>
                </TextEquiv>
            </TextLine>
            <TextEquiv>
                <Unicode>ADGLF SCHUSTERMAA
CHTEN-BU
ZEITUNGSNACHR
BERLIN-SO. 16, RUNGE-STRASSE 25/27.
Zeitung. Vessische Ztg.
Berlin
Adresse:
Datum
13. MAl 1909.
ETEERNNLRARA 
KArR
Schnitzlers „Liebelei“ in England. London, 15. Mai.
(Eig. Mitt.) Eine, begeisterte Aufnahme wurde gestern Arthur
Schnitzlers „Liepelei“ zu teil, die im Afternon Theatre
(His Majestys) dein (Londdner Publikin=#ulder von V. Williams
angefertigten Übersetzung als „Light o’ love“ geboten wurde.
Zwar war Henry Ainley viel zu feierlich und ernsthaft in der
Rolle des leichtsinnigen und flatterhaften Fritz Lobheimer, während
Margaret Halstan als Christine nicht ganz den hochgradigen Schmerz
zum Ausdruck brachte, den das Mädchen in dem Augenblick empfinder
muß, da es mit der Todesnachricht die Gewißheit erhält, daß sein
Geliebter es mit einer verheirateten Frau betrogen hat. Dagegen
befriedigten M. R. Hignett als Hans Weiring und Miß M. Busse
als Mizi Schlager in jeder Hinsicht; auch C. Mande war vorzüg¬
lich in der Rolle des alten Geigers.
Telephon 12.801.
„OBSERVER“
österr. behördl. konz. Unternehmen für Zeitungs-Ausschhitte
Wien, I., Concordiaplatz 4.
Verfretungen
in Berlin, Budapest, Chicago, Christiania, Genf, Kopen¬
hagen, London, Madrid, Mailand, Minneapolis, New-Vork,
Paris, Rom, San Francisco, Stockholm, St. Petersburg.
(Giglienangabe ohne Gewähr).
Ausschnitt alterliner Börsen Zeitung, Berli
8 5. 1909 Morgenausgabe
vom.
Aus London schreibt man uns: Im
Afternoon=Theatre“ dessen Bühne Beerbohm
Trees „His Majesty Theatre“ darstellt, wurde
gestern
Arthur Schu
 „Liebelei",
Ke
deren englischer Tu# Lobe“ lautet,
gegeben. Die „Adaptierung“ des Werkes
für
das englische Theater ist von Mr. G. Valentine
Williams besorgt worden. Die Aufnahme die
Schnitzlers Drama gestern fand, war günstig, kann
aber nicht als enthusiastisch bezeichnet werden.
Das, was der englische Theaterbesucher vor allem
von der Bühne verlangt, ist Handlung, während!
ihm das Wort mehr Nebensache ist. So läßt es sich
erklären, wenn der Kritiker eines Londoner Blattes
schreibt, daß „Light o' Love“ ein Rührstück sei, etwa
wie „Alt=Heidelberg“ ohne die Studentengesänge oder
der „Faust“ ohne Mephisto. — Max Reger, der
her soeben drei Konzerte, darunter zwei Kammer¬
Annsikkonzerte dirigierte, hat eine überaus warme
Aufnahme gefunden. Die führenden Londoner
„Morning Post“
Tageszeitungen, wie „Times“
„Standard“ usw., beschäftigten sich eingehend mit
Mar Regers Schaffen und Tätigkeit, und unter
anderem sagt der „Standard“ der auch ein Inter¬
view mit Reger bringt: „Solch einen tiefen Eindruck,
wie ihn Max Regers Musik hinterlassen hat, haben
wir seit der Einführung Strauß' nicht erlebt. Eng¬
lische Musikliebhaber mögen zwar schon lange gewußt
haben, daß Max Reger einer von den großen, vorwärts¬
drängenden Geistern in der „modernen“ deutschen
Musik ist; aber erst am letzten Montag, als Reger
sein Debüt in London in einem Konzerte, das nur
eigene Kompositionen enthielt, machte, erkannte man
die Schönheit, die Originalität und die Stärke seiner
Arbeiten.“</Unicode>
            </TextEquiv>
        </TextRegion>
    </Page>
</PcGts>
