3436 4352
420 158 834 238 Liebelei
957 158 1395 259 box 10/1
256 155 928 284 5. Lanauau
2588 1219 3324 1295 „. Jubel. Er etgahfie mnt
509 1274 3321 1342 Ar Einngars Kanonalgeschenteübergeden; er hier, obwohl es sich auf uralte Rechte berusen könnte, damit, serner, wie freudig erstaunt er war, als er einen Einblick in
239 1334 2298 1369 wies ihn zu Gunsten der Hinterbliebenen der im Kriege Gefallenen den jetzigen Status aufrecht zu erhalten.
2284 1337 3323 1404 die reichen Schätze an spanischen Manuscripten und seltenen
246 1377 2294 1441 zurück. Ein zweites Mal verfuhr er ganz ähnlich, nachdem er] Denn ersteus könnte jeder Versuch einer Aenderung desselben
2298 1390 3325 1456 Drucken gewann, welche eine Zierde unserer Hof¬
2296 1423 2688 1491 bibliothek bilden.
250 1427 2294 1487 den letzten Aufstand auf Cuba überwältigt hatte. Dabei junberechenbare Verwicklungen herbeiführen, da
340 1531 1278 1597 Die stärksten Proben seines Talents hat Schnitzler für
1267 1531 2287 1583 müßigen Poetengehirns, das von dem Dichter der „Nora“
2288 1525 3333 1593 bis sie selbst davon anfängt, nachdem die Gefahr vorüber ist.
234 1551 1275 1634 den letzten Act aufgespart, der entschieden zur Tragödie
1276 1581 2286 1640 zum Produciren angeregt worden ist. Giacosa's „Rechte
2295 1581 3320 1647 „Welche Gefahr?“ ruft der halb verrückt gemachte Paul
234 1620 1273 1688 abschwenkt und, nachdem der verächtliche Held im Zwischen¬
1261 1630 2296 1686 der Seele“ suchen sich dadurch zu beglaubigen, daß sie alle
2297 1631 3321 1689 und verlangt die Briefe zu sehen, die Ludwig an Anna ge¬
236 1672 1278 1731 act aus dem Wege geräumt worden ist, das verlassene
1268 1673 2296 1732 übrigen Rechte mit Füßen treten. Die Seele ist natürlich
2288 1675 3319 1736 richtet hat. Das ist sein Recht, und sie überläßt sie ihm.
240 1713 1275 1780 Mädchen als wahre tragische Heldin auf den Schild erhebt.
1269 1720 2293 1775 eine hysterische Frauenseele, welche von ihrem Gatten das
2290 1720 3318 1782 Er, hochherzig wie er einmal ist, wirst das Bündel un¬
239 1772 1273 1830 Verurtheilt, gerichtet und beendet ist die Liebelei, die wahre
2292 1767 3330 1826 eröffnet ins Feuer, bittet seine Frau mit Thränen um Ver¬
1273 1764 2287 1830 Unmögliche verlangt. Nie befand sich ein sonst wohlsituirter
237 1827 1279 1874 Liebe lebe, um den Märtyrertod zu sterben! So ist dieser
2298 1808 3329 1881 zeihung und schlägt ihr eine Erholungsreise in die Schweiz
240 1861 1274 1917 gehaltvollste und schönste Theil des Werkes eigentlich nur
1276 1859 2297 1917 brave, mit besonders hervorragenden Eigenschaften des
2297 1858 3325 1930 vor. Das empört sie aufs äußerste und sie schreit: „Ich
240 1909 1278 1967 ein Epilog der vorhergehenden Theile. In dem lockeren
2291 1910 3323 1969 liebte Ludwig und ich liebe ihn noch. Ich habe nie einen
1268 1905 2289 1960 Geistes und Körpers allerdings nicht gerade gesegnete Paul.
243 1953 1278 2005 Gesüge des Ganzen verräth sich der Anfänger oder, wenn
1269 1954 2290 2011 Was geschieht ihm? Er bekommt ein Telegramm aus
2286 1947 3321 2019 Anderen geliebt und empfinde nun die Reue meiner Tugend“
236 2000 1274 2059 das besser klingt, der Schüler des modernen Naturalismus.
1274 2006 2298 2055 London, daß sich dort sein Freund und Vetter Ludwig er¬
2283 1994 3328 2070 (soll wohl heißen: ich bereue, daß ich tugendhaft geblieben
242 2050 1276 2103 Nun, wir meinen, wer so reich begabt ist wie Schnitzler, hat
1270 2046 2294 2109 schossen hat. Er verläßt sofort sein Landhaus bei Mailand,
2286 2046 3324 2102 bin), und nun rückt sie dem bestürzten Manne vor, was er
243 2098 1281 2153 es, Gott sei Dank, nicht nöthig, Naturalist zu sein oder zu
1277 2100 2294 2152 reist hin und bringt die Angelegenheiten des Verstorbenen
2291 2094 3323 2156 Alles hätte ahnen, fühlen, wittern, sehen, hören, thun und
1282 2146 2292 2196 in Ordnung. Ueber das Motiv des Selbstmordes verlautet
235 2141 1280 2200 bleiben, und wer im Einzelnen so vortrefflich und
2298 2138 3322 2191 lassen sollen, um sie sich zu erhalten. Denn nur um ihn zu
242 2186 1273 2243 künstlerisch zu componiren versteht, wird es auch im Ganzen
1268 2185 2285 2245 nichts. Als er nach Hause zurückkehrt, übergibt ihm die
2287 2188 3335 2240 schonen, hat sie ihm nie etwas gesagt und sich so gestellt, als
230 2235 1268 2294 können. Die Scene zwischen Christine und ihrem Vater, der
1280 2233 2294 2295 Behörde eine Briestasche, die man nachträglich im Rocke des
2285 2231 3326 2290 liebte sie ihn. Wie hätte also Paul sich benehmen sollen?
241 2282 1283 2351 sie auf die furchtbare Nachricht vorbereiten will, worüber
1278 2286 2288 2346 Todten gefunden, und in dieser Briestasche erblickt Paul zu
2297 2275 3325 2338 Vielleicht hätte er in einer trauten Stunde ihr ins Ohr
246 2326 1277 2388 ihm selbst das Herz bricht, sowie die späteren Seenen,
1265 2334 2289 2394 seiner Ueberraschung einen Brief seiner Frau folgenden
2286 2341 3321 2393 flüstern sollen: „Sag' mal, liebes Kind, Du liebst wohl
242 2366 1277 2434 welche dem Selbstmord Christinens vorangehen, üben eine
2287 2377 3332 2439 unseren Vetter Ludwig? Ich verdenke es Dir nicht; denn
1271 2381 2288 2445 Inhalts: „Du schreibst mir, daß Du, wenn ich Dir nicht
242 2419 1270 2480 wahrhaft erschütternde Gewalt auf den in athemloser Span¬
1267 2430 2284 2482 antworte, sofort hieher zurückkehrst. Ich liebe meinen Mann.
2299 2428 3323 2483 er ist ein hübscher Junge und zehnmal gescheidter als ich.“
243 2465 1277 2527 nung lauschenden Zuschauer aus. Nicht sowoyl der Tod des
1264 2477 2292 2539 Das ist meine Antwort. Ich habe Dir nichts weiter zu
2288 2467 3319 2536 Dann hätte Anna mit niedergeschlagenen Augen verschämt
237 2516 1282 2585 Geliebten stürzt die Aermste in Verzweiflung, als vielmehr
1273 2520 2287 2580 sagen als das und ich werde es immer wiederholen. Ich
2293 2515 3327 2574 gelispelt: „Ach ja, lieber Paul, Du hast es errathen, es
244 2555 1272 2620 der Gedanke, daß er für eine Andere hat sterben können,
1268 2567 2288 2626 beschwöre Dich, mich nicht zu quälen. Anna.“ Der größeren
2288 2559 3333 2632 verhält sich in der That so. Aber sei nur ruhig, ich werde
235 2608 1269 2667 daß ihr, der Ehrlosen, kein Theil an der Trauer um ihn,
1269 2616 2287 2681 Sicherheit wegen hatte Ludwig darunter geschrieben: „Er¬
2285 2611 3327 2677 ihm schon schreiben, daß ich Dich liebe. Diese Nothlüge
245 2658 1279 2724 kein Platz an seiner Leiche, an seinem Grabe vergönnt ist.
1271 2658 2292 2719 halten am 20. 6. um 11 Uhr Vormittags“, steckte den
2295 2670 3327 2726 wirst Du mir verzeihen; denn ich habe mir vorgenommen,
243 2700 1270 2757 Sie fühlt wohl auch, daß sie sammt ihrem Vater Unrecht
1271 2703 2292 2768 Brief in sein Portefeuille, dieses in seinen Rock und erschoß
2291 2709 3326 2761 Dir treu zu bleiben!“ Der beglückte Gatte aber hätte dann¬
245 2752 1284 2806 hotte, daß ihre übergroße Liebe zu dem Unwürdigen eine
1279 2752 2285 2807 sich. Auf den Vetter Ludwig, Frau Anna und auf die
2288 2746 3326 2821 sein kreuzbraves, biederes Weib an sich gezogen, und sie
236 2796 1277 2863 Berirrung war, und dieses vernichtende Gefühl jagt sie in
1278 2799 2289 2861 Londoner Polizei wirft der Brief ein häßliches Licht.
2284 2794 3319 2863 hätte bewundernd zu ihm emporgeschaut: „Du hast mich
235 2842 1266 2915 den Tod. Der Gerichtete hatte nur geliebelt, sie aber hatte
1274 2849 2295 2910 Anna hätte ihn nicht schreiben, Ludwig ihn vernichten,
2292 2826 3330 2896 verstanden, Du bist doch klüger als Du aussiehst, und so
243 2895 1274 2956 geliebt; die Lüge steigerte den Irrthum zur tragischen
1270 2878 2294 2957 die Polizei aber ihn finden sollen. Da alle Drei ihre
2296 2892 3320 2958 sind wir einander werth!“ Stimme des Bruder Marius aus
247 2939 1278 2994 Schuld und führte den Untergang der zum Sterben Gereisten
1270 2938 2291 2997 Schuldigkeit versäumten, that Paul die seinige und las ihn.
2285 2945 3323 3001 dem Hintergrunde: „Nein, Paul, ich kenne Dich länger und
1274 2991 2284 3047 Zum Teufel auch, er wollte doch erfahren, warum sein lieber
242 2980 1263 3043 herbei. Mit den ewigen Mächten, die aus den Tiesen der
2282 2988 3320 3054 besser. Du bist doch noch dümmer als Du aussiehst. Aber
1268 3021 2292 3088 Vetter sich das Leben genommen hatte. Das nimmt Frau
242 3034 1270 3095 Menschenbrust zu den Sternen hinaufgewachsen sind, läßt sich
2297 3032 3325 3095 Dummheit ist kein Scheidungsgrund. Und wenn nur die ge¬
252 3077 500 3150 nicht spassen.
1257 3064 3312 3149 Anna übel. Sie wünscht, daß nicht eher über den Brief undscheidten Männer von den Frauen geliebt würden, so stürbe
2937 3134 3281 3211 Max Kalbuck.
330 3129 2590 3210 Wohl aber mit den verzwickten Problemen eines die damit zukammenhängende Geschichte gesprochen werde, die Welt aus!“
