3436 4224
337 126 698 196 Liebelen
885 115 1321 211 box 13/8
196 126 774 242 5. J
1064 739 1115 873 1
1118 858 1318 923 Oesterr.
1110 904 1424 955 behördl. konz.
696 867 1038 962 OBSERVE
1137 942 1431 978 achrichten
699 946 1028 993 Büro für Zeitu
1305 969 1417 1046 K1
1018 974 1224 1049 SLL2E
955 976 1002 1046 N
717 983 860 1033 WIEN
840 1076 1344 1175 Ostland, Fürstente
929 1156 1310 1250 29. APR. 193
555 1192 632 1285 2
749 1278 1492 1388 Herzensschicksale.
582 1358 1710 1457 Ueber die Aufführung dieses steirischen Volksstückes
508 1427 1709 1509 unseres Schriftleiters in Neuern schreibt die „Westböh¬
502 1467 980 1535 mische Tageszeitung“:
587 1520 1699 1595 Vor fast 400 Zuschauern fand im überfüllien Kohl¬
502 1570 1699 1649 hofer-Theatersaal die tschsl. Uraufführung des in den Al¬
496 1613 1697 1710 penländern Oesterreichs so bekannten gemütstiefen fünf¬
499 1673 1693 1749 aktigen Volksstückes „Herzensschicksale“ des be¬
488 1717 1702 1798 tagten Dichters Adolf Frankl (Schuldirektor i. R. in
483 1747 1691 1835 Fürstenfeld, Oststeiermark) statt. — Ueber Leben und
482 1803 1690 1895 Schaffen dieses auch durch andere Werke (Theaterstücke,
489 1859 1687 1926 Versbücher, weitverbreitete echte Volksromane wie „Dem
481 1901 1698 1972 Lichte entgegen!“, „Im gelobten Lande“ u. v. a.) bewährten
484 1951 1684 2034 Freundes von Peter Rosegger, Ottokar Kernstock u. a. m.
482 2011 1684 2092 sprach der Organisator dieses Abends, Dr. Robert Rein¬
486 2049 1679 2137 hard (Neuern), unter dessen Leitung kunstbegeisterte Dil¬
477 2092 1682 2190 letanten ihr Bestes zu bieten trachteten. Diese Lebenskragö¬
1762 375 2961 496 die des schlichten Dorfmädchens Leni und des jungen Schul¬
1758 451 2978 538 lehrers Reinprecht, von farbenprächtigen und wurzelechten
1761 504 2974 598 Episodenfiguren umrahmt, wird überall durch die glückliche
1761 550 2975 640 Mischung von Scherz und Ernst wirken, wo für „Nach¬
1763 589 2980 688 folgestücke“ aus dem Kreise Anzengruber und Schönherr
1763 642 2975 735 ein unverdorbenes Publikum sich vorfindet. Dieses bereits
1752 694 2952 772 1911 entstandene Volksschauspiel dürfte auch in den Rah¬
1749 755 2961 835 men des Deutschen Kulturverbandes und Bundes der
1745 785 2948 876 Deutschen in Böhmen eingereiht werden, was auch für des¬
1754 825 2957 931 selben Autors prächtiges, wirklich poetisch wertvolles Mär¬
1752 891 2959 970 chenstück „Weihnachtszauber“ noch bei Lebzeiten des 70.
1746 936 2945 1005 jährigen Autors erfolgen sollte. Ein überparteilicher Volks¬
1745 987 2949 1073 bildungsausschuß soll auf diese bildende Art im Neuerner
1745 1018 2960 1126 Bezirke auch die Werke von Anzengruber, Rosegger,
1733 1083 2943 1158 Ganghofer, Schönherr, Halbe („Jugend“), Kleist („Der zer¬
1736 1122 2952 1192 brochene Krug“), Schnitzler („Liebelei" und Einakter),
1735 1167 2931 1273 Hauptmann („Hanneles Himmekfährt“ usw.), also nur wirk¬
1738 1215 2937 1308 lich gute Werke den breiteren Volksschichten nahebringen.
1753 1261 2935 1344 — Der Reinertrag obigen, am 25. Mai (Christi Himmel¬
1724 1321 2939 1424 fahrt) zu wiederholenden Theakerabends wurde den Neuer¬
1730 1364 2602 1449 ner Arbeitslosen und Vereinen gewidmet.
1818 1411 2932 1507 Die „Südböhmische Volkszeitung“ schrieb u. a.. „Die¬
1719 1424 2933 1551 ses ehrlich gemeinte Volksstück behandelte die tragische
1727 1508 2933 1602 Liebesgeschichte eines Dorflehrers, der eine arme Häus¬
1724 1550 2929 1647 lerstochter, nachdem er sie in weinseliger. Laune zum Weib,
1718 1600 2915 1687 zur Mutter gemacht hatte, aus moralischen Gründen hei¬
1714 1653 2920 1751 ratet, während sein Herz, sein hochstrebender Geist, einer
1718 1709 2922 1780 anderen, seiner Jugendfreundin, gehört. Dieser gesteht er,
1717 1746 2933 1856 der unglücklich Verheiratete, seine Liebe. Seine Frau
1720 1795 2919 1893 wohnt ungewollt diesem Geständnisse bei und stürzt sich,
1704 1845 2913 1940 gebrochenen Herzens, von einer Anhöhe in die Tiefe, um
1715 1887 2926 1972 dem geliebten Manne den Weg zur Liebe, zum Erfolge
1713 1934 2920 2048 freizumachen. — Das Stück wurde von der Zuhörerschaft
1711 1986 2311 2052 sehr beifällig aufgenommen.
1802 2042 2916 2137 Auch „Die Neue Morgenpost“ in Prag berichteke von
1702 2083 2915 2196 einer „beifälligen Aufnahme. Die Hauptrolle wurde von
1704 2131 2558 2218 Frl. Swoboda meisterhaft dargestellt.“
1960 2557 2789 2664 „OBSERVER'
2054 2637 2748 2709 I. österr. behördl. konzessioniertes
2028 2691 2780 2764 Unternehmen für Zeitungs-Ausschnitte
2083 2751 2707 2830 WIEN, I., WOLLZEILE 11
1920 2764 1990 2848 ∆
2160 2808 2636 2868 TELEPHON R-23--43
1853 2836 1978 2924 ∆
1977 2936 2358 3028 Ausschnitt aus:
2061 3003 2623 3107 Vertety, New York
2311 3076 2667 3158 35.7.1933
2298 3138 2552 3207 Vienna.
1981 3169 2134 3242 vom:
2328 3176 2726 3263 Erich Glass
2011 3336 2719 3414 PHeinz Saltenburg acquires new
2017 3398 2732 3461 Oscar Straus opuspased og. Schnitz¬
2023 3442 2399 3495 ler’s Liebelei.
2071 3463 2724 3521 Art Film Co. resurrects with
2028 3506 2745 3564 plans fon##three talkers beginning
2024 3547 2467 3614 witheLöve at Court.
1912 3574 2041 3663 Sen
