3248 4320
429 169 772 240 iebelei
252 158 1359 282 5. „ box 10/1
1686 1308 1740 1403 u1
662 1466 1796 1569 Theater, Kanst und Iletalu.
955 1584 1537 1686 Das Wiener Drama.
644 1663 1798 1736 (Zur Première von Arthur Schnitzler's „Liebelei“ und
871 1719 1588 1782 J. J. David's „Ein Regentag“.)
733 1746 1801 1825 Wir wollen dem dramatischen Dichter Arthur
649 1805 1808 1873 Schnitzler nicht wehe thun, wenn wir seiner Muse
658 1859 1805 1906 gleichzeitig mit der seines Concurrenten J. J. David
661 1900 1808 1960 Erwähnung thun und somit gleich Eingangs erwähnen, daß
662 1934 1807 1999 diese Nebeneinanderstellung auf rein zeitlichen Momenten
655 1987 1810 2032 beruht. Das Wiener Drama hat eben in der letzten Woche
656 2027 1800 2090 durch zwei seiner bedeutendsten Verfechter von sich reden ge¬
663 2079 1800 2124 macht, indem ja sowohl Schnitzler als David besonderen
657 2102 1803 2172 Werth darauf legen, ihre Stücke als specifisch wienerische be¬
660 2164 1802 2216 urtheilt zu sehen. Letzterer ging darin so weit, die beiden
652 2212 1805 2261 Baronessen Herterich in der gewissen „süßen, weichen, melo¬
656 2246 1803 2297 dienreichen, aber harben Weanersprach'“ reden zu lassen, was
658 2289 1811 2367 wohl den einzigen, immerhin anfechtbaren Fortschritt in
662 2333 1317 2398 seiner neuesten Dichtung bedeutet.
751 2372 1804 2434 Schnitzler hat sich in seiner „Liebelei“ das Problem ge¬
653 2429 1792 2468 stellt, das Thun oder eigentlich Nichtsthun unserer Wiener
656 2471 1795 2526 Lebejünglinge, ihre eigenthümliche Auffassung von Leben und
662 2514 1805 2569 Lieben wiederzugeben, was ihm auch, Dank der reichen Er¬
655 2562 1798 2616 fahrungen, die er und sein Freundeskreis auf diesem Gebiete
650 2596 1798 2660 gesammelt, mit einer stellenweise frappirend feinen Beob¬
650 2650 1806 2707 achtungsgabe und fast photographischer Treue gelungen ist.
745 2692 1807 2740 Das Problem David's läßt sich nicht so leicht heraus¬
665 2726 1808 2786 finden, seine „Charakterstudie in 3 Acten“ läßt uns ja dar¬
651 2786 1810 2839 über im Unklaren, welche Wendung die Dinge genommen
648 2823 1806 2883 hätten, wenn es zufälliger Weise nicht geregnet hätte, so daß
659 2865 1807 2918 das eigentlich dramatische Motiv unleugbar ein sehr wässe¬
656 2900 1798 2964 riges ist. So sehr die beiden Stücke in Wirkung und Er¬
662 2955 1802 3022 folg auch auseinandergehen, haben sie doch zwei gemeinsame
657 2999 1807 3051 Negative. Beide sind dramatisirte Novellen, aber keine
658 3038 1798 3089 Dramen, in keinem von beiden erreichen die Verfasser ihre
646 3089 1797 3139 oben angedeutete Absicht. Andere Namen, ein anderer Dia¬
659 3126 1797 3174 lect und der internationale Charakter ist wieder hergestellt.
656 3171 1810 3224 Weder die innere, noch die äußere Entwicklung der Handlung
663 3221 1806 3271 sowohl, als der handelnden Personen ist eine solche, die nur
658 3254 1806 3311 dem Wiener Boden ihr Entstehen verdanken könnte. Die
652 3306 1806 3360 Heldin des „Regentages“ ist einfach eine liebenswürdig lo¬
654 3339 1800 3390 calisirte demi overge, wie sie uns Marcell Prevost in so
650 3389 1811 3449 reicher Auswahl vorgeführt, und auch Christine Weiring, die
655 3432 1796 3495 es mit der „Liebelei“ ihres Fritz so bitter ernst nimmt,
651 3476 1803 3525 dürfte in einer anderen Kosmopolis ähnliche Schicksale er¬
652 3520 1793 3562 fahren. Allein auch hierin müssen wir die Kunst Schnitzler's
655 3565 1806 3618 weit über die David's stellen, denn die Möglichkeit
647 3613 1801 3662 wenigstens, daß es sich um ein Wiener Drama handelt, den
650 3646 1807 3712 Schein dieses specifischen Wesens hat der Erstere weit mehr
650 3701 1797 3755 gewahrt. Seine Menschen muthen uns besonders in ihren
657 3742 1797 3789 Schwächen heimatlich an, wir fühlen mit ihm, daß
654 3786 1798 3835 Details der Handlung zumindest nur hier entstehen konnten,
654 3832 1805 3874 daß seinen Personen etwas von Wiener Persönlichkeit an¬
646 3868 800 3929 haftet.
736 3894 1792 3969 Fritz Lobheimer ist ein Wiener Graf von Gleichen.
651 3960 1793 4012 Sein Herz ist der Sitz intermittirender Gefühle für die
652 4007 1800 4061 Dame im schwarzen Sammtkleid und einer kleinen Vorstadt¬
652 4049 1789 4102 grisette. Im Augenblicke, wo seine Neigung für Letztere die
650 4096 1797 4142 Oberhand gewinnt, tritt das Verhängniß in Gestalt des
1855 329 2435 432 GuCWar
2433 352 2843 461 ## 9
2218 510 2559 585 EXTRAPOST.
1899 617 2962 681 (Burgtheater.) In „Rechte der Seele“ dem einactigen
1824 672 2967 728 Schauspiele, welches gleichzeitig mit der „Liebelei“ in Scene
1830 724 2966 769 ging hat [Giacosa eine seiner psychologischen Studien
1822 758 2966 823 über intime Ehe durchgeführt. Man kennt sein Rüstzeug und
1823 802 2974 870 weiß, wie er es zu brauchen versteht. Das dreieckige Ver¬
1820 846 2971 902 hältniß hat diesmal, Dank der Tugend der Hausfrau, seinen
1827 885 2973 948 platonischen Charakter bewährt, welches Moment den Dritten
1819 930 2973 970 in den Tod treibt. Allein er lebt fort in jenen Briefen, die
1827 975 2975 1026 der Zufall — ohne denselben gäbe es ja überhaupt keine
1818 1023 2961 1078 dramatische Muse mehr — dem Gatten in die Hände führt,
1819 1060 2973 1118 der nicht Genüge findet an der Treue seines Weibes, sondern
1827 1107 2961 1153 auch die Gründe derselben kennen will. Mit einer Angriffs¬
1818 1154 2959 1198 taktik, die dem gewiegtesten Untersuchungsrichter Ehre machen
1822 1196 2966 1259 würde, bringt er die Frau endlich zum Geständnisse. Es
1818 1239 2965 1285 lautet: „Ich habe Ludwig geliebt und liebe ihn noch. Ich
1819 1280 2978 1334 habe Keinen geliebt als ihn, und ich empfinde nun Reue
1822 1324 2965 1377 über meine Tugend“. Im Uebrigen wird nun Anna ihrer¬
1821 1366 2968 1412 seits zur Anklägerin Paul's, dessen Nerven so grabfaserig,
1821 1410 2979 1466 daß er von ihrem jahrelangen Kampfe nichts gemerkt, sie nicht
1830 1458 2967 1513 gestützt und nicht gerettet habe. Sie verläßt sein Haus für
1823 1512 2964 1558 mmer und Paul also ist es, der die Kosten zahlt in diesem
1819 1542 2970 1598 spitzfindigen Processe um die „Rechte der Seele". Ueber die
1821 1576 2975 1655 Besetzung der Rollen in beiden Stücken ließe sich Manches
1832 1634 2969 1685 sagen. Ein Tausch wäre nach mehr als einer Richtung hin
1818 1673 2963 1733 im Interesse der Sache gewesen. Der Paul des Herrn
1820 1720 2961 1764 Hartmann, dessen Tragik immer mehr in seinen über¬
1815 1762 2963 1829 beweglichen Händen Ausdruck findet, weckte lebhafte Sehnsucht
1824 1800 2971 1848 nach Herrn Mitterwurzer, dem man einen derartig
1824 1843 2975 1919 zerfahrenen, weichlichen Charakter eher glaubt. Frau Hohen¬
1828 1894 2968 1952 fels überraschte ilgemein durch die schwungvolle, hin¬
1820 1943 2967 1998 reißende Gewalt, mit der sie ihre Anklage erfolgreich durch¬
1820 1977 2980 2052 führte, und doch konnte sie das Bild der Sandrock nicht
1821 2043 2975 2082 ganz verdrängen. In der „Liebelei“ ist eigentlich nur Fräu¬
1825 2074 2968 2131 lein Kallina bedingungslos zu loben, der die lebensfrohe
1819 2115 2976 2173 „Schlager=Mizi“in allen Details vollkommen gelang. Fräu¬
1821 2155 2966 2209 lein Sandrock fand sich erst in den tragischen Scenen des
1818 2197 2969 2254 dritten Actes im rechten Fahrwasser, für die beiden ersten
1818 2244 2967 2287 Acte reicht ihre Liebenswürdigkeit nicht aus. Herrn Kut¬
1813 2276 2971 2348 schera verdroß es offenbar, daß er die Rolle des Herrn
1821 2348 2975 2392 v. Zeska nicht spielen durfte. Selbst Herr Sonnenthal
1817 2372 2969 2436 fand für die fortschrittliche Gesinnung seines jede Sitten¬
1822 2428 2965 2485 strenge verpönenden Vaters nicht den glaubwürdigen, über¬
1826 2471 2973 2532 zeugenden Ton, welchen Herr Baumeister dieser so
1825 2511 2970 2581 vielfach merkwürdigen Gestalt hätte verleihen können. b—d.
1890 2563 2969 2632 (Theater in der Josefstadt.) Wir haben es in der
1819 2610 2978 2692 fabriksmäßigen Erzeugung von Schlüpfrigkeiten und Zoten
1826 2667 2977 2743 glücklich so weit gebracht, daß wir auf französischen Import
