3344 4224
1267 97 1530 169 N· DE DEEIT¬
1532 163 1986 266 FIGARO
1039 188 1287 271 Aztrall de
1374 247 2072 344 Se PI CHAAPS ELISEES 14, VIn
1054 291 1245 374 Adresse
1053 376 1210 468 Date
1464 355 2008 486 5 OCTOBRE 1933
1051 495 1358 566 Signature:—
1037 573 1365 655 Expontion: —.—
445 701 1356 796 Jacovzs Duvan est un de nosf Ses.
460 755 1125 833 célebres jeunes auteurs, cl
1600 702 2390 837 CHRONIOUE
246 801 1111 880 IV1. Jai pour son talent la plus
457 852 1116 908 vive amilié. Son admirable
226 872 1124 949 sens du theätre, son excellent dialo¬
1163 916 2806 974 DES TILATAES DE PARIS
239 966 1109 1035 apre ou comique, toujours empreint
245 1017 1115 1063 dune experienee précoce et profönde,
238 1067 1122 1117 font de ses pieces, toujours attendues
1175 1067 2801 1152 THEATRE DE LATHENEE; Priere pour les vivants, piece en trois
229 1104 1124 1170 avec impatienee, des evenements du
235 1154 1107 1202 & inonde de la scène 9. J'ai bien sou¬
1189 1147 2794 1211 actes et dix tableaux de M. Jacques Deval, décors de J. Boussard.
238 1186 1120 1244 vent applaudi de grand ecur à ses
1185 1192 2802 1261 THEATRE DU VIEUX-COLO MBIER (Compagnie Pitoëff): Liebelei
235 1227 1119 1294 succès. Je peux donc lui avouer que
1187 1250 2796 1319 et Les Derniers masques, pieces de M. Arthur Schnitzler, traduction
222 1274 1114 1326 jai eprouvé an spectacle de Prière pour
232 1319 1118 1372 les vivants une grande impression
1514 1303 2627 1377 de Mme Clauser, mise en scène dé Pitoéff.
231 1352 1113 1423 des ce qu'un enfant de mes amfs  nom¬
2201 1364 2290 1431 Flin
2501 1358 2684 1439 ZAT AR
229 1399 1109 1459 mait e lugubrité v. Eh quoi! me direz¬
230 1446 1117 1511 vous, ne pouvez-vous supporter à la
231 1488 1105 1542 scène les sombres vérités de la trahi¬
1114 1488 1987 1557 degage d’une semblable existence ou
1982 1492 2858 1567 1.Raine, Tressy, Vanderic y jouent ex¬
226 1535 1108 1575 son, de la mort et des agonies, enfin
1127 1552 1988 1613 tout est sans äme. C’est en vain que, à
1991 1558 2851 1617 cellemment leurs röles divers, ainsi
232 1573 1112 1629 de ces lamentables réalités dont notre
1118 1591 1984 1656 la naissance de Pierre Massouhre, une
1995 1596 2855 1649 que Mmes M. Mellot, Doria, Fontan,
221 1622 1097 1673 triste vie humaine est tissue? Mais si,
1117 1641 1988 1694 pieuse grand’mère a prononcé la e prié¬
1996 1646 2853 1688 Helly, Villars — tous menés par l’au¬
233 1661 1101 1712 je les supporte: le théätre en est fait,
1115 1681 1982 1733 re pour les vivants2; ce vivant n’aura
1998 1684 2857 1731 teur dans un mouvement d’une vie
231 1711 1100 1762 des tragedies aux drames, et nous n’en
1114 1724 1986 1784 pas d’äme. La mère, morte trop töt,
1988 1723 2849 1785 intense et disant les mots les plus amu¬
226 1751 1103 1813 avons jamais voulu à un auteur de
1115 1757 2001 1842 manquera à celte enfance aride, à
2000 1774 2858 1825 sants. Ce n’est que peu à peu, alors
226 1793 1099 1837 nous avoir Emus, bouleversés. Mais,
1121 1811 1992 1863 cette jeunesse délaissée. Son père Ctait,
2004 1816 2853 1873 que nous ne pouvons plus imaginer ce
222 1838 1099 1900 ici, tout est volontairement déponillé
1129 1858 1987 1915 avant lui, est resté, un égoiste et un
1999 1855 2856 1916 que sera la vie de Pierre Massouhre,
232 1873 1104 1935 de cette transposition artistique qui
1124 1900 1977 1952 jouisseur, et c’est cc que sera le fils
1991 1903 2862 1960 puisqu'il la déroule devant nous, que
227 1913 1099 1968 permet au spectateur de tout admettre,
1117 1938 1987 1998 de Pierre lorsque Pierre sera mort à
1994 1955 2852 1998 nous nous sentons navrés par la misère
234 1967 1101 2020 el, à force d’étre réelles, les scènes de
1114 1994 1981 2040 son tour et que Robert Massouhre, ai¬
2005 1990 2856 2056 generale et cet excès de basse réalité.
219 2009 1101 2060 Prière pour les vivants ne nous sem.¬
1112 2024 1991 2088 mable gargon, fera des frais à la der¬
229 2044 1102 2115 blent plus vraies. Et pourtant que de
1117 2066 1984 2115 nière conquéte de Pierre Massouhre.
231 2091 1099 2144 talent dépensé à nous conter en quel¬
1118 2110 1994 2168 assis, elle et lui, sur le lit ou ce Pierre
230 2138 1098 2195 gues épisodes la # vie privée de Pierre
2038 2134 2865 2214 Jai beaucoup gouté Liebelei, cette
1113 2149 1994 2222 Massoubre est mort. On voit le ton de
231 2170 1110 2238 Massouhre . Ce Pierre Massouhre est
2002 2193 2866 2252 ## bleuette 9 noire. Le film avait sé¬
1127 2196 1984 2246 la piece. Ce jour-la, ce Robert, à son
233 2215 1100 2276 un bien pauvre homme; sans étre mé¬
2006 2236 2863 2283 duit, avant la pièce, et ses admirateurs
1117 2238 1987 2302 tour aussi, vient d’avoir un fils. La
225 2256 1102 2324 chant, il est vil et menteur; il se con¬
1125 2281 1982 2334 schur ainée, encore bien petite, priera
1993 2277 2861 2339 front certainement an Vienx-Colombier
225 2314 1101 2359 tente des réussites matérielles et des
1130 2330 1981 2379 seule pour ce nouveau-né, ainsi qu'une
1992 2328 2865 2384 applaudir Mme Ludmila Pitoeff dans
227 2352 1105 2412 jouissances que lui donnent son ar¬
1994 2360 2867 2424 le röle de Christine. L’anditoire se par¬
1122 2367 1985 2426 aleule avait prie à la naissance de ce
238 2390 1104 2446 gent, sa situation et les petites dames.
1993 2402 2871 2469 tageait l’autre jour entre ceux qui pré¬
1114 2405 1991 2472 Pierre Massouhre disparu, laissant la
239 2441 1115 2490 Son manque absolu de vie intérieure
1993 2453 2865 2507 Mérgient la piece et ccux qui prétermient
1111 2452 1991 2509 place aux jeunes. Est-ce que cenou¬
233 2480 1102 2527 nous empéche de nous intéresser vrai¬
1996 2494 2857 2540 le film. Le film, qui est charmant, a
1125 2499 1992 2543 veau rejeton, continuant la morne
235 2514 1100 2575 ment à sa vie e rieure. Mais, enfin,
1996 2529 2856 2582 tiré- un parti tout spécial de la mème
1120 2529 1985 2587 chaine, sera depourvu, Jui aussi, de
239 2560 1101 2617 M. Jacques Deva pourrait nous repon¬
1993 2567 2864 2642 histoire dramatique. Le Vienne d’avant
1122 2579 1980 2635 tout ce qui vous fait vraiment vivank?
225 2596 1098 2663 dre qu'il a bien le droit de choisir un
1999 2615 2854 2683 cnerre, les paysages, les soirées à
1122 2622 1985 2671 Souhaitons-Jui de ressembler à la
235 2647 1098 2702 mnorne héros. Je crois que s’il avait.
1996 2650 2853 2711 P°Opéra, les behüx uniforines, des ien¬
1119 2662 1981 2725 jeune femme de Pierre Massouhre, a
229 2682 1106 2742 avec Prière pour les, vivants, éérit un
1988 2694 2852 2753 nes gens, autant de prestiges dönt la
1123 2700 1974 2762 Françoise, morte si vite, uste avant
222 2735 1108 2781 roman au lieu d’une pièce, nous au¬
1997 2742 2852 2803 piece ne peut qu’être dépourvue. Par
1117 2750 1987 2796 T’age. C’est cette touchante Françoise.
230 2770 1105 2828 rions pu saisir plus nettement l’idée
1996 2790 2855 2851 contre, le film nous montrait la belle
1112 2795 1977 2839 trahie par son mari, par son amie, qui
232 2820 1099 2873 générale de l’auteur. A-t-il voulu nous
1994 2830 2855 2885 amie e fatale , qui décide du destin de
1115 2835 1980 2891 nous fait entrevoir l’intention profonde
230 2865 1101 2925 dire tout bonnement: & Massouhre est
1992 2875 2863 2922 Fritz et diminnait ainsi l’intensité du
1123 2884 1981 2934 de l’auteur. Certes, elle nie meurt 'pas
228 2912 1106 2969 comme çan? Non. En certaines sce¬
1999 2922 2857 2973 drame unique et du  personnage de
1117 2923 1982 2980 de ces trahisons mesquines, mais bien
239 2949 1103 2998 nes, certaines phrases, passe um souf¬
1996 2960 2863 3010 Christine. Car Christine est le seul per¬
1120 2963 1980 3016 Cavoir aimé un étre sans ame, d’avoir
239 2987 1098 3046 fle dé grave amertume. A-til vonlu
1994 3010 2849 3063 sonnage de la piéce, et l’épanouisse¬
1118 3008 1978 3073 vécu dans cette atmosphère qui, pour
245 3024 1102 3086 nous dégouter de vivre en nous présen¬
1993 3045 2858 3098 ment de son caractère passionné,
1118 3049 1978 3104 certains esprits, est irrespirable, at¬
235 3074 1099 3121 tant un exemplaire de vie moyenne et,
2005 3093 2856 3148 ombragenx, intense ét jaloux, trop
1112 3096 1982 3137 mosphère de calculs, de réussites uni¬
244 3112 1100 3169 en passant rapidement en revue, de la
1996 3129 2861 3182 jeune, en fait tout l’intérét. Pendant
1127 3135 1986 3187 quement matérielles, de petites mufle¬
234 3153 1106 3223 naissance à la mort, la somme et cer¬
1994 3174 2851 3225 tous les épisodes de plaisir et de naiveté
1116 3184 1986 3231 ries quotidiennes, d’incompréhension
235 3209 1109 3270 tains détails d’une existence que le vul¬
1995 3225 2858 3281 de ces deux actes, elle ne cesse de soup¬
1116 3221 1991 3283 et de platikude, ou les mensonges re¬
235 3246 1106 3315 gaire peut trouver, selon T’apparence,
2004 3262 2852 3309 çonner un mystère, de se méfier des se¬
1122 3257 1985 3321 présentent la seule imagination, et on
227 3289 1099 3345 favorisée du sort, malgré ses deuils et
2001 3305 2866 3366 creis de Fritz, de ses allées et venues,
1124 3317 1977 3362 on ne se console des déceptions amé¬
241 3330 1109 3383 ses déboires? Après avoir réfléchi à
1993 3349 2862 3402 de ses détours, de ses silences, et l’effet
1120 3342 1981 3410 res ni par l’intelligence, ni par la beau¬
231 3382 1113 3425 cette piece qui, maleré l’impression si
2001 3390 2861 3442 est beaucoup plus grand de ne pas voir
1118 3393 1793 3452 té morale, ni par la religion
229 3419 1103 3487 pénible qu’elle m’a laissée, est l’euvre
2004 3436 2861 3491 celle-lä qui se croit, elle aussi, aimée, et
1159 3440 1981 3489 Mme Yolande Laffon incarne avec
245 3453 1115 3515 d’un homme de talent et ne saurait étre
2005 3480 2856 3525 dui, par ses imprudences et la jalousie
1130 3478 1990 3537 le tact le plus exquis cette charmante
243 3503 1097 3568 indifférente, j'ai pensé que Panteur
2000 3520 2859 3575 de son mari, causera la mort de Fritz.
1108 3518 1983 3586 Françoise, qui a toujours été denuee
241 3548 1105 3602 avait voulu donner au public une sorte
1989 3552 2863 3605 Cette absente, cette invisible plane si¬
1117 3563 1987 3626 et misérable. Jeune, la pauvreté L’étrei¬
236 3581 1114 3653 de leçon. Voyez Phorreur secrête qui se
1991 3606 2863 3668 nistrement sur toute l’aventure de jeu¬
1120 3607 1985 3656 gnait. Devenue riche, elle est dépouil¬
2004 3651 2859 3706 nesse et de gaieté, et est beaucoup plus
1124 3647 1979 3706 lée de tout amour, de toute confjänce,
1992 3682 2859 3752 présente à nos esprits que lorsque
1125 3697 1982 3740 de tout espoir. Elle a exprimé avec
1993 3728 2858 3781 nous l’avons vue à l’écran. Quand la
1125 3732 1984 3795 une rare délicatesse ces jalousies re¬
1999 3781 2858 3833 petite Christine apprendra que Fritz
1116 3775 1981 3834 frénées, ces déceptions quotidiennes, cc
272 3741 1095 3862 TEMPS PROBABLE
1997 3821 2855 3871 est mort, tué en duel, et comment et
1121 3819 1988 3876 désenchantement sans, ressenliment,
1127 3863 1981 3914 M. Jacques Baumer esl parfaitten Mas¬
1992 3864 2862 3917 pougquoi, ce qu’il y.a de très beau en
1121 3903 1994 3960 soubre devenu homme. MM. Pacand et
1997 3899 2867 3963 gechractère de jeune fille c’est au'elle
280 3884 1101 3964 Région parisienne. — Tomps asses
1996 3949 2850 4000 souffre moins de savoir Fritz mort qle
1119 3944 1980 3995 Rollin sont aussi très bien en Mas¬
243 3950 1115 4007 bean, unageur arec beiles éclaircies aprés
1994 3988 2858 4041 Mapprendre qu'il est mort à cause
1126 3984 1979 4039 souhre enfant et jeune homme. Le
248 3994 1107 4049 brume matinalé sourent faible. Pent variable
1995 4028 2856 4077 d’une autre. C’est de jalousie, de dé¬
1113 4035 1983 4092 premier tableau on Pierre Massouhre
245 4043 1102 4106 on Est faible. Température stationnaire. Muxi¬
1992 4072 2857 4123 ception passionnée qu’elle va sans
1121 4072 1981 4125 nait, ne nous présente pas le nonvean
240 4085 428 4131 Mm 17
2851 702 3351 773 tont à fait amusante
2866 761 3352 824 midinette vienneise
2867 806 3353 867 MN. Saion et Herran
2870 852 3342 909 M. Balpéiré est rein
2863 901 3341 952 papa musicien et in
2876 936 3343 999 déja applaudir dans
2879 968 3351 1034 Liebelei, Les Dernieh
2869 1018 3320 1081 represente avec le
2871 1058 3341 1119 un mourant qui, a
2871 1100 3352 1155 Phöpital, vent revoir
2873 1145 3340 1210 lui gächer le reste d
2874 1194 3351 1257 vélant un affreug se
2881 1232 3340 1291 Parrivée de cet umi h
2876 1279 3351 1334 pécher de confier S
2875 1318 3343 1380 projets à un compa
2861 1360 3352 1422 untacteur phtisique
2862 1400 3344 1461 krefaire tous les gens
2868 1446 3342 1513 masques, et qui fini
2870 1498 3352 1552 de jouer avec lui une
2873 1534 3352 1593 de l’entrevue fulure
2862 1575 3352 1633 par sa flèvre, se dre
2868 1614 3329 1681 c’est à cet étranger
2867 1659 3345 1724 confie, en lui faisan
2874 1703 3352 1766 celui qui va venir et
2862 1743 3352 1811 infäme doit desespé
2871 1794 3353 1857 ce véritable arrivant
2872 1838 3352 1896 et s’assied au pied de
2866 1875 3351 1951 rien. A quoi hon. E
2871 1926 3010 1996 sant.
3211 1947 3348 2038 Ger
3266 2030 3341 2099 —
3036 2091 3352 2183 POUR ECH
3201 2175 3258 2245 ES
2870 2236 3235 2321 UNE GAMINE
2920 2298 3351 2388 SE JETTE DAN
2912 2430 3349 2504 Oest und lamentabl
2863 2467 3353 2550 Goncourt eussent tiré#
2903 2534 3352 2604 Ruc Championnet, p
2865 2588 3351 2642 gnancöurt, une sorte d
2864 2623 3337 2680 se loger une Polonais
2866 2664 3343 2716 perdu en outre cing u
2870 2696 3352 2753 soht marics à Paris, 1o
2866 2739 3344 2798 encore élever une fill
2866 2768 3352 2833 Sonia, qui deja est un
2875 2813 3351 2873 gère et s’occupe de son
2860 2855 3102 2923 sept ans.
2901 2898 3334 2965 Aujourd’hui, Mie
2866 2932 3352 3005 dernier né pleurent Sot
2861 2981 3343 3035 jetée à la Seine pour
2863 3018 3353 3090 — à la vie brutale quf
2866 3064 3208 3128 elle sa griffe.
2887 3106 3352 3168 Le drame est simpl
2864 3152 3350 3209 dernier, après dejenne
2870 3193 3351 3256 son jenne frère cher
2871 3233 3343 3289 chaussures rue Letort.
2877 3273 3324 3327 boutique de # vins e
2871 3312 3345 3366 l’échope d’un cordon
2866 3347 3342 3401 gnichet, I’homme est
2864 3387 3352 3440 modo, les chevenx gris
2863 3427 3351 3482 mal rasé, un tablier 33
2864 3469 3342 3524 genoux la bigorne su
2874 3504 3269 3569 comme un sourd.
2904 3551 3353 3619 Lorsqu'il n’est pas 1
2867 3597 3336 3658 vant le zinc, sirotant
2941 3733 3352 3855 LA 1OU
3202 3837 3353 3894 —.
2959 3877 3352 3967 A fAre de Trion
2871 3950 3327 4011 Souvenir sera ranimée f
2867 3990 3351 4061 cale des anciene éléves d
2852 4029 3056 4108 A. E. T.
2982 4082 3352 4137 o heures — Gran
