3344 4224
315 95 711 167 Liebelei
877 99 1243 182 box 13/5
172 96 713 210 . B
340 719 1155 807 „OBSERVER
426 801 1105 860 I. österr. behördl. konzessioniertes
394 845 1143 920 Unternehmen für Zeitungs-Ausschnitte
459 912 1062 980 WIEN, I., WOLLZEILE 11
542 962 990 1017 TELEPHON R-23-0-43
350 1090 701 1170 Ausschnitt aus:
710 1231 1106 1326 Die Stunde, Wies
343 1311 478 1390 vom:
643 1339 1117 1447 24 AUG. 1935
558 1424 712 1513 Kitkar
397 1491 1190 1597 perette: nach Motiven
435 1573 1138 1675 nArthur Schnitzler
373 1658 467 1720 ekanr
498 1645 1189 1766 ich wurde Artur Schnlfefere „LTe.
626 1786 1158 1853 ing der Erben Artur
696 1828 847 1911 nitzlers,
530 1899 566 1946 re
660 1897 1184 1956 mgearbeitet. Die Musik hat
850 1946 894 1999 d
941 1950 1162 2013 die Atmo¬
949 1998 1163 2075 us persön¬
1012 2049 1154 2115 Die
1073 2260 1154 2311 da
1052 2397 1147 2465 eines
1077 2509 1137 2556 zu¬
1043 2545 1152 2605 Titel
986 2890 1138 2954 Berliner
1040 2942 1112 2999 ge
979 2989 1136 3054 gen alle
914 3036 1136 3100 nd da dies
915 3081 1135 3149 ch Motiven
867 3126 1140 3195 k von Oskar
916 3178 1081 3276 1
1804 203 1954 379 3
2086 376 2420 480 25 AUG.
1838 484 2749 563 Operette: nach Motiven von Arthur Schnitzler.
1788 529 2760 621 [Wien. Schnitzlers „Liebelei“ wurde mit Einwilli¬
1812 572 2760 656 gung der Erben Arthur Schnitzlers zu einer Operette
1818 611 2751 682 umgearbeitet. Die Musik hat Oskar Strauß kom¬
1807 643 2752 733 poniert. Die Operette wird im Raimund=Theater in
1810 684 2758 750 Szene gehen. Wie wir erfahren, beabsichtigt Direktor
1802 733 2751 801 Paul Barnay, den Titel des Werkes zu ändern,
1813 756 2761 836 da das neue Werk eine selbständige Arbeit ist, die
1815 807 2756 863 bloß Motive und Figuren Arthur Schnitzlers in
1820 839 2753 910 den Rahmen eines musikalischen Werkes stellt. Die
1817 881 2755 947 Pietät verbietet es, Schnitzler ein Operetten=Libretto
1821 915 2755 990 zuzumuten, daher will Barnay einen neuen Titel
1825 959 2761 1024 finden und darunter die Worte setzen: Nach M .ven
1825 992 2751 1057 Arthur Schnitzlers. Die Autoren der Operette wer¬
1830 1027 2759 1095 den nicht auf dem Zettel erscheinen, einfach aus
1823 1073 2755 1137 dem Grunde, weil ihrer zu viele sind. An der Ope¬
1836 1110 2758 1172 rette haben Geza Herczeg, Paul Knepler
1827 1147 2786 1219 Beda und der ehemalige Berliner Theaterdirektor
1815 1196 2444 1272 Heinz Saltenburg gearbeitet.
1938 1351 2621 1397 I. österr. behördl. konzessioniertes
1910 1382 2651 1439 Unternehmen für Zeitungs-Ausschnitte
1983 1427 2592 1507 WIEN, I., WOLLZEILE 11
2043 1496 2525 1556 TELEPHON R-23-0-43
1868 1619 2232 1703 Ausschnitt aus:
2426 1699 2756 1808 (/0
1841 1812 2654 2028 vn K Rantsaehrschn inn
2063 1970 2505 2098 2 SEP 1934
1676 2077 2853 2176 Die neue Spielzeil im Raimund=Theater
1725 2168 2841 2228 Der Beginn der neuen Spielzeit im Raimund=Theater
1700 2212 2831 2271 steht im Zeichen der 200. Aufführung des Lustspieles
1684 2263 2835 2313 „Straßenmusik“ Durch diesen außerordentlichen Erfolg
1682 2294 2836 2344 wurde das Raimund=Theater in die glückliche Lage versetzt,
1688 2337 2841 2384 während der Sommermonate durchspielen zu können. Auch
1683 2385 2830 2440 die fernere Spielplangestaltung wurde dadurch entscheidend
1688 2413 2844 2477 beeinflußt: Das Raimund=Theuter soll wieder zum wirk¬
1692 2458 2831 2516 lichen Volkstheater werden, das wienerische Volks¬
1682 2508 2833 2556 stück wird im Spielplan an erster Stelle stehen! Für den
1687 2551 2831 2602 Anfang der Spielzeit ist „Der Zerrissene“ von Nestroy
1685 2593 2836 2644 in neuer Inszenierung vorgesehen. In der zweiten Hälfte
1678 2636 2820 2684 der Saison wird „Das Mädel aus der Vorstadt“
1688 2659 2832 2722 oder ein Stück von Raimund folgen. Aber auch die junge
1689 2714 2833 2770 Dichtergeneration Oesterreichs soll zu Worte kommen:
1682 2756 2833 2814 Man hat es sich zur wichtigsten Aufgabe gemacht, junge
1683 2794 2833 2857 Talente zu entdecken und zu fördern. Von jungen öster¬
1685 2835 2834 2885 reichischen Autoren wird im September zuerst „Vorstadt¬
1675 2883 2829 2931 komödie“ von Hans Schubert zur Uraufführung kommen.
1685 2922 2836 2984 Schubert ist erst 23 Jahre alt und gilt als ganz starkes
1675 2968 2828 3029 Talent. Die Hauptrollen werden Lotte Lang, Hans Frank,
1686 3020 2837 3069 Ludwig Stössel, Anny Rosar, Hilde Volk, Theodor Danegger,
1688 3062 2829 3108 Erich Pohlmann, Erich Nikovitz und Karl Kalivoda spielen.
1687 3103 2841 3151 Als zweite Uraufführung ist im Oktober „Der Schneider
1675 3137 2834 3188 von Gumpendorf“ Komödie in fünf Bildern von Hans
1679 3189 2832 3243 Müller=Schösser, engesetzt. Hauptrollen: Ludwig Stössel, Lotte
1677 3239 2825 3282 Lang, Dagny Servas, Hans Frank, Theodor Danegger,
1686 3279 2838 3328 Manfred Jnger. Außerdem wurden noch zur Uraufführung
1688 3305 2842 3355 erworben: „Eine Insel wird ent eckt“, Komödie
2500 3345 2839 3403 n Olge Schein¬
1675 3349 2464 3400 von K. Alexander, „Die Schaukel“
2498 3381 2839 3446 ritz Peter Buch
1684 3404 2469 3453 pflug, „Veronika“ ein Volksstück v
2053 3423 2088 3467 1
2502 3431 2828 3488 Otto Bielen).
1689 3426 2446 3497 (für das Raimund=Theater bearbeitet
2514 3468 2836 3531 von Schnitzlers
1688 3477 2448 3534 Für Weihnachten ist die Uraufführ
2486 3512 2834 3578 aus vorgesehen
1699 3521 2415 3575 „Liebelei“ mit Musik von Oskar
2474 3554 2830 3619 jer werden in
1681 3566 2421 3621 Paula Wessely und Attila Hi
2471 3585 2835 3663 rde mit Ermächti¬
1694 3602 2398 3667 „Liliom“ gastieren; „Pygmalio
2474 3642 2832 3701 ragen und wird
1693 3658 2398 3714 gung des Dichters ins Wienerisch¬
2476 3683 2841 3747 #e herauskommen.
1698 3692 2394 3753 mit Christl Mardayn in der 2
2470 3732 2840 3804 nd=Theaters wird
1718 3736 2354 3798 Die Preisgestaltung des
2451 3780 2824 3839 echen. Auch in der
1685 3787 2375 3846 dem Charakter eines Volkstheaters
2422 3812 2843 3884 ich in diesem Hause
1695 3832 2380 3878 kommenden Spielzeit ist ein Theat¬
2402 3861 2842 3936 ie Garderobe ist frei
1694 3873 2382 3924 mit keinerlei Nebenspesen verbunden
1691 3904 2566 3975 und das Programm kostet nur 30 proschen.
