3484 4256
358 129 743 201 Liebelei
206 136 755 235 9. Bennnnn
887 113 1322 207 box 13/4
1660 338 2511 424 „OBSERVER
1773 418 2452 477 I. österr. behördl. konzessioniertes
1723 467 2481 533 Unternehmen für Zeitungs-Ausschnitte
1789 525 2414 606 WIEN, I., WOLLZEILE 11
1868 588 2341 644 TELEPHON R-23-0-43
1684 709 2041 786 Ausschnitt aus:
1860 775 2483 868 8-Uhr Abendblatt. Barlin.
2351 854 2500 949 033
2024 871 2343 966 20 JAN
1676 939 1827 1003 vom:
1920 1033 2425 1121 LUISE ULLRICH
1775 1081 2619 1173 Eine junge erfolgreiche Schauspielerin ist
1730 1144 2611 1216 Luise Ullrich, die bald, nachdem sie in Wien
1736 1193 2617 1269 die Schule absolviert hatte, in ihrer ersten Rolle
2057 2269 2356 2336 Luise Ullrich
1897 2319 2525 2389 in ihrer ersten Filmrolle
1772 2406 2659 2494 auftrat. „Es ging“, erzählt sie, „dabei sehr drollig
1780 2457 2658 2538 zu. Ich spielte — eine Großmutter mit fort¬
1782 2518 2163 2591 geschminkten Zähnen.“
1861 2618 2683 2686 Sie kam-an das Volkstheater in Wien
1795 2663 2681 2725 und erntete große Erfolge. „Ich trät mit fünfzehn¬
1799 2690 2692 2758 Jahren auf und spielte ganz ohne Aufregung und.
1800 2751 2691 2801 Verantwortungsgefühl. Ich wußte damals nocht
1804 2783 2685 2846 nicht, was davon abhängt, ob man gut oder schlecht
1813 2818 2688 2902 spielt. Erst wenn man das Gefühl der Ver¬
1793 2870 2684 2928 antwortung kennenlernt, wird man ernster
1800 2915 2688 2975 und verständiger. Ich kam nach Berlin und spielte
1810 2951 2699 3024 in „Rauhnacht". In Berlin erfüllte sich auch
1812 3007 2700 3060 meine Sehnsucht, zum Film zu gehen. Man machte
1811 3044 2698 3098 von mir Probeaufnahmen und gab mir die Haupt¬
1813 3085 2703 3150 rolle in dem historischen Film „Der Rebell“.
1809 3130 2701 3189 Ich freute mich von einer Aufnahme zur andern.
1816 3172 2699 3238 Ich war begeistert von der Arbeit und leiden¬
1815 3213 2701 3285 schaftlich bei der Sache. Meine nächste Aufgabe
1815 3253 2697 3336 wird die Mizzi in Schnitzlers „Liebelei“ sein.
1868 3293 2703 3376 Ich habe keinen Spleen, sammle nichts, tue
1820 3352 2693 3422 nichts Besonderes. Ich arbeite ernsthaft und hoffe,
1815 3391 2710 3466 Erfolg zu haben. Meine freie Zeit verlebe ich in
1813 3445 2257 3514 Wien bei meinen Eltern.
1816 3517 2219 3595 Die „Filmtaufe“
1811 3565 2704 3613 #erschreckte mich ungeheuer. Man führte mich
1821 3605 2578 3682 mit verbundenen Augen in einen Saal.
1819 3659 2705 3724 und machte viele Scherze mit mir. Ich glaubte, das
1812 3705 2711 3758 alles sei nötig, und merkte gar nicht, daß es sich
1827 3747 2716 3817 um Späße haüdelte. Späße gehören eben zu
1825 3803 2096 3864 ernster Arbeit.“
1884 3806 2721 3893 Luise Ullrich hat auf diesem Gebiet wie auf
1828 3875 2673 3955 vielen anderen höchst verständige Anschauungen.
2096 3931 2457 4008 (Fortsetzung folgt.)
