3484 4352
438 231 833 304 Liebelei
975 229 1411 319 box 12/5
282 218 838 332 3. Jnnnnnn
917 430 1375 501 (Quellenangabe ohne Gewahr.)
607 508 1726 597 Husschnitt aus: Neue Freie Presse, Wien
607 650 783 704 vom:
1103 625 1413 718 17658 918
1143 763 1341 908 NC
1259 980 1729 1079 Wien, 14 Februar 1914.
747 1124 1587 1231 Theaterstück und Zinanrama.
752 1208 1695 1301 i#ler Liebesei“ auf der Pühne und im Film.
1364 1271 1759 1352 — pamsten r
756 1274 1293 1358 petansten Tigeesunen
569 1338 1765 1390 Prllu worden sind, interessiert uns „Liebelei“ als
570 1368 1755 1434 wienerisches Stück und Schnitzlers erfolgreichstes
582 1441 1767 1490 Bühnenwerk am meisten, und gerade hier reizt der Ver¬
569 1473 1754 1556 gleich zwischen der Aufführung auf der Sprechbühne und
580 1532 892 1597 der im Kino.
680 1573 1761 1645 Vor uns liegt ein Theaterzettel aus dem Jahre 1899,
556 1627 1753 1695 der die Aufführung von „Liebelei“ im Burgtheater betrifft.
570 1685 1260 1764 Das Personenverzeichnis lautet:
658 1716 1705 1812 Hons Weiring, Violinspieler ...... Herr Sonnenthal.
1311 1793 1646 1862 Frl. Medelsky.
647 1793 1283 1863 Christine, seine Tochter
662 1837 1649 1913 izzi Schlager, Modistin  Frau Kallina.
643 1900 1412 1955 Katharina Binder, Frau eines Strumpf¬
701 1933 1710 1991 wirkers Frau Schmittlein.
1352 1978 1613 2037 Herr Korfs.
645 1976 1334 2070 Fritz Lobheimer 1 junge Leute
1355 2016 1655 2082 Herr v. Zeska.
640 2024 956 2090 Theydor Kaiser
660 2068 1636 2126 Ein Herreitnekarnuns Derr Gimnig.
661 2111 1775 2195 Alle diese kehren im Personenverzeichnis des Film¬
559 2171 1776 2237 werkes wieder, mit Ausnahme der Frau Katharina Binder,
564 2219 1788 2299 die im Theaterstück lediglich in den Expositionss nen des
575 2270 1780 2330 zweiten Aktes sozusagen als Repräsentantin kleinbürger¬
571 2322 1763 2381 liche Lebensanschauung auftritt Sie greift nicht in die
580 2380 1780 2440 Handlung ein, redet nur, redet sogar sehr viel, konnte
646 2418 1771 2495 her, ja mußte sogar bei der Bearbeitung für den Film
665 2481 1781 2549 bleiben. Dafür tritt aber im Kinostück eine andere
671 2536 1770 2586 ir handelnd auf, die auf der Bühne hinter den
648 2567 1779 2638 lissen bleibt. Sie ist im Personenverzeichnis des Films
568 2625 1756 2683 als Frau Adele Schroll angeführt, Frau des Fabrikanten
562 2666 1755 2740 Enn Schroll, der im Theaterstück kurz als „Ein Herr“
593 2724 775 2794 #guriert.
663 2750 1775 2835 Die „Verfilmung“ eines Theaterstückes beruht darauf,
570 2827 1769 2892 daß alle Geschehnisse, auch die weniger beheutenden, deren
559 2882 1773 2966 auf der Bühne im Dialog Erwähnung getan wird, als
1470 2918 1786 2981 Scbiedalan
585 2938 827 2988 Saenti
570 2968 1767 3018 müssen, und zwar in der genauen chronplogischen Folge.
567 3016 1792 3101 Würde zum Beispiel Schillers „Wallenstein“ verfilmt
569 3067 1768 3142 werden, so müßte an der Stelle der berühntten Erzählung
558 3113 1775 3182 des schwedischen Hauptmannes ein Schlachtenbild zu sehen
565 3183 1770 3238 sein, auf dem Max Piecolomini den Tod findet, „zertreten
574 3234 1757 3281 von den Hufen seiner Pferde“, und die gleiche Meta¬
564 3260 1766 3339 morphose müßte in Schillers „Jungfrau von Orleans“
567 3322 1771 3389 mit der als rhetorisches Paradestück bekannten Erzählung
567 3364 1722 3450 Raouls: „Wir hatten sechzehn Fähnlein aufgebracht..
565 3415 889 3492 vor sich gehen.
1501 3521 1734 3616 . Vehense 1
1530 3593 1696 3644 Tel. 19307
693 3627 1724 3732 Wnee
989 3706 1385 3758 ür mehr 3 Tagel
784 3728 1527 3782 Alleinvorführungsrecht für den 1. Beurk:
1053 3758 1729 3840 46 oder „Die Giadietoren“. Kunstwerz
602 3774 1100 3892 „„SPARTACUS
1203 3804 1540 3856 in einem Preiog und 5
780 3846 1546 3908 Horrliches Gemälde aus des ewigen Rom Geschlchte.
931 3881 1382 3920 „Moritz geht zum Ball“
765 3890 1552 3943 Eide überwältigrud instige Komödie mit PRI NGE.
1489 3982 1611 4042 —
658 4040 1762 4104 In der Bühnenaufführung der „Liebelei“, sprechen
562 4079 1779 4144 nach dem Aufgehen des Vorhanges Fritz und Theodor von
570 4131 1761 4203 ihrer Bekanntschaft mit den beiden jungen Mädchen.
2240 731 2522 829 ropern. 4.
2252 788 2465 874 rina 19.
2545 899 2950 978 Telephon Nr. 390.
2089 925 2662 1016 Lustiges Programm.
1957 993 2846 1048 aus Liebe, Lustspiel von Bendiener. — Europa-Amert
1830 1040 2236 1096 ie Luftschiff, Bur.
2328 1037 2928 1116 a#au Wonder, mit Gusay Holl.
2190 1075 2565 1134 eit im „Apelio-Thester“.
1869 1091 2946 1195 ##time, Miesisnippi, Tango, Hundeberpannte Astilierte u. a.
1844 1164 2008 1222 ab 4 Unr.
2647 1172 2905 1238 Preine ub en 11.
1979 1181 2734 1259 ab Freitag den 30. Febrrer: „Spartschs.“
2726 1219 2804 1290 unseten
2535 1251 2632 1312 Sm
1837 1279 1897 1338 —
2109 1301 2797 1364 des Kinsosiuure Ausch-raig
1769 1355 2941 1411 dem des Bühnenwerkes ab, wird aber dabei, so gus ##
1772 1399 2971 1467 geht, den Intentionen des Dichters gerecht. Christine eil
1772 1454 2974 1505 in die Wohnung Fritzens und bricht an der aufgebahrten
1775 1489 2987 1544 Leiche des Geliebten zusammen, als eine Frenide, Unbe¬
1783 1542 2969 1609 kannte von den Angehörigen des Toten nicht beachtet.
1778 1588 2978 1659 Ursprünglich sollie, wie uns erzählt wurde, das Kinostück
1759 1637 2964 1690 einen anderen Abschluß bekommen, und zwar den
1777 1684 2976 1754 Christine läuft von dem Toten weg durch die Straßen zur
1779 1745 2989 1811 Donau und stürzt sich ins Wasser. Dieser allzu krasse
1783 1784 2982 1842 „Coup de theatre“ wurde auf Wunsch des Dichters ver¬
1742 1832 1952 1904 smieden.
2046 1834 2164 1943 ∆
