3484 4256
435 174 793 246 Liebelei
254 173 1376 287 5. L box 10//7
385 1025 777 1130 # 7#/2 79
714 1183 1369 1264 Kunst und Wissenschaft.
657 1250 1516 1319 Im „Neuen Theater“ zeigte sich Frau Niele
549 1288 1518 1349 gestern in Schnitzlers Schauspiel „Liebelei“ in einer
553 1336 1512 1383 neuen Rolle und zwar in einer sentimentalen, der dee
555 1373 1508 1419 „Christine“. Das dem Wiener Volksleben entnemem
552 1425 1517 1477 Schauspiel ist durch zahlreiche Aufführungen deknnt
555 1458 1522 1501 und einstimmig als Spiegelbild anerkannt worden, dem
550 1490 1524 1535 der ethische Werth inne wohnt, erzieherisch zu wirken.
558 1538 1511 1581 Das Bedürfniß nach Theaterbesuch ist angesichts der
560 1566 1516 1612 herrlichen Sommertage, die uns trotz Falb bescheert
559 1607 1523 1661 sind, nicht sehr groß. Wenn das Theater am Schiff¬
563 1649 1523 1703 bauer Damm gestern dennoch einen winterlichen Besuch
560 1693 1523 1751 aufwies, so war es angesichts der Thatsache eben, daß
568 1733 1526 1785 ein oft gespieltes Stück zur Aufführung gelangte, in
559 1772 1518 1814 erster Linie das Interesse an Hansi Niese das dies
563 1793 1520 1861 zu Wege brachte. In keiner anderen Stadt Deutsch¬
573 1860 1517 1895 lands oder Deutsch=Oesterreichs wird wirkliche Bühnen¬
572 1889 1524 1940 begabung so rasch und so einmüthig gewürdigt, wie in
569 1925 1508 1980 Berlin. Als Hansi Niese zum ersten Mal hier auf¬
577 1973 1521 2020 trat, zeigte sie sich als specifisch Oesterreichische Sou¬
573 2000 1519 2058 brette. Das aber, was den Künstler macht, Herz und
563 2041 1525 2092 Gestaltungskraft, das haben ihr die Berliner sofort
578 2081 1531 2135 „abgefühlt“, und über Nacht wurde sie eine Berühmt¬
573 2122 1514 2182 heit im Norden, was ihrem Ansehen im Süden erst
575 2164 1516 2211 das bedeutungsvolle Relicf gab. Wäre es im umge¬
565 2208 1520 2255 kehrten Falle nicht heute noch wie vor 30 Jahren, da
574 2242 1517 2285 die Wiener dem Humor einer Anna Schramm keinen
569 2285 1514 2347 Geschmack abgewinnen konnten und für die charakte¬
571 2319 1509 2370 ristische Konnk eines Helmerding „nichts übrig“
346 2335 565 2404 Für 50
1555 2349 1627 2411 in
565 2362 1523 2420 hatten? Und weiß man in München oder Stuttgart,
447 2386 553 2436 100
571 2399 1524 2457 in Dresden oder Graz einem Norddeutschen Talemt
445 2428 567 2480 200
574 2443 1523 2492 sofort das Bedeutende der Begabung abzusehen, wie
449 2467 562 2510 500
1514 2430 1668 2546 10
583 2472 1519 2533 hier den Schwaben, Bayern, Sachsen und Oesterreichern?
390 2505 555 2559 . 1000
583 2519 1523 2568 Berlin darf sich auf sein Kunstverständniß schon etwas
584 2538 1672 2615 einbilden. Von einer solchartig begabten Darstellerin wie chnitte
498 2558 575 2614 Im
584 2586 1685 2645 Hausi Niese ist immer gerade das am interessantesten, was ich steh
374 2596 577 2654 Abonneme
591 2635 1679 2690 sie einer Rolle von ihrer Eigenart verleiht. Und so ändern.)
375 2642 582 2698 Abonnente
574 2676 1531 2732 hat die fesche, übermüthige Soubrette wieder, wie jüngst
580 2726 1539 2770 in einer Anzengruberschen „harben“ Rolle, in der Art,
583 2751 1521 2811 wie sie die unbewußte Gemüthsinnigkeit der „Christine“
577 2806 1537 2847 zur Schau zu bringen wußte, einen Blick in ihre
582 2827 1535 2900 schöpferische Künstlerseele gewährt, der wirklich Erfreu¬
579 2878 1544 2935 liches, Bedeutendes offenbarte. Wir sehen die geniale
1414 2913 1537 2964 aber
569 2914 1414 2974 Niese lieber in heiteren Rollen; daß sie
575 2958 1531 3007 eine Darstellerin von eminenter feelischer Veran¬
585 2991 1540 3050 lagung ist, bewies sie gestern, da sie eine Rolle spielte,
574 3042 1545 3082 die ihr „figürlich gesprochen“ nicht liegt. Ihr Erfolg
576 3070 1548 3123 war natürlich ein großer und berechtigter. Sehr fesch
579 3111 1542 3161 spielte Frl. Kriß die Modistin Mizi, sehr wahr Frau
576 3154 1541 3211 Koppensteiner die Strumpfwirkersfrau, und famos
578 3190 1547 3245 gab Jarno die Rolle des heiteren jungen Lebemannes
590 3228 1550 3278 Theodor. Harry Walden spielte die Rolle des Fritz
576 3268 1556 3336 überaus treffend und Link als Orchestergeiger stellte,
588 3304 1548 3361 eine unvergeßliche Charge auf die Bühne. — Hinter
577 3356 1544 3398 dem Schauspiel wurde des gleichen Verfassers Schwank:
583 3391 1560 3456 „Abschiedssouper“ aufgeführt und erheiterte die vom
579 3436 1189 3496 ersten Stück bedrückten Gemüther.
1342 3453 1526 3527 G—n.
2215 620 2633 697 Telefon 12801.
1932 707 2941 799 Unternehmen für Zeitungs-Ausschnitte.
2818 764 3003 834 Ausschnitt
2836 805 3111 914 Nr. 23
1630 781 1922 924 96195
2100 800 2746 945 „OBSERVER“
1702 909 3163 1023 I. österr. behördl. conc. Bureau für Zeitungsberichte u. Personalnachrichten
1909 997 3007 1095 Wien, IX/1. Türkenstrasse 17.
2111 1078 2775 1174 Filiale in Budapest: „Figyelé“
1810 1128 3099 1250 Vertretungen in Berlin. Chicago, London, Newyork, Paris, Stockholm.
1720 1290 2385 1382 Ausschnitt aus: #.
1726 1445 2156 1562 vom 7%/2 79
2033 1604 2796 1705 Kunst und Wissenschaft.
2018 1681 2884 1748 O. G. Im Neuen Theauer hat gestern (Mitt¬
1949 1732 2886 1784 woch) Frau Hausi Niese den im vorigen
1963 1774 2891 1824 Sommer bereits angestellten Versuch, die Christine
1956 1796 2887 1871 in Schnitzlers Schausviel „Liebelei“ darzustellen,
1963 1835 2895 1912 wiederholt. Der fee dieses interessanten
1952 1896 2886 1959 Experimentes war gestern genau derselbe
1964 1933 2873 1989 wie im Vorjahre: Frau Niese erwies sich
2634 1965 2873 2020 e ihr Fach,
1959 1970 2598 2033 als vorzügliche Schauspielerin.
1961 2002 2880 2091 das der Sonbrette und Lokalsoubrette, trefflich
1957 2037 2879 2111 ausfüllt, höheren Aufgaben aber nicht ge¬
1965 2064 2904 2156 wachsen ist. Wohl hatte ihre Christine Momente
1973 2122 2886 2183 vor rührender Einfachheit, wohl wußte sie diese
1975 2159 2892 2226 Gesalt des armen, braven Vorstadtmädchens hier
1958 2198 2895 2272 und da mit einem seinen Schimmer natürlicher.
1964 2235 2904 2327 echter Wärme auszustatten, die ergreift und zugleich
1958 2279 2886 2343 erquickt — im ganzen aber gebrach es ihr an
1961 2314 2901 2396 dramatischer Kraft und Energie, die Rolle streng
1970 2349 2898 2416 durchzuführen und innerlich auszubauen. Schon
1963 2399 2891 2469 das Organ und die Sprechart der Frau Niese
1970 2422 2891 2508 sind für derlei Aufgaben durchaus unzu¬
1957 2464 2899 2549 reichend; leises Lispeln und unterdrücktes
1983 2514 2890 2574 Schluchzen können nie und nimmer die er¬
1970 2534 2891 2617 schütternden Töne eines zerquälten Herzens ersetzen.
1973 2587 2891 2659 Da gelang ihr im folgenden Schnitzlerschen Ein¬
1983 2624 2897 2701 akter „Abschiedssouper“ die Rolle der Ballerine
1975 2667 2901 2725 Annie viel, viel besser. Da war alles an ihr
2161 2708 2901 2781 ergötzliches Leben voll Humor und
1984 2728 2140 2781 frisches,
2634 2723 2958 2799 auch einen 50
2981 2726 3197 2814 inclusive
1894 2747 2638 2822 50 1 Schalkhaftigkeit, da erzielte sie
2921 2775 2959 2821 —
1782 2760 1889 2834 Für
3004 2787 3161 2835 Porto.
2280 2776 2915 2853 wohlverdienten Erfolg. Im
1892 2805 2283 2869 100% unbestrittenen,
2992 2818 3166 2879 Zahlbar
1901 2819 2956 2901 200 ersten Stück wirkten neben Frau Niese ——
1935 2841 3212 2936 0 noch Frl. Stesanie Kriß und die Herren Jarsto, □ im Voraus,
1998 2901 2904 2970 Link und Waldenmit Frl. Kriß ist ohne
2030 2912 3237 3006 weifel ein großes Talent; so viel Urwüchsigkeit isschnitte ist das
2038 2971 3256 3042 id Temperament verdienen hervorragende Be¬ auch steht es den
2149 3014 3107 3091 In dieser jungen Dame wird der deut= zu ändern.
2213 3055 2907 3124 e noch eine große Künstlerin er¬
2259 3093 2860 3154 lich wie immer war Herr Jarno¬
2596 3134 2721 3184 der
2302 3142 2488 3195 wrate
2350 3171 2692 3233 hr charakteristisch
2400 3219 2576 3271 en sie au
2619 3489 2681 3558 991
2474 3527 2671 3584 #ere
2379 3528 2442 3581 Gad
2101 3557 2933 3621 drückter, ichwüler Stimmnnn. Do ist der Fritz
2055 3593 2933 3677 ##nichter ntag masschmal nachso erust thu — die
2878 3617 2928 3655 W0
2365 3628 2915 3701 ekrenlich um - #. Kit. Dirhasgin
2001 3648 2189 3701 escheten.
2002 3670 2940 3748 Iu guter Leht sei noch des Herrn Nennert de¬
1981 3707 2860 3776 dacht, der im Abschiedssoußer den Kollner na
1987 3732 2914 3808 diese-unbedsnende vioue genügie vollauf, uns in
1995 3783 2911 3872 Heren Neunert einen Künstler zu verrathen, der
1995 3832 2924 3895 zu beobachten und fein zu zeichnen verstehl.
1988 3867 2584 3955 Dieser Kellner war echt!#
