3436 4224
423 135 774 211 Liebelej
244 132 1376 250 5.1 box 11/6
2702 122 2741 201 #
1800 117 2539 229 Theater, Aumst ana8
1915 203 2561 288 (Beünner Stabtthrater.) Ais
2208 264 2433 329 „iebel
1830 276 2031 341 Artur
2153 290 2672 376 ##s „kleinen Mädchens“,
1831 334 1944 393 liches
2153 334 2745 428 Greichen= und Herohaftels ai
1825 378 2061 446 Rolle, die
1835 397 2727 486 Boden des „Wiener Grundes“ überträgt,
1841 444 2738 545 Fräulein Leonore Ehn vom Klagenfurter
1841 484 2823 586 theater ihr hiesiges Probegasisviel fort Es schei
2664 534 2859 600 der klein
1845 553 2666 624 daß diese talentierte Schauspielerin in
1833 579 2869 702 bürgerlichen Sphäre am sichersten und wirksamsten
1840 633 2846 724 zu gestalten vermag. Für Christine ist bekannili
1832 670 2918 787 die Liebelei eine große Liebe, die ihr ganzes Wesen
1838 732 2922 827 erfüllt, sie nimmt alles furchtharlernit, ihre schran¬
1857 791 2901 876 lenlose Hingebung und ihre Rechte auf den Gellen¬
1852 837 2887 939 jen. Sie sagt es nicht, aber man hört es aus ihrem
1850 876 2907 976 naiven Geplauder heraus, aus der Anbetung, mit
1854 910 2920 1030 der sie an dem Studenten hängt, aus der Gorge,
1865 972 2937 1072 mit der sie in alle Lebensverhältnisse des Geliebten
1862 1026 2938 1123 eindringen möchte aus der Eifersucht gegen jene
1873 1067 2939 1160 vorgehme Dame, um derentwillen Fritz sie jüngst im
1874 1118 2936 1221 Theater vernachlässigt hat. Die Darstellerin brachte
1876 1173 2928 1273 Vertrauen Hingebung Schmerz und ging doch in
1880 1219 2931 1327 keinem Tone über die Einfalt und Einfochheit der
1882 1260 2957 1350 Verhältnisse aus denen Christine hervorgegangen
1906 1348 2960 1421 rit, hifaus. Sie gelangt auf die Höhe, die Tragik.
1885 1390 2976 1468 sohne das schlichte Mädchen aus der Wiener Vorstadt
1900 1443 2981 1500 einen Moment vergessen zu lassen. Am besten war
1917 1490 2968 1564 ihre Leistung in den leidenschaftlichen Ausbrüchen
1923 1542 2971 1610 der letzten Szene; für die träumerischen und ump¬
1912 1597 2894 1655 findsamen Anwandlungen der ersten Auftritte fel
1910 1652 2982 1703 bisweilen noch der richtige Ausdruck. Alles in alsem
1894 1684 2945 1741 war ihre Darbietung eine schöne Talentprobe und
1904 1744 2846 1804 der ihr vom Publikum, besonders nach dem
1881 1785 2909 1859 Akte intensiv gespendete Beifall ein wohlverdien
2774 1837 2902 1905 hatte
1877 1841 2705 1912 An der „Mizzi“ des Fräukeins Richt
1886 1894 2877 1947 Debütantin eine sehr glückliche Kontrastfigur:
2633 1938 2987 2009 löchlichkeit leich
1894 1931 2541 2004 seichte, leichtfertige, in seinen
2730 1977 2993 2056 des Fräus¬
1917 1981 2525 2053 komische Naturell war in der
1920 2022 2588 2114 leins Richter charakteristise,
1915 2088 2589 2151 auch die Lokalfärbung der Gestal
1910 2129 2928 2196 lungene: das richtige Wiener Madel „von einer
2669 2174 2990 2243 dabei innerlich
1909 2182 2559 2253 genen Rass'“, ohne Grundsätze,
1901 2230 2926 2292 eigentlich unverdorben. Auch Fräule Richter vn
1890 2279 2930 2348 de mit Applaus bedacht. Die gutmütige Leichtfert
1890 2334 2883 2402 keit „Theodors“ fand in Herrn Bowars
1887 2380 2803 2452 Atomperement und humarhassen Vertesters
1925 2419 2998 2478 dete, wie er sollte, das belebende Element des eisten
1928 2469 2977 2528 Aktes. Der „Fritz“ des Herrn Recke hatte die rich¬
1930 2524 2986 2570 tige Farbe der Charakteristik. Am besten gelang ihm
1926 2570 2973 2634 die letzte Szene, in der er die weiche Stimmung, die
1919 2622 2996 2688 allgemach in das Gespräch eindringt, gut anzudeu¬
1924 2665 2984 2737 ten wußte. Herr Moser, der den alten Geiger
1935 2722 2988 2774 darstellte, brachte diese kleine Rolle zur besten Wir¬
1903 2774 2992 2854 lung; er charekterisierte mit Erfolg nach der Seite
1935 2821 2981 2887 der resignierten Schlichtheit und der grenzenlosen
1916 2854 2953 2944 Milde hin. Die zudringliche Hausfreundin wurd
1931 2915 2884 2974 von Frau Wiesner recht resolut gegeben.
1930 2961 2892 3029 betrogenen Ehemann, der kur n Prozeß in
1909 3011 2842 3074 stellte Herr Strauß mit Kraft und chare
1901 3061 2884 3133 scher Haltung dar. Den Abend beschloß, der
1895 3114 2949 3185 akter „Komtesse Mizzi“. Derer Titel¬
1897 3170 3028 3240 Stückes erinnert wohl lebhaft an Aole gleichnamige
1889 3219 3010 3281 Heldin eines Romanes aus den Wiener Nachtleben,
1903 3268 3014 3325 die tragisch endete, hat abermit der Titelheldin der
1894 3297 3015 3375 gestrigen Komödie nichts gemein als den Namen.
1925 3365 2990 3424 Das Stück, von echt Sch nitzlerschem Geiste erfüllt
1928 3408 2999 3470 eine Plauderei, die #hr en Zweck, das Publikum ein
1924 3444 3024 3530 halbes Stündchen in geistreicher, humoristisch=sati¬
1924 3499 3010 3573 rischer Weise zu unsterhalten, erreichte, umsomehr.
1927 3550 2331 3612 als die wenigen!
2332 3555 3023 3619 stollen, in die sich die Herren
1922 3595 3038 3671 Arnim (Graf Pazmandy), v. Pindo (Fürst
1915 3663 3021 3720 Ravenstein) un Bowacz (Philipp), sowie die Da¬
1930 3708 3022 3770 men Sorel # Nizzi) und Kreiih=Lanius
1930 3763 3037 3821 (Lolo) teilten, glaubhaft dargestellt wurden. Die
1935 3808 3023 3868 Novität, die anl ößlich der Wiener Premiere schon in
1939 3857 3043 3923 unserem Blatte besprochen worden ist, wurde vom
1923 3901 2719 3977 Publikum freur idlich aufgenommen.
