3484 3936
1289 636 1342 680 80
915 678 3013 765 Es gibt in diesem Film eine kurze Szene, in der ein junges argloses, zum ersten Mal in seinem
172 595 637 792 6. März 1927.
800 727 2984 806 behüteten Leben so recht bis üben beide Ohren verliebtes Mädel erkennen muß, daß die erträumten und
809 786 2989 851 ersehnten Freuden dieser Welt gar leicht in nichts zerrinnen. Die Kleine flüchtet trostsuchend an die Bruft
811 827 2995 905 ihres Vaters und wie unter dessen gütigem Zuspruch sich auf dem todtraurigen Gesichtchen das Leuchten
805 877 2975 942 einer neuen Hoffnung zeigt, einer zarten Freude, die aus dem Erstaunen über die einsache, selbstverständliche
653 908 722 977 000
807 936 2991 995 Lösung des Problems sich zuversichtlich in Gewißheit wandelt: das hat die Darstellung so stark und schön
821 965 2987 1044 erfaßt, daß diese Szene allein schon genügen würde, dem Film eine freundliche Aufnahme zu sichern. Auch
817 1029 2997 1101 sonst hat Evelyn Holt, die jugendliche Hauptdarstellerin noch manche eindrucksvolle Momente, , wenn sie
817 1064 3042 1143 vor einem Bilde steht und versonnen meint: ich denke immer dieses Bild müßte „Verlafselle heißenoder
2993 1121 3050 1185 90
804 1122 3022 1198 wenn sie in lähmendem Entsetzen nicht begreifen kann, daß der erwartete Freund statt wiederzukehren Aill
810 1180 3093 1246 und ohne Abschied von ihr gegangen ist in jenes dunkle Reich aus dem es kein Zurück mahr giht nesneenenu
811 1233 3056 1309 Gesamteindruck: ein gut angelegter, gut durchgeführter Film der mit zu dem Besten gehört, was die nenen
2954 1257 3078 1320 WA
817 1275 2224 1350 dings wieder recht rührige Hegewald=Gesellschaft bisher geboten hat.
2693 1283 3015 1355 unsertgenschshrichentraseg
2494 1272 2802 1360 Kaniche engeg
2911 1311 3065 1385 eleesece
2782 1321 2885 1378 Wrnhist
1728 1321 1819 1390 1
2672 1326 2774 1395 Serie
3045 1327 3195 1412 Weeie
1551 1323 1672 1396 W
1089 1330 1196 1399 Pa
2762 1340 3073 1418 ngces eit e henshegerice
792 1370 862 1457 00
926 1369 3120 1460 D0s Filmmäßige der sich dramatisch steigernden und stark akz utni ren Handlung, wurde geschickt nutzbare
196 1308 658 1494 b. März 1927.
790 1441 2973 1497 gemacht und besonders die zweite Hälfte des Werkes wirkt durch die Wucht der tragischen Vorgänge esen¬
820 1483 2993 1552 sosehr wie durch ihre ausgeglichene gute Interpretation, um welche sich eine Reihe guter schauspielerischen
821 1521 3049 1604 Krä#te verdient machen.. Für die Verlebendigung dieser ernsthaft li benswerten Wel## tritt in der jungen
3023 1546 3184 1628 W
817 1584 3173 1670 unverbildeten und ganz schlicht um die Wahrheit ihrer Rolle ringenden Evelyn Holt ein warmes tachie
455 1640 562 1691 1
816 1650 3100 1701 Herz 1 Aktion, welches Liebe und trostlosen Schmerz gleicherweise aus de Tiese der Empfndung heror
314 1651 517 1739 Whe
814 1676 3132 1762 quellen läßt und ohne Künstlichkeit der Sprache ihrer Körperlichkeit anvertraut. Ihr gegenüber veritt
820 1720 3179 1789 Vivian Gisson mit Virtuosität des faden Typ der erotischen Mondänen, mu starken Mitteln das Un
818 1776 2985 1849 sympatische der Ficur hinter gleisnerischer Sinnlichkeit verbergend. Dem zwische den zwei Welten Orrenden
503 1809 565 1899 0
819 1829 3061 1884 gibt Louis Lerch sympathische Züge; auch sein Schicksal erschüttert, durch das Medium dieser Verkörperung
803 1879 3028 1946 gesehen. Heury Stuart und Robert Scholz sind mit farbigen Studien an der Vollkommenheit des Gesamt
597 1827 691 1953 900
817 1913 3049 1990 bildes wirkungsvoll beteiligt, welches an Qualität den landläufigen Durchschnitt um mehr als Haupteslänge
815 1976 3084 2049 überragt. Das zur Uraufführung anwesende Ehepaar Fleck, und vor allem die sympatische Blondine
557 1991 630 2062 500
814 2013 2808 2091 Evelyn Holt, konnten sich den Besuchern des Passage=Theaters unter großem Beifall zeigen.
429 2050 530 2134 0
526 2073 664 2127 SUR
403 2091 524 2176 e
3061 2124 3121 2174 500
929 2118 3044 2185 War es auch kein allzu großes Wagnis, dieses Sujet filmisch zu bearbeiten, so ist es um so angenehmer.
819 2179 3134 2251 diesen Film der Hegewald=Filmgesellschaft als einen großen und verdienten Erfolg kennenzulernen. Der
651 2192 742 2271 610
819 2227 3020 2299 Kampf zwischen den beiden psychisch absolut konträren Frauengestalten ist treffsicher und gelungen ins Film¬
811 2282 2798 2327 hafte transponiert. Die im Aufbau selbständige Handlung ist trotzdem von der beschwingten, fark
2879 2275 3012 2344 n
816 2320 2694 2388 realistischen Atmosphäre Schnitzlers er üllt. Scharf herausgearbeitet ist dabei die Gegenübe
811 2379 2675 2441 beiden Frauen — aufs wirksamste durch die beiden Darstellerinnen und ihre völlige mensch
433 2387 511 2436 er
456 2427 526 2497 1
814 2425 2698 2480 verschiedenheit unterstrichen herauspearbeitet, ohne dabei einer von ihnen ein zu starkes ge
821 2475 2740 2538 Plus zuzuerkennen. Eine überaus glückliche Besetzung erhöhte die Geschlossenheit dieses Films. D
813 2516 2821 2591 Figur der jungen Christine in ihrer tiefen uneaoistischen Liebe und der unwandelbaren Teue zu dem Ge
819 2564 2976 2640 fand durch die junge Darstellerin Evelyn Holt eine erschütternde, wundervoll gezeich. ie Gestaltung= Man
585 2615 697 2672 N
822 2610 2978 2686 darf nach dieser Leistung auf weitere große Filme Enelmn Holts gesparat sein Vivian Gibson gab der
818 2678 2995 2719 Ehebrecherin mit dezenten Mitteln den schwülen Hauch mandäner Verderbthect. In Louis Lerch fanden die
810 2714 3008 2787 beiden Frauen einen Partner, der die seelischen Konflikte, den Ausdruck seiner beiden Gesichter, mit feiner,
818 2771 2999 2847 sympathischer Kunst erfühlte. Evelyn Holt und das verdienstvolle Regisseurpaar J. und L. Fleck, die der
806 2825 2089 2897 Hamburger Uraufführung beiwohnten, wurden lebhaft gefeiert.
2140 2842 2214 2917 6
1239 2872 1442 2937 eer
818 2930 3061 3002 Dem Hegewald=Film und dem Regisseur=Ehepaar Fleck kann man zu dieser sauberen, eistklassigen Arbeit
817 2969 3097 3048 nur gratulieren. Herbert Juttke und Dr. Klaren lieferten frei nach Schnitzler ein vom ersten bis zum letzten
808 3030 3119 3102 Augenblick spannendes Drehbuch. Die Darstellung verdient ebenfalls vollste Anerkennung Eine besondere
460 3023 533 3087 000
802 3072 3045 3152 Überraschung die treffliche Vivian Gibson. Hilde Maroff bestätigt hier ihr Können, und Evelyn Hölt läßt
824 3117 3004 3186 für die Zukunft Allerbestes hoffen. Louis Lerch, Henro Stuart und Jaro Fürth verkörperten mit Bravour
321 3133 465 3213 S
822 3172 1404 3237 die männtlichen Hauptrollen.
562 3190 749 3257 SIA ST R
1534 3183 1721 3258 Theen
443 3205 510 3259 18
1273 3223 1387 3299 1
225 3218 518 3298 W
572 3240 637 3287 82
3099 3162 3222 3313 7
835 3270 3008 3336 Das Wirbelnde und Pauende dieses Eifersuchts= und Ehebramas ist wundervoll gesehen, erfaßt und
210 3284 633 3387 März 1927.
819 3323 2975 3393 wiedergegeben. Nicht oft findet man so restlos gute schauspielerische Leistungen non der ersten bis zur letzten
247 3364 351 3455 4
820 3378 3008 3453 Rolle wie in diesem Film.. Vivian Gibson ist die rechte Schnitzlersche Schlange, die den Mann in
814 3422 2988 3490 Verzweiflung und den Freund in den Tod bringt. Der höchste Genuß aber ist die Christine Wrhring
818 3515 2981 3591 durch Ausstrahlungen der Augen allein spricht. Der Regisseur kann es sich erlauben, ihr Gesicht zum Sviegel
821 3576 2995 3648 für wichtigste Teile der Handlung zu machen: Er gibt es in Großaufnahmen, und es spiegelt das Heitere
817 3632 2984 3673 oder Traurige in einer Weise wiber, daß die Vorführung dieses Erlebten selbst überflüssig wird. Der
824 3670 2976 3743 Evelyn Holt möchte man noch oft in besten Filmen begeanen. „Liebelei“ scheint uns, zusammenfassend
506 3688 572 3739 *
811 3726 2822 3785 gesagt, eine der besten Verfilmungen von bekannten Werken in der letzten Zeit zu sein.
2889 3759 2985 3817 641
619 3833 757 3905 R
933 3821 2989 3900 „Liebelei“, ein Hegewald=Film nach Arthur Schnitzler, wird allein schon durch die Leistung Evelyn Holts
208 3853 2990 3946 no Umgegend, zum Erlebnis wie dieses Mädchen das betrogene Cellistentöchterchen spielt ist etwas ganz Seltenes und
