3484 4224
290 120 804 211 5. Liebele
463 115 1420 243 box 11/3
509 415 1300 475 Künstlerschaft. Die Uebrigen sind ein¬
511 461 1308 517 fach geist= und seelenlose Marionetten.
499 516 1318 567 Die Herren Gyenes, Méßaros
499 547 1311 610 und Dezsö mögen mit Frau Uj¬
506 590 1318 651 väri unter sich entscheiden, wer von
502 647 1318 690 ihnen den ersten Preis in der Höl¬
503 674 1311 746 zernheit verdient. Der heißersehnte
505 725 1319 788 Erfolg wird dem Nemzeti Szinhäz
492 783 1280 846 auch heute Abends nicht blühen. (c)
589 816 1299 901 Im Royalsaale findet heute der
499 886 1304 934 zweite Trio=Abend Hubay—Popper
494 925 1307 987 unter Mitwirkung des Komponisten
497 965 1315 1045 Paul Juon und des Klaviervirtuosen
500 1011 1044 1076 Frederie Lamond statt.
586 1044 1306 1104 In der Bonbonnière war seit Be¬
493 1104 1311 1146 stand kein so gutes Programm als das
490 1152 1308 1190 gegenwärtige. Die Künstlergarde Ol¬
494 1193 1301 1244 ga Turchänyi, Ili Vörös, Helene Kö¬
503 1235 1312 1286 kény, Erzsi Antal, Viräg, Kabök, Tar¬
492 1280 1310 1332 jän und Nagy mit dem Konferenzier
494 1320 1306 1369 Dr. Josef Szalay bieten ihr Bestes und
503 1370 1308 1428 das ist: absolut Gutes. Die vier Bluet¬
499 1414 1314 1470 ten erweisen sich als Schlager ersten
488 1453 1300 1508 Ranges und auch die Solis haben all¬
493 1503 1016 1557 abendlich großen Erfolg.
571 1538 1298 1586 Az en ujsägom. In diesen Tagen, da
499 1568 1305 1630 wir unsere Kleinen beschenken, verursacht
499 1632 1298 1680 es manches Kopfzerbrechen, was wir ih¬
502 1676 1305 1723 nen schenken sollen. Zumeist fällt die Wahl
489 1710 1301 1774 dann auf Bücher. Aber auch diese Frage
503 1763 1295 1810 ist gar schwer zu lösen. Denn zum Bei¬
499 1806 1298 1860 spiel der achtjährige Knabe will nicht
496 1840 1295 1905 mehr ein Buch, welches nur Bilder und
498 1895 1302 1943 ganz wenig Text bringt. Er will Ge¬
500 1936 1303 1979 schichten, die seine jugendliche Phantasie
499 1976 1293 2038 anregen. Diese zu finden, ist nicht leicht.
494 2019 1298 2070 Nun finden wir das, was wir für Kin¬
497 2070 1299 2120 der brauchen doch und zwar in der Kin¬
489 2112 1304 2164 derzeitschrift „Az en ujsägom", welche der
488 2147 1293 2212 bekannte Dichter Ludwig Pösa redigirt.
486 2191 1304 2258 Da findet das Kind Alles, was es will:
484 2240 1304 2296 wunderschöne Märchen, Bilder und An¬
484 2286 1296 2331 deres. Das empfehlenswerthe Blatt kostet
500 2323 1307 2380 vierteljährlich 2 Kronen, ist also so bil¬
499 2373 1294 2435 lig, daß es selbst von unten den beschei¬
490 2414 1309 2473 densten Verhältnissen lebenden Familien
498 2462 1293 2522 für ihre Kinder gehalten werden kann.
502 2508 1297 2553 Pränummerationen nimmt jede Buch¬
492 2555 1305 2600 handlung und auch der Verlag Singer
493 2598 1315 2657 und Wolfner (Budapest, Andrassy=ut
491 2631 786 2689 10) entgegen.
568 2660 1320 2733 „Woran ich Freude fand“ — interes¬
491 2711 1312 2767 sante Aufsätze über werthvolle neue Bür
497 2760 1231 2820 cher werden im Dezemberheft von „Nu
502 2791 1315 2873 und Güd“ (Verlag Berlin W. 35) bem
505 2845 1299 2914 senticht. Hermann Bahr, Franz Blei, He¬
505 2899 1299 2959 lit Dahn, Herbert Eulenberg, Alice Flie¬
500 2946 1305 2993 gel, Dagobert von Gerhardt=Amyntor,
498 2988 1297 3030 Ludwig Geiger, Hans von Kahlenberg,
492 3030 1312 3092 Johannes Schlaf und Paul Ernst erzäh¬
502 3063 1298 3119 len von den Büchern, die ihnen in die¬
492 3120 1302 3172 sem Jahr Freude machten und Freunde
502 3156 1301 3200 wurden. — Herman Bang erzählt im
492 3205 1305 3261 Dezemberheft von „Nord und Süd“ mit
502 3244 1296 3291 dem ihm eigenen, weltanschaulichen Hu¬
493 3289 1301 3339 mor eine Erinnerungsgeschichte, voll heur¬
501 3344 1308 3392 licher Szenen und treffender Charakteri¬
499 3380 1298 3443 stik. — Hans Schoen zeichnet in einer
497 3417 1295 3476 „Ein Dichterphilosoph“ betitelten Abhand¬
492 3474 1304 3519 lung Sully Prudhomme als Mensch und
495 3504 1309 3562 Dichter. Und ein besonderer Reiz geht von
501 3550 1301 3611 diesem Essay aus, weil darin nicht nur
493 3594 1308 3641 die poetischen und philosophischen Schnif¬
497 3638 1300 3692 ten des berühmten Franzosen mit feinem
497 3681 1307 3740 Verständniß definirt werden, sondern auch
495 3723 1310 3778 zahlreiche ungedruckte Briefe und Manu¬
498 3768 1310 3815 skripte beigegeben sind. — Des irischen
501 3804 1308 3860 Dichters Bernard Shaw Komödie: „Der
498 3861 1306 3908 Arzt am Scheidewege“ die in den letzten
505 3902 1310 3948 Tagen an Reinhardts Deutschem Theater
508 3940 1317 3986 aufgeführt wurde, wird im Dezemberheft
497 3987 1306 4036 von „Nord und Süd“ zu Ende geführt.
502 4028 1299 4084 Da ist die große Sterbeszene des Welt¬
512 4076 1285 4110 berächters, die auch auf dem Theater ihre
2736 194 3091 299 Telephon 1281
1973 326 2059 410 ∆
2261 356 3066 463 WE
1969 401 2050 445 650
1991 446 3123 519 O l. österr. behördl. konz. Unternehmen für Zeitungs-Ausschaftto
2151 488 3010 599 Wien, I., Concordiaplatz 4.
2374 578 2793 644 Vertretungen
2016 620 3111 691 D in Berlin, Budapest, Chicago, Christiania, Genf, Kopen¬
1965 655 3124 739 hagen, London, Madrid, Mailand, Minneapolis, New-Vork,
2071 709 3088 789 Paris, Rom, San Francisco, Stockholm, St. Petersburg.
2389 752 2846 799 (Quellenangabe ohne Gewähr.) —
2578 782 2876 856 18 12 1908
1952 777 2445 864 6 Ausschnitt aus:
1973 820 2043 900 8
1957 896 2198 958 E vom:
2397 861 3143 966 Magyar Estilap, Budapest
2050 1048 2836 1140 MUVESZET ES IRODALOM.
2172 1155 2860 1279 VSerelmeskesesn 27
2079 1220 2850 1314 tell-SAnfdsMat vemmtätösa. —
2096 1295 2852 1351 Még nem derült ki egész teljességében,
2052 1322 2838 1390 hogy a Nemzeti Szinház uj igazgatója mi¬
2064 1379 2855 1452 lyen pozitiv kvalitäsokat vitt magaval uj
2064 1436 2855 1494 hivataläba, de egy negativ kvalilüsäval mär
2070 1482 2850 1550 tisztäban vagyunk: nincs szerencséje. Pe¬
2063 1520 2856 1605 dig kétségtelen, hogy szerencsére is szuk¬
2063 1573 2860 1648 sége van a szinbäz vozetöjének. A szeren¬
2063 1630 2865 1690 csés ösztönszerüség sokszor nagyobb csu¬
2060 1681 2858 1753 dät lud mivelni, mint a vilägos tuda¬
2063 1726 2223 1796 tossäg.
2100 1755 2877 1853 Azonban eddig még rá sem hibäzolt az
2068 1822 2860 1875 uj regime arra, ami üdvére välhat¬
2063 1870 2873 1948 nék a Nemzelinek. Az eddigi kiserleiek esü¬
2071 1920 2870 1985 törtököt mondlak. Csak két bemu¬
2072 1963 2862 2047 lató volt eddig; nündegyiket kudarc érte
2062 2016 2853 2076 utol. A harmadik ma este lesz: Schnitz¬
2074 2065 2862 2131 er Artur „Szerolmeskedés“ cimü darabjät
2077 2103 2867 2167 „diäk als Nem czoktunk jöslüsokba bos
2061 2168 2870 2223 csätkozni, de nem sok éleslátäs kell hozzé
2069 2205 2868 2278 elmondani, hogy ennek a darabnak sem
2060 2255 2856 2324 lesz valami hosszu éleie a magyar szin¬
2070 2302 2223 2362 padon.
2094 2363 2863 2429 A budapesti közönség clôtt nem egészon
2064 2404 2860 2477 ismeretlen a darab. A német szinészek
2069 2445 2866 2514 „Liebelei“ cim alatt elöadtäk néhányszor.
2065 2504 2859 2575 Nagy hatäst a németek sem igen tudlak
2060 2529 2863 2624 elérni vele, Igazi német szenlimen¬
2067 2597 2855 2657 talitästöl csöpögó darab ez, tele zä¬
2060 2636 2856 2707 por mödra hulló könnyekkel, nehéz
2066 2688 2857 2768 sóhajtäsokkal, hogy ne mondjuk nyö¬
2061 2744 2856 2805 szörgésekkel. Drámai akció oly kevés van
2049 2784 2852 2861 benne, hogy egész felvondsok folynak le,
2055 2839 2852 2911 amelyek csupa merö, drämaiatlan, nagy¬
2055 2882 2852 2960 részt érdekleien és mindig hosszadalmas
2046 2913 2850 2999 fecsegésekböl állnak. Ha egy-két jellemzöbh
2059 2981 2858 3055 vagy erdekesebb jelenet föl is bukkanik
2043 3000 2855 3112 itt-olt a végnélküli pärbeszédekben, de
2051 3070 2847 3149 ezeket mär alig lehet megélvezni, ugy el¬
2053 3120 2845 3208 rontottäk kedvünket a szentimentälitäsok
2054 3174 2342 3237 és fecsegések.
2073 3209 2844 3289 Ha azt keressük, hogr a szerz6 volta¬
2040 3239 2838 3349 képpen mit akart kifejezni, akkor röviden
2050 3331 2854 3400 ugy lebeine väzolni morälis oktatäsät,
2050 3368 2828 3437 hogy a gyakori és vehemens szerelmeske¬
2049 3409 2840 3483 dés végzetessé välhatik. Kissé primitiv
2049 3468 2835 3526 morál prédikáció bizony ez, melynek
2044 3498 2846 3579 még az az elönye sincs, hogy uj volna.
2045 3563 2835 3610 Nemesak az irók, de a papok is elkoptat¬
2039 3607 2823 3669 täk már. Egy fliatal embert mulat be, aki¬
2027 3657 2827 3709 nek egyazerre két szeretöje van: egy fiatal
2023 3705 2829 3769 leány, aki szive egész melegével es lelké¬
2043 3754 2825 3812 nck egész szentimentälitäsäval szereti és
2050 3806 2825 3859 egy türsasägbeli asszony, aki — ugylätszik
2102 3844 2825 3917 az érzékeivel szereli. Az asszonynak
2027 3893 2854 3985 férje megludja, mi történik a hüta mögött.
2036 3954 2822 4020 Abban a pillanatban vonja felelösségre az
2039 3988 2821 4063 itju szerelmeskedôt, amikor ez a mäsik
2043 4041 2821 4100 szerelmesével együtt van. Pärbajra hivja li
