3436 4256
924 129 1333 224 box 12/3
391 148 708 218 Liebele
209 143 765 258 5. 1
391 1082 1145 1182 Wenden! Rückselte beachten!
1248 1111 1485 1194 Wenden!
1100 1195 1455 1290 Telephon 12.801
609 1347 1186 1453 „ODSEHVER
429 1440 1410 1497 I. österr. behördl. konzession. Unternehmen für Zeitungs-Ausschaltte
542 1482 1315 1564 WIEN I, CONCORDIAPLATZ 4
766 1538 1086 1611 Vertretungen:
380 1590 1454 1665 in Berlin, Basel, Budapest, Chicago, Cleveland, Christiania,
387 1643 1468 1710 Genf, Kopenhagen, London, Madrid, Mailand, Minneapolis,
376 1670 1467 1757 New-Vork, Paris, Rom, San Francisco, Stockholm, St. Peters¬
769 1724 1063 1780 burg, Toronto.
557 1759 1412 1852 Pod epseletrcies Nächrichten
361 1820 1469 1933 Ausschulft gusdes Deutschen Volksblattes
369 1913 531 1977 vom:
531 1912 1250 2028 #1 Melgomotau, Bohmen.
384 2018 889 2081 sich erttaren zu rassen.
519 2033 1375 2119 Theater. Mit dem Schauspiel „Lie¬
387 2097 1374 2155 belei“ von Arthur Sh#itlehat an Sonntag
388 2161 1391 2217 die Theaterdirekttös Linzer im Hotel Rose.
386 2193 1409 2272 einen Cyklus von Vorstellungen eröffnet. Das
383 2251 1381 2328 Stück, eines der besten Werke Schnitzlers, wurde
387 2297 1370 2362 bis auf einzelne Rollen, bei denen es schien,
389 2354 1366 2422 als wären sie nicht ganz gut studiert, recht
391 2406 1374 2475 gut aufgeführt und der Gesamteindruck war
396 2446 1373 2506 ein recht zufriedenstellender. Vollendeter aber
390 2493 1382 2570 war am Dienstag die Aufführung der Operette
396 2544 1379 2617 „Das Puppenmädel“ von Leo Fall, ein Zug¬
393 2600 1389 2667 stück aller Bühnen, das sich gewiß noch lange
398 2641 1376 2712 auf dem Repertoire erhalten wird. Besonders
394 2702 1389 2760 anerkannt zu werden verdient das temperament¬
404 2735 1395 2814 volle Spiel der Fau Frieda Linzer, die wohl
406 2803 1381 2869 zum Gelingen der Aufführung das Meiste bei¬
405 2847 1384 2907 trug. Im Allgerleinen sind die Gesänge der
397 2890 1366 2953 Damen besser jeue der Herren, aber das Gi¬
401 2931 1375 3015 samtspiel jedenfalls sehr lobenswert. Leider
404 2997 1382 3063 war an diesem Abende der Besuch schwächer
401 3039 1385 3098 als am ersten. In dieser Hinsicht wäre zu
404 3100 1377 3159 wünschen, die Direktion, welche, wie schon die
400 3155 1282 3215 zwei ersten Theatervorstellungen bewviesen.
408 3181 1394 3258 strebt ist, nur Bestes zu bieten, durch zahlrei¬
398 3242 994 3315 chen Besuch zu unterstützen.
2233 664 3012 736 #I, London, Madrid, Mailand, Minneapolis,
2013 706 3018 776 #Tork, Paris, Rom, San Francisco, Stockholm, St. Peters¬
2344 761 2625 819 burg, Toronto.
2238 796 2738 873 (Quellenangabe ohne Gewähr.)
1931 870 2970 945 Ausschnitt aus:unsbrucker Nachrichten
1944 967 2092 1027 vom:
2095 960 2567 1074 K
1968 1019 2115 1128 1
2033 1073 3008 1158 (Schnitl allen Schnitzler¬
1978 1140 3004 1212 schen Bühnenwerken gehört nach den statisti¬
1976 1190 3006 1268 schen Aufzeichnungen das dreiaktige Schauspiel
1972 1247 3010 1314 [„Liebelei“ zu den meistausgeführten. Es ist
1972 1297 3004 1349 dies auch erklärlich, denn z. B. in Innsbruck
1982 1336 3007 1407 ist es seit Jahren so ziemlich das einzige Stück
1972 1387 3003 1465 von allen Schnitzlerschen Schöpfungen, das wir
1968 1433 2999 1493 zu sehen bekommen, dafür aber auch Jahr für
1969 1487 3007 1542 Jahr. Da darf man doch wohl den bescheidenen
1972 1543 3012 1611 Wunsch äußern, uns doch von den übrigen
1967 1588 3018 1670 Werken Schnitzlers das eine oder das andere
1979 1634 3007 1696 sebenfalls zu vermitteln. Damit soll gegen die
1968 1683 3006 1753 „Liebelei“ selbst gewiß weiter nichts gesagt sein
1970 1740 3008 1807 und man wird nichts dagegen einzuwenden
1968 1784 3002 1836 haben, wenn man ihr ab und zu am Spielplan
1971 1838 2999 1896 begegnet. Sie wird auch immer ein dankbares
1974 1880 3002 1950 Publikum finden und daß sie trotz ihrer guten
1973 1941 3009 1998 Bekanntschaft selbst in Innsbruck nichts von
1966 1984 3002 2042 ihrer Wirkung eingebüßt hat, bewies ja der
1974 2026 3004 2095 gestrige Abend wieder. Das Gemüt des Audi¬
1971 2094 3005 2145 toriums reagierte von Akt zu Akt prompter,
1978 2130 3001 2196 nach den Aktschlüssen setzte sich dies in lebhaften
1969 2170 3007 2254 Applaus um und nach dem Schlusse des dritten
1970 2234 3001 2297 Aktes war es besonders die Trägerin der Haupt¬
1966 2278 3002 2351 rolle, Frl. Newes, die geradezu stürmisch ge¬
1969 2323 2999 2396 rufen wurde. Die Aufführung war, wie in
1970 2371 2995 2443 Bestätigung der Anerkennung des Publikums
1965 2427 3004 2498 gesagt werden kann, eine, von kleinen Stockun¬
1974 2460 3013 2550 gen abgesehen, im Gesamteindruck einwandfreie.
1980 2527 3010 2596 Frl. Newes hat als Christine die bisherige
1974 2572 3006 2631 gute Meinung von ihrem Können verstärkt;
1982 2615 3015 2674 sie war gestern ganz das sentimentale lieb
1975 2675 3011 2737 tleine Mädel, das die Christine ist. Was ihr
1971 2722 3010 2793 zu wünschen ist, wäre, daß sie mehr Gewalt
1983 2773 3007 2827 über ihre Geste erhält. Den alten herzens¬
1983 2825 3036 2897 klugen Violinspieler Weiring, ihren Vater,
1976 2872 3010 2925 spielte Herr Hellmuth schlicht und mit ein¬
1986 2917 3010 2981 sachen Mitteln, aber mit warmem Gefühl. Den
1986 2964 3005 3025 „verpatzten Lebemann“ Fritz gab Herr v. Fra¬
1973 3015 3005 3083 mer; die Rolle ist einigermaßen undankbar,
1991 3063 3010 3118 aber Herr v. Framer ha.“ die gefährlichen Klip¬
1987 3111 3010 3163 pen glücklich zu umgehen gewußt. Das lebens¬
1981 3161 3010 3219 lustigere und von sentimentalem Ballast freie
1991 3219 3011 3275 Paar hatte in Frl. Waldheim und Herrn
1989 3259 3003 3313 Daurer die richtigen Interpreten gefunden.
1988 3324 3015 3377 In kleineren Rollen machten sich Frau Moro¬
1985 3359 3012 3424 cutti (Frau Binder) und Herr Ranzen¬
1985 3406 3009 3459 hofer (der fremde Herr) um den Abend ver¬
1982 3454 3010 3514 dient. — Den Abschluß des Abends bildete der
1984 3503 3005 3554 ebenfalls Schnitzler'sche Einakter „Abschieds¬
1982 3550 3008 3609 souper“, das von Frl. Waldheim (Annie)
1985 3602 3003 3657 und den Herren Seder (Anatol) und v. Frch¬
1994 3650 3013 3725 mer (Max) flott heruntergespielt wurde. Daß
1984 3701 2992 3756 recht gut besuchte Haus war, wie schon ang
1993 3746 2600 3823 deutet, sehr beifallsfreudig.
2016 3802 2601 3891 (Interesso#
