3436 4256
573 214 702 292 e1
334 217 507 296 Lieb
273 264 740 338 n nenenenenenenene
845 208 1282 311 box 13/5
1014 601 1155 680 Vien,
1228 646 1467 719 RR R
1040 659 1283 789 eblung
1042 842 1514 999 ho 0
987 924 1091 1014 11
755 960 1784 1079 —
772 1046 2542 1196 Wird man die „Liebelei“-Operette zuhören bekommen?
794 1205 2518 1282 Vor ein paar Monaten erregte es einiges! die österreichische Vorkriegsuniform in
1733 1252 2439 1312 der „Liebelel“ eine große Roile.
768 1255 1655 1337 Interesse als man plötzlich hörte, Wiener
760 1284 2538 1368 Librettisten haben die „Liebelei“ zu einem Das eine Bild am Freudenauer Ronnplatz
761 1327 2539 1425 Stück mit Musik umgearbeitet. Das heißtjbringt eine Reihe von Uniformen und der
773 1376 2539 1456 also einfach, sie haben aus der „Liebe-Jeine der Helden der „Liebelei“-Operette ist
771 1457 2544 1521 lei“ eine Operette gemacht „Liebelei“ ist österreichischer Offizier. Der Uniform¬
779 1469 2545 1540 eines der markantesten Werke Arthur (gebrauch auf der Bühne ist jetzt durch ein
1663 1510 2460 1592 Gesetz geregelt und wie es heißt, soller.
770 1518 1658 1594 Schnitzlere, immer wieder gespielt, stellt
1681 1554 2502 1634 für die „Liebelei“-Operette die Unifor¬
767 1555 1665 1639 es eine wienerische Stimmung der Vor¬
1798 1608 2404 1672 men nicht gestattet werden,
766 1588 1656 1683 kriegszeit dar, die kulturell ganz einzig¬
1642 1642 2555 1710 so daß die Direktoren des Raimund-Theaters
769 1650 1656 1724 artig mit diesem Werk für 'mmer in Ver¬
1656 1676 2565 1758 auch aus diesem Grunde von der Aufführung
775 1703 1256 1783 bindung bleiben wüd.
1666 1747 2009 1802 absehen wollen.
807 1724 1650 1820 Die Autorenkompagnie Geza Herczeg,
1963 1760 2169 1862 Senen eun aechen
783 1791 1666 1850 Paul Knepler und der frühere Berliner
789 1833 1659 1899 Theaterdirektor Heinz Saltenburg
779 1870 1671 1951 haben Oscar Straus für die Musik der
786 1916 1659 1993 „Liebelei“-Operette gewonnen und es hieß,
1436 1957 1661 2016 „Liebelei“
783 1961 1442 2039 daß das Baimund-Theater die
786 1993 1673 2082 als Weihnachtsnovität zur Aufführung
780 2061 1126 2134 bringen werde.
821 2068 1682 2163 Die Direktoren des Raimund-Theaters,
773 2144 1689 2218 Professor Dr. Hock und Pauj Barnay
786 2178 1688 2261 erklärten ausdrücklich, deß sie keinesfalls
780 2223 1689 2294 gesonnen sind, die Operette „Liebelei“ zu
790 2267 1687 2334 nennen, da sie Schnitzlers Werk zu hoch
782 2299 1693 2377 schätzen, um durch solch eine Titelgleich¬
781 2358 1682 2448 heit die Meinung aufkommen lassen zu
794 2401 1696 2469 wollen, als wäre dieses musikalische Werk
786 2440 1693 2528 mit dem Schauspiel Arthur Schnitzlers
800 2501 1696 2554 identisch. Es sollte einzig und allein heißen:
801 2526 1692 2597 nach Motiven Arthur Schnitzlers. Denn bei
798 2569 1688 2631 der Operettisierung der „Liebelei“ mußten
796 2626 1695 2696 natürlich neue Bilder erfunden werden, um
789 2653 1701 2723 die Handlung im Operettensinn vorwärte
795 2695 1702 2767 zu bringen, es mußte auch von dem tragi¬
803 2742 1686 2814 schen Schluß abgesehen w#rden und ein
801 2778 1703 2856 versöhnliches, das Publikum befriedigendes
796 2840 1306 2907 Ende gefunden werden.
833 2848 1698 2937 Oscar Straus verpflichtete man als Musi¬
797 2907 1699 2986 ker der „Liebelei“ in der Erkenntnis, daß
795 2947 1701 3035 Oscar Straus derjenige Komponist ist, der
793 3002 1699 3076 die „Liebelei“-Zeit versönlich erlebt hat und
797 3040 1704 3122 daher diese Wiener Stimmung musikallsch
794 3086 1696 3163 am unmittelbarsten wiederzugeben in der
800 3146 1023 3216 Lage ist.
828 3165 1667 3269 Nun stellen sich angeblich der Wiener
827 3244 1664 3301 Premiere der „Liebelei“ namhafte
842 3279 1659 3350 Schwierigkeiten entgegen, da die Direk¬
848 3326 1672 3374 tion des Raimund-Theaters das Werk
847 3364 1667 3437 in augenblicklicher Form nicht aufzufüh¬
837 3422 1669 3468 ren in der Lage ist, die Autoren ihrer¬
838 3441 1666 3527 seits auf die Aufführung bestehen und
845 3492 1663 3554 die Aufführung, wenn es nicht anders
833 3539 1674 3617 geht, auf dem Klageweg herbeiführen
1155 3590 1350 3652 wollen.
840 3616 1725 3689 Die Uraufführung der „Liebelei“ fand ins
812 3687 1709 3755 Kopenhagen statt und als Folge der
799 3719 1714 3782 Erfahrungen dieser Aufführung haben sich
816 3766 1704 3840 verschiedene Notwendigkeiten von Anda¬
800 3809 1165 3876 rungen ergeben.
841 3861 1133 3922 Auch svielt
