3436 4352
377 192 768 267 Liebelei
201 195 763 317 3. M
846 188 1271 292 box 10)
2434 610 2859 701 Wien, Dienstag
1944 630 2189 717 Seite 2
1909 710 3172 785 eine Genesung unserer öffentlichen Moral angebahnt! Mar
3064 758 3182 819 Stel
1908 770 3059 835 werden. Der schlichteste politische Anstand würde
3053 794 3183 867 Jah
2554 808 3056 881 Gemeinderäthe, deren
1910 824 2555 895 es fordern, „daß jene
1906 852 3177 938 Ueberzeugungen mit jenen ihrer Wähler nicht Stal
1913 890 3190 987 im Einklang sind, sich zu einer Niederlegung ihrer Man= Mai
1909 937 3179 1037 date entschließen. Doch dergleichen scheint wirklich allzu Min
1916 997 3075 1073 altmodisch zu sein. Es ist allerdings noch eine andere
1922 1041 3073 1119 Auslegung möglich. Man könnte sich auch vorstellen, daß
1922 1082 3074 1165 das Programm, auf welches hin die Wahl erfolgt, heute
1915 1133 3084 1205 bereits zur conventionellen Lüge zwischen den Wählern!
1912 1179 3068 1260 und dem Candidaten geworden ist. Dann könnte dieser
1915 1232 3061 1301 nich der Wahl das bewußte Programm verlassen, ohne
3085 1281 3202 1347 Stäz
1925 1277 3065 1348 irgend mit den Anschauungen der Wähler in Zwiespalt
3085 1329 3207 1390 Con
1927 1323 3063 1420 zu gerathen. Vielleicht gibt es irgend ein geheimes Frei¬
1917 1370 3070 1453 maurerzechen, irgend einen Wink, irgend ein bedeutungs¬
1928 1422 3083 1498 volles Zwinkern, an dem sich die Gesinnungsgenessen
3082 1438 3210 1533 „jüd
1933 1466 3077 1543 erkennen, und in dem sie sich des Eintlangs zwischen
1932 1510 3085 1587 ihren Seelen erfreuen. Mit andern Worten: die Liebelei
1926 1557 3078 1639 dem Programm, die Liebe dem programmlosen Streber¬
3087 1586 3201 1656 der
1928 1632 2074 1702 thum.
2030 1651 3079 1730 Die Haltung, welche Dr. v. Billing annimmt, er¬
1941 1709 3079 1779 innert nicht nur an Schnitzler's „Liebelei,“ sondern auch
1940 1765 3088 1834 an David's „Regentag“. Der weibliche Anatol heißt in
1938 1803 3092 1872 diesem Stücke Kitty. Das seelenlose Geschöpf könnte
3101 1849 3220 1925 in 2
1934 1855 3088 1933 trefflich in der Mitte anständiger Leute leben, eine achtbare
1939 1899 3091 1970 Familie öffnet ihr die Arme, ein Mann von Geist und
1946 1943 3095 2013 Herz schließt sie an die Brust. Sie aber wendet sich ab.
3098 1966 3221 2051 Libe
1936 1989 3094 2063 Warum? Weil ihr das Geziemende öde und langweilig
3114 2038 3213 2106 Ge¬
1936 2047 3098 2121 vorkommt. Der Regen scheucht sie heim. Der Liberalismus
1938 2094 3108 2146 bedeutet ein etwas altmodisches, cher immerhin tüchtiges
1953 2137 3095 2211 und verwendbares Princip, Dr. v. Billing verläßt es.
3097 2147 3226 2225 nug,
1947 2177 3099 2259 Der Liberalismus ist ihm zu fade. Dr. v. Billing ist die
3112 2215 3224 2290 wähl
1953 2244 2519 2321 Kiny des Gemeinderathes.
2044 2280 3105 2350 David und Schnitzler sind Kinder unserer Tag;, sie
1944 2340 3103 2412 sind moderne Geister, sie sind Wiener der Gegenwart.
3113 2348 3234 2417 Losu
1963 2385 3104 2449 Durch das zeitgenössische Schriftstellerthum weht aber ein
3120 2405 3240 2478 Jnd
1965 2423 3104 2499 symbolistischer Zug. Das ist eine literarische Tendenz,
1956 2466 3114 2564 vermöge welcher uns ein dichterischer Vorgang geboten
1954 2517 3124 2603 wird, der nicht nur etwas schildert, sondern auch etwas
3123 2538 3229 2621 nich
1955 2586 3109 2642 bedeutet. David und Schnitzler führen uns das Wiener¬
3125 2602 3227 2679 nöt
1960 2613 3115 2702 thum von heute vor. Sie zeigen den leichten wetter¬
1970 2665 3124 2721 wendischen Sinn, der auf unserem Boden gedeiht, die
1968 2710 3125 2775 Genußsucht, die das lächelnde Behagen dem Ernst der
3126 2701 3242 2786 Die
1972 2748 3129 2826 Pflicht vorzieht, die Gedankenlosigkeit, mit welcher einer
3136 2772 3239 2837 für
1978 2799 3127 2883 flüchtigen Annehmlichkeit wegen die heiligsten Güter der
1979 2840 3129 2940 Menschenbrust mit Füßen getreten werden. Aus dem
3134 2891 3233 2956 gib
1972 2898 3127 2968 Charakterbild des Einen, us dem Sittenbild des Andern
3137 2924 3239 3012 ges
1985 2964 3140 3024 lugt grinsend die Satire hervor: Die Satire, welche
1985 2984 2762 3071 unsere Vaterstadt heute Herausfordert.
2237 3109 2900 3214 Politische Chronik.
2696 3173 3110 3270 Wien, 14. October.
2076 3269 3260 3333 Statthalterwechsel in Steiermark. Die „Wiener Blätz
3158 3295 3265 3373 Just
1981 3304 3151 3393 Zeitung“ publieitt heute die auf eigenes Ansuchen erfolgte Pensio¬
1994 3340 3144 3412 nirung des Statthalters im Herzogthume Steiermark Guido
1996 3389 3151 3472 Freiherrn v. Kübeck, bei welchem Anlasse demselben in neuer¬
1991 3433 3148 3519 licher Anerkennung seiner durch eine lange Reihe von Jahren mit
3159 3485 3248 3546 ich
1991 3478 3144 3565 treuer Hingebung geleisteten ausgezeichneten Dienste das Groß¬
1987 3527 3150 3610 krenz des Leopold=Ordens mit Nachsicht der Taxe verliehen wurde.
1991 3570 3154 3656 Gleichzeitig wird der gewesene Minister des Innern Olivier
2380 3710 2782 3817 Feuilleton.
2286 3847 2908 3950 Deutsches Volkstheater.
2012 3916 3101 4000 („Ein Regentag“. Charakterstudie in drei Acten von J.
3176 3958 3246 4008 her
2200 3962 3148 4038 — „Die Prüfung". Lustspiel in einem Act von
2014 3991 2203 4039 David.
3164 3995 3270 4046 mel!
2017 4002 3161 4076 Lothar Clement. Zum erstenmale aufgeführt am
3169 4038 3272 4090 wel¬
2414 4051 2778 4117 12. October 1895.)
3175 4081 3275 4146 alle
2095 4078 3160 4158 Der Herr Baron Ludwig Stöber auf Stöbersbach und
3176 4123 3277 4185 zur
2667 4137 3148 4211 schon seine samnttlichen
