3248 4320
423 179 753 250 Tebelei
234 178 1350 283 5. L. box 10/1
1597 349 1725 413 solks¬
1601 398 1729 472 „Er“
1613 454 1741 524 stets
1607 506 1737 577 hohe
1586 566 1728 620 irper¬
1606 616 1739 690 maß¬
1610 675 1743 732 eine
1587 723 1738 783 ienzen
1610 771 1740 835 fried¬
1601 826 1756 897 ihnen
1596 875 1751 959 Stell¬
1618 943 1747 1004 war,
1606 988 1753 1057 gegen
1598 1045 1749 1112 it der
1606 1090 1770 1179 rtigen
1602 1208 1757 1277 stwort
1599 1269 1755 1343 eutsch¬
1600 1323 1757 1398 7, daß
1598 1382 1756 1443 im der
1604 1425 1764 1504 haben,
1601 1492 1766 1549 Stelle
1598 1538 1762 1611 in des
1598 1594 1762 1661 n, sie
1604 1655 1768 1718 hl bis
1591 1700 1762 1780 it doch
1601 1761 1772 1833 r der
1597 1808 1771 1896 b auch
1605 1868 1771 1936 m An¬
1600 1924 1762 1988 risten“.
1605 1978 1768 2046 che sich
1594 2027 1767 2099 in den
1611 2081 1775 2149 meister
1615 2136 1774 2211 Josef¬
1653 2196 1767 2251 Aus
1605 2251 1775 2310 in „ge¬
1609 2300 1779 2372 erstelle
1603 2360 1778 2415 bleiben
1610 2407 1773 2471 #t wird
1597 2461 1766 2551 higkeit“
1608 2586 1782 2646 icipien.
1611 2638 1784 2704 öblichen
1607 2691 1790 2768 esweise
1607 2751 1784 2819 eißigen.
1617 2800 1785 2873 llen sie
1610 2858 1796 2920 paltung
1614 2907 1806 2972 dtrath¬
1614 2956 1797 3025 Lehnen
1612 3005 1796 3079 asstörer
1620 3064 1789 3130 heißen:
1624 3120 1794 3182 bedurft,
1629 3168 1795 3236 en und
1621 3227 1797 3296 er Lage
1637 3281 1790 3347 Unter
1627 3332 1794 3396 was er
1620 3387 1802 3456 ird das
1625 3445 1797 3514 Objecte.
1624 3495 1807 3559 ie sind,
1625 3550 1802 3609 ß mehr
1638 3606 1799 3661 its den
1656 3651 1803 3717 nennt
1639 3707 1799 3770 illing
1649 3757 1811 3829 Partei
1635 3866 1816 3928 3 einer
1638 3968 1811 4041 Frocesse
1642 4025 1812 4091 der in
1661 4077 1823 4142 einem
2662 219 2819 269 Seite
2697 258 2793 291 —
2000 180 2436 348 R
1754 309 2903 393 sein . . . Doch ich greife den Ereignissen vor. (Zwischen Lippe
1753 385 2917 447 und Kelchesrand kann sich noch Manches zutragen, das alle
1757 437 2906 505 Combinationen über Haufen wirft und von dem Tage der
1758 487 2910 557 Entscheidung trennen uns noch einige Wochen. Wenn die
1759 538 2921 620 Landtagswahl vorüber ist, wird der „Fortschrittliche Partei¬
1753 593 2925 686 verband“ Zeit und Muße finden, über seine künftige Haltung
1765 666 2918 720 schlüssig zu werden. Wie die Entscheidung auch immer aus¬
1761 704 2909 789 fallen mag, hoffentlich wird dabei das „bischen Liberalismus“
2690 762 2872 835 Intimus.
1767 766 2285 844 nicht gar zu kurz kommen.
2035 888 2657 989 Coulissengeflüster.
1879 977 2921 1032 Generalprobe im Burgtheater. Im verdunkelten Parkett
1776 1021 2919 1079 sitzen die Intimen des Hauses, die Gattinnen und Verwandten
1767 1060 2935 1117 der mitwirkenden Künstler, der Autor des Stückes, und Alle
1765 1119 2934 1188 folgen mit Spannung der Darstellung. Es wird Schnitzler's
1781 1150 2921 1212 „Liebelei“ gegeben. Es geht wie am Schnürchen. Die Zu¬
1781 1203 2928 1257 schauer sind entzückt, besonders die Gattinnen unter ihnen.
1774 1256 2928 1299 Gerade ist Herr Zeska auf der Scene und seine Frau blickt
1777 1289 2933 1352 mit stillem Wohlgefallen auf den schönen Mann und lauscht
1776 1326 2887 1383 mit Freude dem Wohlklang seines Organs. Da plötzlich —
1783 1371 2935 1441 schrillt ein Mißton durch die andächtige Stimmung. Aus
1786 1422 2927 1482 einer Coulisse tönt es mit verletzend scharfer Pointirung:
1789 1463 2412 1534 „Ich bitte, leiser Herr Zeska!“
1891 1495 2929 1559 Ueberraschung malt sich auf allen Gesichtern. Wohl¬
1792 1553 2935 1610 gemerkt, es ist Generalprobe und so und so viele Zuschauer
1786 1596 2936 1653 sind anwesend. Man hat die Stimme sofort erkannt, man
1784 1637 2938 1691 weiß, daß der Director persönlich von der Coulisse aus dem
1786 1677 2935 1729 Spiele folgt. Und die Schauspieler auf der Scene, die
1782 1739 2935 1778 Schauspieler im Parkett, halten den Athem an und glauben,
1786 1761 2942 1835 daß Herr Zeska diese Zurechtweisung coram publico mit
1785 1811 2940 1864 einem Wort, mit einer — That sich verbitten wird, aber es
1791 1856 2951 1924 geschieht nichts. Der solcherart beschämte Künstler spielt
1790 1906 2947 1960 ruhig weiter, spricht leiser . . . und seine Gattin sitzt bestürzt
1785 1943 2948 2013 da und wagt es kaum, aufzublicken. Hinter ihr flüstert's
1787 1994 2959 2053 und tuschelt's und die Leute denken, was ist doch der Herr
1788 2036 2648 2107 Doctor Burkhard für ein energischer Mann!
1916 2064 2943 2143 Probe in der Hofoper. Das Balletcorps ist auf der
1789 2113 2955 2179 Scene. Es klappt die Quadrille, die Rundtänze gelingen.
1792 2158 2951 2227 Der Balletmeister ist zufrieden und die Ballerinnen aus.
1794 2214 2963 2269 Da plötzlich — Fräulein Vergé irrt sich und springt aus
1798 2248 2963 2323 Reih' und Glied. Die Katastrophe ist fertig. Der Ballet¬
1795 2303 2959 2355 meister fährt sie an, die Dame erwidert, der Balletmeister
1790 2359 2963 2400 wird beleidigend, die Dame noch mehr, der Balletmeister
1797 2391 2966 2444 wird grob, die Dame gröber, ein furchtbares Spectakel bricht
1800 2434 2965 2497 los, alle Geister sind in Erregung, man schaart sich um die
1802 2493 2858 2541 Streitenden, Worte fliegen herüber, Worte hinüber —
1804 2531 2963 2577 was sind das doch für Worte! — Fräulein Vergé eilt
1805 2557 2963 2628 wüthend von der Probe weg und in ihre Garderobe, Herr
1804 2594 2961 2676 Haßreiter ihr nach, auf der Stiege dauert das Gefecht noch
1814 2653 2971 2714 fort, Keines will nachgeben. Da ist Fräulein Vergé bei
1812 2691 2965 2751 ihrer Garderobe angelangt und schlägt dem Balletmeister
1800 2736 2966 2809 die Thür vor der Nase zu. Jetzt stand er draußen und
1805 2781 2966 2849 machte seinem Ingrimm Luft. Dann eilte er in die Direc¬
1807 2827 2970 2895 tionskanzlei und beschwerte sich. Herr Jahn schüttelte das
1814 2868 2977 2954 sorgenschwere Haupt und erklärte die Sache zu überschlafen.
1814 2920 2508 2995 Thatsächlich ist sie — eingeschlafen.
1927 2947 2965 3019 Doch nicht nur die Proben haben ihre Reize, auch die
1813 2997 2969 3059 Vorstellungen sind aus der Coulissenperspective interessant.
1816 3051 2979 3111 Es ist im Carltheater, während auf der Bühne das Sou¬
1808 3101 2981 3144 brettentrio Kopacsi=Ziemair=Stojan sich producirt. Da plötz¬
1806 3131 2965 3189 lich wird es einer von den drei Damen etwas unbehaglich
1811 3173 2980 3231 zu Muthe. Ihre Partnerinnen haben ihr etwas zugeflüstert,
1815 3219 2985 3284 sie erbleicht und erröthet abwechselnd. Es ist höchste Gefahr
1824 3262 2983 3316 im Verzug. Sie fühlt es, daß jetzt . .. jetzt der Moment
1825 3315 2982 3364 eintreten wird, daß sie sich lächerlich machen wird Ein Fort¬
1818 3340 2987 3426 kommen von der Scene ist nicht möglich. Doch, Gott sei
1820 3394 2977 3448 Dank ... ein passender Moment und sie verschwindet hinter
1829 3440 2983 3509 der Decoration. Dort stehen die Feuerwehrleute, Choristen
1824 3487 2987 3550 und Solisten . .. ach, was, da gibt es kein Bedenken ... eins,
1827 3535 2986 3596 zwei ... ehe die Ueberraschten sich's versehen, fliegt ihnen ein
1824 3585 2975 3634 duftiges, weißes, spitzenbesetztes Etwas vor die Füße. Und
1827 3617 2988 3677 die Dame hüpft wieder zurück auf die Bühne und singt
1823 3669 2978 3733 weiter, ruhig, als ob gar nichts vorgefallen. Was war ge¬
1826 3701 2984 3769 schehen? Wir geniren uns, es auszusprechen. Die Dame
1832 3763 2786 3814 verlor — nein, es ist wirklich unaussprechlich.
1823 3866 2992 3919 Donau=Babel keinen Augenblick allein zu lassen. Ich hätte
1825 3925 2994 3974 gerne etwas von dem berühmten Nachtleben Budapests ver¬
1826 3970 2992 4035 kostet, doch selbst das kleinste Abenteuerchen wurde von den
1833 4012 2776 4086 Argusaugen meines „Flügeladjutanten“ vereitelt.
1950 4068 2999 4134 Besonders Einer war darüber untröstlich. Als sich
