3436 4320
410 164 793 237 Liebelei
219 152 1387 263 5. Lleseler box 10/4
1062 1030 3339 1136 ngen per maand kunnen produceeren. 15“ her opruigen gaat gemakkenjfer; 6“. het enderhonud! Ajax (II) von met 1—0.
2931 1070 3338 1135 Gisteren speelden de
222 1068 1039 1150 a, vate. o.os nogg
709 1094 2086 1166 Vermits maande. slechts 61 waggons worden afgeleverdj is eenvoudiger.
2815 1111 3337 1165 de Amsterdamsche F. C.
134 1120 702 1188 oren in 1812, werd deze
1765 1108 2838 1185 Daarop besprat listenant De Kroijf het gerecht in het
675 1153 1777 1204 en de verkoop van nwe olie in Duitschland beperkt is,
153 1167 686 1230 bij het prov. kerkbestuur
153 1145 3348 1272 hulpprediker en in 1841 ] heeft de directie pla nen doen ontwerpen voor den bouw polderland, er op wijtende, dat vooral de wielrijdens eerste won met 5 tegen 2 #
2818 1280 3327 1347 Chriatine vraagt: „Hob je
1738 1290 2840 1365 dasrom is het des te aangenamer nu om het te zeggen, dat gis¬
675 1311 1764 1371 typisch-Weensche der personen noemden, over het hoofd ge¬
141 1324 686 1382 #och nog, al moct ze telkens
2822 1320 3347 1382 vervallen by de volgende
1751 1337 2829 1395 tera vond Marie Vink gespeeld heeft, neen maar, dat was nu toch
675 1348 1756 1412 zien. Christine is een ernstig meisje van hart, maar den
154 1361 675 1412 kan zo0 vreemd doen, haar
2826 1367 3336 1421 nog meer te verbeteren, en
1750 1379 2827 1433 266 voortreffelük! Zoo heelemaal echt con jolige meid
672 1386 1758 1454 invloed van haar milien ontkomen doet zij niet. Met
141 1404 674 1467 eimzinnig, en dan mag ze hem
2814 1403 3339 1467 ander soort publick het e
1750 1416 2832 1476 met zilveren lach en liefde voor al wat verder zilver is;
676 1426 1758 1485 een oudere buurvrouw als juffrouw Binder en een buurmeisje
148 1433 685 1498 ook gaarne zoo dulden, wat
2827 1453 3332 1498 zien, en de vroolfkbeid
1756 1454 2829 1511 zonder hart maar geen kwaad ding, al lang haren „eerste“
670 1468 1759 1524 als Mizi, moederloos, met een gemoedeljjk-lichtzinnig-denkend
147 1470 680 1529 geluk, als ze maar niet zoo
2819 1479 3324 1540 sousligueeren met gelach.
1761 1484 2834 1548 vergeten, dom en toch vermakeljjk, minder alecht dan niet¬
680 1506 1762 1578 vader, aldoor van hem van dat de pret herbergend tooneel¬
144 1510 681 1584 dadeljkweerte moeten
2820 1508 3345 1579 het geheel, hier on daar 64#
1752 1528 2834 1594 goed. En lag het aan ons, maer anders is het, als Marie Vink
673 1541 1766 1596 leven hoorexJ, kan zij er toe komen: censdeels om zoo
2824 1556 3120 1616 noodig ware.
131 1560 408 1624 ligheid
1748 1563 2834 1638 speelt, altoos net of ze alles doet om de zaal plezier
679 1583 1765 1645 lichtvaardig een eerste liaison aan te gaan, anderdeels om
140 1578 677 1659 an: Fritz van zin kant meent
2852 1581 3326 1652 Doch haasten we ons#
1750 1600 2832 1664 te doen — en nu was het, tusschen baar en Brond¬
674 1597 1763 1683 deze verbintenis zoo ernstig op te nemen. Die uit de licht¬
143 1640 684 1683 niet op voorbereid zooveelte
2821 1627 3347 1696 gisteravond de gansche ssah
1756 1639 2838 1710 geest, of se het enkel deden voor eigen plezier, en
680 1655 1757 1711 vaardigheid van haar milien voortkomende lichtvaardig¬
150 1667 679 1733 minder te ontvangen. Weenen
2824 1667 3341 1731 kwam het er dähr nog
1753 1674 2413 1759 de pret ook hasst niet op-konden.
674 1697 1759 1749 heid van Cbristine, die gaf mevrouw Kerckhoven niet
149 1703 678 1768 immers een kind van die
2821 1717 3342 1769 met haar atcent en haar
676 1739 1765 1801 te zien. Z60 weinig zelfs dat men zich afvroeg hoe een
155 1750 688 1803 e gedeelte. dat van de weelde
2818 1739 3343 1805 valt dan men in een realistise
1781 1743 2823 1811 Met dat eerste bedrif is de heift van het stuk gezten.
684 1771 1769 1834 mondain-verwende als Fritz eenige — de leser permitteere, het
165 1777 691 1841 min als hot eerste. Alleen
2829 1783 3343 1836 ai losbärstte in al dekracht
1749 1779 2830 1842 Het handelingsdrama bestaat hierin, dat de bedrogen echt¬
682 1800 1767 1877 zijn de woorden van de tekst, eenige Erholung bjj haar had
148 1824 678 1882 die verlangen, juirt daar waar
2821 1823 3346 1885 bezwaren het enderwerp men
1758 1814 2832 1896 genoot de vreugde komt verstoren, nadat de twee meisjes in
686 1860 1025 1920 kunnen vinden.
134 1854 695 1938 diging weerzin, is. Onweer¬
2833 1851 3347 1929 lezing van het stuk zoo ste
1763 1853 2833 1927 een andere kamer sjjn gedrongen. Die piin in ziine woorden,
715 1872 1761 1942 Een andere Fritz, en mevrouw Kerckhoven in het eerste
3288 1895 3351 1960 1
141 1903 695 1962 mooie getrouwde-vrouw heekt
2824 1904 3286 1967 Christine die daar op ec
1766 1891 2835 1969 nu hi den man die hem zin geluk ontnam, alweer met
680 1926 1765 1981 bedrif minder dadeljjk zwaar-larmovant, d.w.z. den ernst
145 1947 686 2006 Fanneer zi samen zin pjjnigt
2823 1944 3341 2007 Ien moet al wat wij vo#
1751 1946 2829 2000 andere vrouwen, met juffies vindt, was wel mooi, maar anders
691 1967 1761 2019 van haar wezentje en van haar liefde ons delicater
147 1984 696 2037 angst. „Du hast, bekent bij
2825 1981 3331 2042 en leugenschtigs is in de
1750 1991 2827 2057 heeft dit scenetje natuurljjk, in die zeer uitvoerig-realistisch
684 2005 1758 2067 voelen doende, en het eerste bedrif zou een en al meester¬
136 2021 693 2073 Enung, wie ich mich nach so
2829 2017 3350 2079 Mevrouw Kerckhoven beest
1751 2022 2833 2091 gegeven pret vallend, iets melo-melo.s. (Bovendien werd
683 2042 1769 2091 werk van vertooning geweest zin. De eigenaardige ver¬
167 2051 696 2110 sgesehnt habe (als hi bii
2826 2052 3347 2111 kracht. Zjj bleef in het ac
1770 2062 2843 2121 het rolletje hinderljjk slecht gespeeld.) Maar het is nood¬
690 2081 1764 2136 dienste van zooveel kunstwerken onzer dagen, als van heel ons
154 2090 682 2159 so was Süssem, Stillem, das
2821 2090 3354 2158 overwegingen sööveel hartet
1759 2101 2841 2160 zakeljjk voor den gang van zaken. Het eigenljjke, hes
684 2115 1761 2180 levensinzicht, is immers juist het subtiel-gecompliceerde.
155 2137 684 2190 ich mich von den ewigen
2825 2131 3350 2199 hersenwerk meer bleven, ma#
1761 2134 2839 2202 gevoels-drama begint trouwens reeds to komen: deweemoed
698 2160 1767 2213 Op subtiele wüze complicert zich in het eerete
131 2172 692 2224 olen kann.“ Weonen is een
2831 2177 3281 2239 tan werden van iemand
1761 2185 2838 2237 IVan die Lisbelei, die niets is voor den een en alles voor
680 2199 1770 2255 be drif van Liebelei de pretmakerjj van twee Weener jongelui
147 2207 692 2275 nsterachtig egoisme van dezen,
2822 2189 3344 2264 Hiefde. Riet de mastsche
1769 2213 2783 2281 de ander, en toch; ja toch wel even lets voor den een.
689 2231 1774 2294 m#e een paar juffertjes mee naar des eenen kamer genomen
139 2244 691 2299 aar als de ouvoldoend be¬
2828 2247 3349 2307 Christine: die liefde die ##
1789 2235 2839 2306 Dit laatste bljjkt in hei tweede bedrif, wanneer Fritz
680 2270 1777 2342 hebben, tot een uiting van werkeljjke, volkomen, liefde —
133 2276 694 2347 r vader Weiring soo mee te
2823 2281 3337 2348 zelve. Dit is het wat de m
1757 2280 2843 2345 komt om afscheid te nemen, en hij, zwäk in dat vöör
697 2314 1766 2373 ven liefde die enkel ontijdig is, die groeit op een plek
142 2325 690 2385 eener is, ligt ook in hem eene
2832 2326 3338 2389 Fritz dood — in een duel
1766 2334 2840 2394 zich zien van den waarschjjnljjken dood, de waarde
689 2340 1770 2403 waar geen plaats voor haar is, maar die daarom niet minder
139 2363 687 2431 liefde voor pret en Erholung.
2830 2361 3344 2418 had — zi Christine niets
1769 2375 2843 2430 voelt van die liefde die gisteren zoo weinig leek, en
686 2386 1775 2443 een mooie bloem is. Er ritten spatjes op de bloem van
2830 2403 3347 2463 briof, geen beodschep na
1762 2402 2840 2460 waarin hij nu, koesterend, zich zou willen verbergen,
682 2423 1763 2489 de modder waaruit ze onverwacht opbloeit, ook liggen er om
133 2424 689 2496 vond de rol van Fritz speelde,
2837 2438 3350 2500 gemoedaljk sich bly by hser
1768 2441 2842 2507 misschien, voor een poos. „O God, wat liegen zulke
682 2456 1760 2521 haar heen, op den modderbodem, enkele van haar roseblaadjes:
134 2490 687 2548 n Weener, en aan de trage
2830 2478 3352 2546 zin ouders, zin vrienden
1758 2486 2840 2547 uren!' Die bijna tot sentiment groeiende sentimentaliteit van
688 2503 1766 2559 on dat alles is heel licht, en teer, en kiesch.... Nog
132 2515 688 2579 k onder meer de uitbeelding
2865 2512 3351 2580 en nu, hi al begraven, sod
1759 2525 2848 2584 hem, nnast de nu door geen schingond van een ourein
679 2551 1768 2606 eens, als we Christine in het eerste bedriff z66 gezien
147 2558 704 2609 teen pretmaker, die de recht¬
2831 2548 3356 2621 nooit meer. O, wat sne
1760 2565 2841 2630 souper meer leeljjk-gemaakte, enorme liefde van haar, het
687 2586 1777 2647 hadden, en naast een anderen Fritz, dan zou het geheel een
146 2601 695 2645 van een getrouwd man wiens
2858 2586 3347 2654 Het allerlaatste alot van
1764 2593 2845 2658 is een prachtig drama. — En daaromheen het Wiener Leben
694 2610 1506 2690 Juweel van realistische poßzie zijn geweost.
138 2635 699 2689 ie het bovendien houdt met een
2835 2622 3352 2702 gewenscht hebben dan 8#
1772 2624 2842 2691 van de achterbuurt: Dakzicht, een vogeltje in het raamkozjin;
733 2635 1772 2712 Want we hadden een Mizi en een Theodor die voor¬
132 2677 697 2734 ng' door een vriend bezorgd,
2842 2677 3339 2737 voudiger, stiller nog, daar
1772 2684 2850 2738 Schubert en gemaakte bloemen; een affreuze Beethoven
691 2692 1777 2749 treffeljjk waren. Brondgeest was de Theodor: elegant, galant,
142 2704 702 2764 et hebben, zoodat zin vriend
2828 2700 3353 2777 bedenkingen van sentiment
1763 2714 2844 2771 aan den wand en een halfcompleet Conversations-lexieon
688 2739 1769 2813 jolig, cynische Don Juan maar toch vooral ook weer niet te
131 2743 700 2823 ast, auch die Sache wieder
2862 2741 3336 2806 Maar het gehest is seer
1775 2754 2848 2813 op 't boekenrek. De vader zin melancholie over het
693 2771 1778 2830 „slecht' — doend, ja, in zulke rollen, waar geen dieper gevoel
135 2798 699 2849 enwas het een raadsel, hoe
2879 2776 3345 2837 En doer hes vele bewon
1760 2791 2841 2840 pretioos bestaan van een eerbaar arm meisje luchtend
688 2808 1781 2865 bjj te pas komt en de manieren veel te beteekenen hebben,
148 2827 689 2885 zoo verschillenden aard en
2830 2819 3339 2891 deze vertooning zeur hoog.
1773 2836 2847 2893 bi een nü braaf-doende buurvrouw; deze nisdig zeggend
687 2847 1776 2904 in zulke rollen voelt men het best, welk een aanwinst deze
149 2855 695 2921 was even raadselachtig, hoe hij
2826 2859 3348 2938 gekuch en genies, met de t¬#
1769 2869 2839 2935 „dat ze't weot' tegen Christine, en geblaft door de nog
700 2890 1774 2946 oud-militair van goeden huize, wiens bewonderenswaardige
138 2908 703 2957 en —, en tevens zoo'n infame
2829 2896 3335 2965 op alle rangen tidens hetz
1772 2905 2846 2967 schaamtelooser en nu longe Mizi. In die omgeving
703 2926 1772 2996 jjver toch maar nooit iets tegen zjjn opgewektheid vermag,
138 2945 700 3002 Tartand heeft zine rol heele¬
2837 2948 3351 3016 een ernstig genot kwame
1764 2943 2854 2996 Christine: — Mevreaw Kerekhoven, thans op dreef. Naast
702 2965 1369 3025 voor de Vereenigde Tooneelisten is.
147 2977 712 3035 icht in de geheele persoon¬
2833 2985 3047 3049 wegnam.
1770 2977 2848 3041 haar, de heer De Ves, zeer goed getypeerd, als de oude
732 2998 1777 3060 En dan mevreuw Van Eysden—Vink. De populaire artieste
219 3019 705 3081 hij heeft enkel (hier en
1773 3022 2847 3077 Weiring, uitmuntend in die rol van den gemoedeljjken incons¬
703 3042 1785 3104 kan ons niet tot haar vleiers rekenen. Hebben we — Mizi,
148 3053 705 3122 n den echtgenoot niet zonder
1773 3065 2298 3131 eiente, die alles god vindt.
694 3086 1779 3146 zei het selve, gisteravond, op een krant kan je ook niet
161 3087 706 3161 eik gedeeltetje gespeeld met
1808 3082 2849 3150 Een poar kleinigheden: een fout met het licht, en cen te
696 3119 1781 3174 altoos aan — hebben we haar wel eons te weinig gevleid?
160 3130 670 3186 er aan te geven vermocht.
1762 3136 2884 3211 dicht bjj Weiring staan van Katharine als ze, weggaande aan
154 3150 1780 3245 Christinel had dat wat wij het Onzer eerljjkheid althans zin we geene schuld bewust. Maar
