3484 4192
234 154 643 236 Liebelei
232 206 653 275 Aentenen enesenen nenteenen
786 151 1217 250 box 13/3
962 829 1743 977 iteuen bedes 6éatt
1169 989 1630 1105 27. f. 1633.
1131 1155 1344 1216 Seite 2
1342 1194 1383 1250 —
1119 1226 2314 1403 Theater und Kunst
1382 1384 2025 1456 Theater in der Josefstadt.
1194 1443 2314 1546 Sehhitzler’s tiefgründige Dichterworte erklingen.
1088 1499 2314 1601 Das weite Land der Seele umfängt uns mit seinem
1105 1555 2315 1619 milden Hauch. Gleichsam als Vorspiel die Marionet¬
1114 1580 2317 1663 tenszene „Der tapfere Cassian“; ungeachtet
1110 1632 2316 1706 des puppenspielerischen Charakters ertönen alle
1104 1693 2318 1764 Grundakkorde des Seins, die urewigen Wahrheiten
1104 1723 2327 1810 von Leben, Lieben und Sterben. Dieses feinziselierte
1112 1781 2326 1864 Miniaturspiel erhält durch die virtuose Darstellung
1116 1832 2324 1921 von Hans Thimig, Friedl Czepa, Alfred Neugebauer
1114 1879 2330 1958 eine besondere Resonanz. Das Ganze ist von der
1108 1925 2325 2000 zartsinnigen Regie. Paul Kalbeck’s auf farbigste
1126 1986 1858 2077 Spieldosenromantik eingestellt.
1227 2017 2332 2097 Diese wunderbare Inszenierungskunst wie die
1130 2068 2343 2157 Vollendung der Darstellung prägt sich noch nach¬
1113 2120 2337 2202 haltiger im Hauptwerk „Liebelei“ aus. In feinen
1126 2179 2329 2243 Nüancen ist das fin dé siecle-Wien mit seinen sinn¬
1116 2227 2339 2320 lich-elegischen Gefühlen veranschaulicht. Eine Welt
1123 2258 2330 2342 der Halbheiten, keine Liebe, alles ist Liebelei. Aber
1122 2311 2335 2406 plätzlich erwächst aus diesem Spiel mit dem Feuer
1126 2383 2343 2437 eine elementare Flamme, eine große Liebe, ein
1123 2403 2343 2481 menschlicher Aufschrei: Paula Wessely’s Christine
1123 2470 2330 2534 in ihrer schlicht-genialen Ursprünglichkeit, in ihrer
1135 2509 2350 2590 unaufdringlichen Größe; jedes Wort ihrer „Christine“.
1134 2564 2344 2627 ist ein Schicksal, und selbst ihr Schweigen spricht
1140 2606 2331 2685 eine eindringliche Sprache, die Sprache des Herzens.
1135 2660 2347 2727 Als ihre Freundin, die leichte „Schlager-Mizzi“ ist
1145 2706 2345 2782 Friedl Czepa, ein Sonnenstrahl, der auch in den Nie¬
1141 2768 2366 2830 derungen des Gefühles wärmt und leuchtet. Den
1145 2811 2338 2886 alten Weyring gibt Hugo Thimig mit gereifter Mei¬
1139 2853 2345 2932 sterschaft, mit der Ueberlegenheit edler Weltanschau¬
1140 2904 2359 2970 ung und verständnisvoller Güte. Hans Thimig als Fritz
1149 2945 2350 3037 malt in erlesen nüancierten Aquarellfarben das Bild
1155 2999 2352 3076 eines sehnsuchtsvoll-lebensdurstigen Menschen, über
1147 3066 2353 3125 dem schon die Todesschwingen rauschen. Ein in¬
1157 3093 2355 3186 teressanter Gegensatz zu seiner passiven Charak¬
1158 3150 2356 3223 terisierungskunst ist Heinrich Schnitzler’s lebensprü¬
1155 3190 2365 3268 hende Gestaltung. Ueberaus saftvoll auch Annie
1161 3242 2362 3314 Rosar. Schließlich sei noch Herbert Hübner’s ge¬
1148 3281 2373 3370 dacht, der mit scharfer Prägnanz als „fremder
1147 3359 2378 3411 Herr“ der zum Duell auffordert, die Hand des rä¬
1150 3401 1889 3472 chenden Schicksals verkörpert.
