3484 4256
241 200 805 274 5. Liebelei
425 216 1373 309 box 12/7
2450 300 2953 396 iterear
1938 321 2669 453 . L  gnbee
2381 506 2970 605 EECHSPOST, WIEN
1913 608 3044 744 Theater, Kunst, Musik.
2040 706 2910 818 Hofburgschauspieler Girardi.
1972 777 3059 875 Davon war schon öfter als einmal die Rede, daß
1877 831 3049 912 Gitardi, unser Girardi, dieser wenn auch nicht gewalligjte
1882 879 3060 956 so doch sicher dem wahren Menschentum nächste deutsche Schau
1881 924 3044 1004 spieler, eigentlich an unsere erste österreichische Schauspiel
1879 971 3044 1052 bühne gehöre. Nein, das gehe dab nicht, hieß es da immer
1870 1014 3048 1091 gleich, denn Girardi sei ja doch „nur ein Volksschau
1875 1054 3036 1129 spieler, er habe den „Burgtheaterstil“ nicht und sei in
1863 1104 3044 1173 klassischen Stücken völlig unverwendbar. Das ist in all
1861 1122 3048 1218 den Jahren, seit er sich fast ausschließlich der Operett¬
1864 1190 3048 1264 zugewendet hat, die landläufge Vorstellung von ih go
1869 1232 3071 1310 worden: Ein g'spassiger Herr, der unlängst zwar mit wenig!
1874 1267 3035 1337 Stimme aber hinreißender Betonung und Gebärden
1860 1320 3047 1410 sprache den neuesten Schluger in irgendeiner „Tanzender
1853 1380 3037 1442 Hoheit" oder dergleichen gesungen oder unlängst in
1864 1420 3034 1490 „Zigeunerbaron“ so fesch Csard# getanzt hat. Also wohl
1852 1463 3027 1526 wert, daß die runden Strohhute nach ihm benannt wur
1863 1494 3033 1566 den. — Wieviel tausend dumme, stipffinnige Operetten
1849 1538 3040 1611 abende sind durch ihn allein erträglich geworden! Kein¬
1852 1584 3037 1660 Rolle konnte so flach sein, daß er ihr nicht doch irgendein
1861 1633 3037 1704 Gelegenheit abgelistet hätte, in ein hanales Scherzwon
1857 1679 3029 1745 plötzlich eine Welt von Gemüt zu legen und so die Zu
1856 1709 3031 1791 hörer seines Geistes einen Hauch verspflren zu lassen. Hir
1852 1755 3029 1830 und wieder ließ er sich bereden, in einem Schwank zu
1854 1803 3027 1863 gastieren, in den ein findiger Bühnenautor eine „Girardi
1846 1848 3034 1912 rolle“ hineingegtmmert hatte. Mochte solch ein Schwan
1842 1881 3025 1962 dann „Er heiratet seine Frau“ oder sonst irgendwie hei
1851 1937 3024 2001 ßen, mehr als eine bessere Hanswurstiade war es niemals
1840 1993 3026 2051 was man diesem außerordentlichen Schauspieler zudachte
1937 2016 3015 2100 Jetzt hat ihn der neue Burgtheaterdirektor mit be
1844 2060 3017 2136 herztem Zugriff für das Hofburgtheater gewonnen. E
1850 2109 3027 2180 sagte sich: Ich will Raimund spielen, ich will das Volks
1837 2161 3050 2224 stück pflegen. Dieser ist mein Mann. — Jetzt wird es sic
1837 2195 3017 2272 zeigen, daß für einen Gitardi gar keine neuen Rollen ge
1840 2241 3016 2322 schrieben werden brauchen, sondern daß sich in jeden
1837 2291 2948 2351 guten, wirklichen Volksstück eine Girardirolle findet. 2
1842 2331 3014 2403 nächst kommt ja wohl Raimund in Betracht, auf desse
1837 2374 3015 2440 Eigenart Girardis weiches, österreichisches Wesen so außer
1835 2419 3019 2491 ordentlich paßt. Seinem berühmten Valentin wird jetz
1847 2452 3011 2529 der Künstler noch manche andere von Raimund erdacht
1847 2507 2996 2566 Gestalt anreihen können. Auch bei Nestroy wird er manch
1846 2549 2996 2616 dankbare Aufgabe finden. Was alles nicht sagen will, da
1840 2578 3000 2663 er in klassischen Stücken in der Tat unverwendbar sei
1846 2631 3001 2700 Warum sollte er etwa nicht den Hofmusikus Miller in
1839 2684 3020 2751 „Kahale und Liebe“ spielen können? Es würde an einen
1843 2722 3003 2792 Hofburgtheater gar nicht störend wirken, wenn er der
1844 2759 3003 2838 Miller mit einem leisen dialektischen Anflug spreche
1838 2803 3003 2886 ließe. Man hat in der letzten Zeit ohnedies — und siche
1829 2843 3004 2934 nicht mit Unrecht — darüber geklagt, daß am Hofburg
1841 2897 2999 2956 theater imfolge vieler Neuengagements von reichsdeut
1832 2928 2999 3016 schen Schauspielern das spezifisch reichsdeutsche Spreche
1838 2987 3003 3052 allzu sehr überhand nehme. Mit Girardi wird ein starke
1825 3029 2994 3095 österreichischer Ton in das Haus kommen. Wir müssen ge
1825 3070 2988 3148 stehen: Wir wissen nicht, ob er reines Hochdeutsch zu spre
1818 3118 2989 3188 chen instande ist. Aber wir würden es gar nicht fü ei
1830 3166 2948 3239 großes Unglück halten, wenn er es nicht imstande wäre.
1905 3206 2987 3270 Den Hauptnutzen, den die Gewinnung dieses Schau
1818 3217 2979 3308 spielers dem Hofburgtheater bringen wird, erblicken wi
1827 3296 2990 3363 aber in dem Umstand, daß sich der neue Direktor dadurd
1818 3319 2975 3405 offensichtlich die Verpflichtung auferlegt, dem Volksstü
1827 3373 2987 3439 wieder einen breiteren Raum zu öffnen. Um das Volks
1833 3416 2988 3488 stück war es im Hofburgthoater in den letzten Jahren
1826 3466 2979 3539 schlecht genug bestellt. Mancherlei, was Schnitzler schrieb
1818 3509 2981 3584 gab sich den Anschein des wienerischen Volksstückes. Abe
1820 3553 2982 3626 wie unwienerisch ist doch dieser Dichter im Grunde seine
1822 3597 2971 3664 Wesens wie volksfremd ist doch seine Art zu denken, wi
1810 3643 2981 3695 ferne liegen doch unserem wirklichen, seiner Rasse durc
1806 3685 2979 3743 unübersteigliche Schranken des Blutes unzugänglicher
1812 3721 2975 3805 Volke seine erklügelten, schwülen Probleme! Der neuerer
1814 3774 2965 3843 magyarischen Dichtung ist auf dem Burgtheater in de
1807 3809 2974 3884 letzten Zeit mehrsach Unterstand geboten worden, wahrlic
1816 3862 2972 3930 nicht zum Besten dieser Bühne. Nur für das deutsch
1809 3897 2972 3965 österreichische Volksstück ist nichts geschehen. Schönherr
1814 3943 2963 4017 Stücke, so treu und stark im Dialekt und in der Beibehal
1807 3977 2967 4052 tung bäuerlicher Umwelt, können in der literarischen Aus
1795 4032 2964 4098 gemessenheit ihrer Probleme und in ihrer, von natürliche
1796 4072 2965 4144 Naivität meilensernen Bewußtheit sicher nicht als Volks
1796 4114 2964 4194 stücke in wahrem Sinne angesprochen werden. Nein, in
