3344 4256
270 217 709 299 5. Liebe
946 220 1422 303 box 10/6
453 240 957 330 uasazer
1694 857 2923 946 Die M##ng aus Haduna, wonach der deuische Kreuzer
1162 905 1647 992 n chrenden Truppen
1669 921 2903 988 „Geier“ in den Hafen eingelaufen sei, ohne die amerikanischen
392 927 800 1004 ###buin. Den¬
1104 953 1647 1036 Empfang bereitet. Die
1652 950 2903 1054 Schiffe zu größen, während er den Spaniern die üblichen Ehren
410 978 843 1037 wird überall ein
404 1002 1542 1107 selben erhielten einen dreimonatlichen Sold ausgezahlt.
2693 1009 2900 1092 m
1937 1025 2130 1115 M
1645 1080 2904 1165 losbricht ... So war auch die Schlußsz.ne der Sandrock von einer
407 1123 1646 1217 von Rosselino sind Hauptstücke. Das Kabinet James Simon
1644 1143 2381 1201 Wuth und Gluth, die alles niederwarf.
1703 1154 2897 1244 Die Wiener Schauspielerin wurde in der „Liebelei“ von den
409 1178 1653 1240 enthält italienische und deutsche Bilder und Robbien. Zu jedem der
1648 1207 2899 1288 Herren Stahl, Wehrlin und Helmuth=Bräm und von
414 1217 1652 1289 Kabinete gehört ein Glasschrank mit Kleinbronzen. Die Wände
410 1258 1658 1347 sind mit Gobelins geschmückt. In der letzten Abtheilung, etwas
1649 1260 2430 1332 Fräulein Rupricht sehr gut unterstützt.
1705 1284 2921 1370 In dem folgenden Einakter „Abschiedssouper — ebenfalls
408 1301 1655 1378 zu sehr im Dunkeln, um ganz zu wirken, hängt ein Porträt
1658 1341 2911 1412 von Schnitzler, aus seinem Anatolcyklus — halfen ihr Herr
409 1345 1663 1409 einer Bayreuthischen Fürstin von Lucas Cranach aus könig¬
1661 1366 2923 1457 Bira und Herr Grunwald. Das Stückchen ist eine kleine liebens¬
415 1375 1656 1468 lichem Besitz; in der Wiedergabe der vornehmen, etwas leidenden
1653 1403 2915 1490 würdige Frechheit. Ein Lebemann will seiner Balletdame den Ab¬
421 1430 1659 1499 und ernsten Dame höchst überraschend für den Meister, eine der
1663 1452 2916 1546 schied geben. Ihm fällt es schwer, das letzte Wort zu sprechen. Aber
420 1473 1665 1542 Perlen der Ausstellung. Die Rückwand füll' ein Schrank mit
1652 1519 2918 1576 es kommt garnicht dazu. Denn sie selbst, viel kuragirter als er, giebt
421 1534 652 1599 Majoliken.
1659 1546 2906 1629 ihm ihrerseits den Laufpaß, weil sie einen Anderen gefunden hat.
459 1561 1666 1632 Tritt man von hier in den Korridor, der an der Straßenseite
1659 1598 2909 1658 Man möchte der Sandrock beinahe böse sein, daß sie ihrer Christine#
418 1602 1666 1679 liegt, so fesseln den Blick zunächst die herrlichen Glasfenster von
1660 1635 2902 1707 der himmlischen Liebe, die irdische Liebe Annies folgen ließ. Das war ein
423 1652 1661 1720 H. Baldung Grien, die aus der Anktion Douglo für unser
1660 1676 2904 1743 bischen Virtuosenthum, nur um zu zeigen, was alles man spielen
423 1701 1664 1761 Museum erworben worden sind. In dem Gang, der kleinere Bilder
1670 1713 2901 1791 kann. Und sie spielt das kleine Laster mit der Naivetät einer Ver#
429 1728 1668 1806 enthält, ist eine Handzeichnung von Dürer besonders zu erwähnen.
1668 1759 2909 1833 dorbenheit, die längst jenseits von Gut und Böse steht, sehr amüsant
423 1785 1666 1847 Dann gelangt man in das Kabinet v. Kaufmann, das der nordi¬
1664 1802 2914 1870 Aber das können viele andere auch und vielleicht noch humorvoller#
425 1830 1669 1891 schen Kunst gewidmet ist. Namentlich köstliche Bilder der alten Nieder¬
1659 1843 2906 1934 Wir wützten andere Rollen für sie: Medea, Sappho und Aehnliche
424 1857 1665 1934 länder, eines Rog. van der Weyden und Memmling, sind hier
1678 1889 2907 1959 Wie es heißt, wird sie die Hero spielen, vorher aber die „Eva“ vo#
432 1922 655 1994 zu finden.
1678 1934 2531 2020 Richard Voß und zwar am nächsten Dienstag.
1718 1984 2943 2074 bs. Das Belle=Alliance=Theater hat gestern sehr viel ver¬
472 1989 1680 2076 F. E. Adele Sandrock gab gestern im Goethe=Theater vor
1680 2040 2936 2121 sprochen und noch mehr gehalten. Auf dem Theaterzettel stand:
446 2043 1685 2120 Einem überfüllten und im lautesten Beifall unermüdlichen Hause zwei
1677 2084 2928 2139 Wein, Weib, Gesang“, große Posse mit Gesang und Tanz in
455 2096 1679 2160 Wiener Rollen in zwei Stücken von Arthur Schnitzler. Ihr
1679 2127 2929 2197 fünf Bildern von Wilhelm Manstädt. Anfang 8 Uhr — Ende
442 2135 1680 2213 Spiel erneute nur wieder die schon gewonnenen Eindrücke. Man fand
1673 2151 2933 2228 nach 10. Nun wohl — es war alles reichlich und in Uebermaße
432 2172 1682 2250 #nur bestätigt, daß sie eine Künstlerin ersten Ranges sei, die so bedeutend
1684 2200 2927 2264 vorhanden. Man sah wirklich sehr viele Weiber — fast so viel wie
441 2216 1682 2289 ist, daß sie ihre Rollen ganz falsch, mit herrischer Verachtung des vom
1685 2232 2935 2302 im Olympiatheater — aber nicht ein einziges Weib — es gab sehr
426 2258 1686 2324 Mutor gewünschten Gebildes nehmen kann und doch immer die Macht über
1683 2268 2942 2336 viel Gesang — wenn auch kaum einen originellen Ton — und auch
433 2302 1680 2387 die Gemüther behält. Diese Christine in Schnitzlers Liebelei“
1681 2306 2944 2379 der Wein fehlte nicht — wie dieser freilich war, das ist schwer vom
439 2343 1677 2405 kist ein kleines verliebtes Wiener Mädel ohne alle Ahnung von dem
1693 2360 2338 2428 Zuschauerraum aus zu beurtheilen.
1730 2382 2939 2454 Wer vieles bringt, bringt Jedem etwas — von diesem Stand¬
441 2383 1689 2461 Ernst der Dinge und schon ganz und gar glücklich, wenn sie nur ihr
1685 2414 2873 2490 punkt scheint der Dichterkomponist ausgegangen zu sein. Das ist
445 2424 1689 2505 Köpfchen an Fritzens Schulter legen kann. Sie will nur geliebt und
1695 2455 2949 2527 an sich eine löbliche Idee, aber daß hierdurch erst gegen 12 Uhr
444 2470 1682 2547 geherzt sein, sonst nichts. Sie hat nur einen Lebensdrang: das
1693 2497 2937 2566 der Schlußvorhang fiel, kühlt die Begeisterung für die Idee etwas
441 2514 1688 2574 ist die Liebe; sie hat nur einen Gott: das ist der
1693 2541 2943 2602 ab. Warum machte es sich der Dichter aber auch nicht leichter?
1129 2549 1690 2617 sentimentalen Klavierspiel.
994 2563 1134 2617 dem
678 2561 1008 2627 Student mit
449 2570 668 2636 halbgrüne
1697 2565 2951 2634 Er bringt ein Varieté auf die Bühne, er führt uns die Clownkunst¬
451 2590 1685 2666 Ein bischen tiefer und innerlicher als der Durchschnitt ist sie wohl.
1697 2603 2950 2679 stücke eines Cirkus vor — das konnte er sich doch ersparen — das
449 2636 1690 2716 Das zeigt der Schluß, der errathen läßt, daß sie um ihrer Liebe
1694 2648 2960 2719 alles war ja draußen im Garten in den Zwischenpausen noch dazu
454 2676 1692 2753 willen sogar den Sprung in die Donau wagen könnte. Agnes
1690 2680 2374 2755 bei herrlicher Abendluft zu genießen.
1741 2699 2948 2784 Eine Posse will nicht auf Handlung und Zusammenhang geprüft
454 2716 1696 2793 Sorma, mit ihrem warmen Herzen und ihrer lachenden Weltlust,
1848 2754 2952 2816 lacht das Publikum und amüsirt es sich, so erfüllt sie ihren
1703 2761 1859 2830 sein —
454 2761 1691 2839 hat damals im „Deutschen Theater“ das Verliebtsein gewiß an¬
1703 2797 2949 2854 Zweck. Das hatte die Posse in den drei ersten Bildern in hohem
458 2796 1702 2880 muthiger gegeben, ganz wie der Wiener Dichter Christinchen gesehen
1700 2825 2956 2898 Maße erreicht; ein sogar stürmischer Beifall forderte zweimal den
454 2844 1698 2921 haben mag. Adele Sandrock aber dichtete sich ihre Christine
1704 2866 2957 2932 Dichter vor die Rampe. Als aber dann im vierten und fünften
446 2884 1693 2956 noch einmal für sich. Streng und greß, im Blick schon
1698 2922 2948 2971 Bilde die Situationen so an den Haaren herbeigezogen folgten, da
453 2929 1700 3012 einen Schatten des kommenden tragischen Ereignisses, schreitet
1706 2949 2950 3017 ging selbst dem beifallspendenden Publikum der Athem aus. Freilich,
465 2972 1697 3051 sie einher. Ihr ganzes Talent ist ja auf das Kritische gestellt; kein
1703 2987 2959 3045 uuch die Vorgänge der ersten drei Bilder sind so dünn und faden¬
1713 3012 2951 3082 scheinig, daß man kaum von einem Inhakt sprechen kann. Eine ver¬
464 3013 1699 3094 Ton liegt ihr besser als der des Hohnes; ihre „Francillon“ hatt¬
1718 3060 2952 3121 heirathete Frau wünscht ihre kompromittirenden Briefe an den Ge¬
458 3055 1696 3143 etwas vm der Erinnye an sich So wächst sie auch als Christine weit
1702 3092 2965 3159 liebten zurück und stürzt sich dabei in neue Liebeshändel — ihr Mann,
461 3095 1705 3175 über das Maß der Rolle hinaus. Wie eine finstere Anklägerin steht
1710 3128 2957 3197 ein Blumenhändler, knupft während der Abenteuer seiner Frau mit
465 3135 1705 3215 sie da: „oh, ihr jammervollen Männer, die ihr nur liebelt, wo wir
1717 3166 2967 3238 einer Tänzerin ein Verhältniß an und schreibt ebenfalls Briefe kom¬
473 3184 1698 3262 lieben! Oh, ihr verruchten sozialen Zustände, die ihr zwei Herzen
1702 3218 2086 3269 pcomittirender Art.
471 3211 1719 3303 nicht zusammen kommen laßt, die doch zusammen gehören.“ In dieser
1765 3230 2962 3305 Im Laufe des Stückes wird uns Berlin in allen möglichen und
472 3254 1713 3342 Größe des Stils, in diesem hohen geistigen Standpunkt lag der be¬
1711 3282 2964 3344 unmoglichen Bildern gezeigt, und Kuplets, die übrigens fast alle bei
473 3323 1718 3391 ängstigende Reiz ihres Spiels. Und dann noch in etwas Anderem,
1716 3313 2966 3381 einer gefälligen, wenn auch nicht neuen Musik interessiren, an allen
1714 3354 2964 3412 möglichen und unmöglichen Stellen gesungen. Dabei ist aber
464 3355 1709 3430 rein Aeußerlichem, was aber den moralischen Inhalt erst
1712 3399 2639 3461 immer das Ganze entschieden von Humor gewurzt.
468 3393 1709 3473 klar macht, weil es ihm die rechte Form giebt. Das ist die wunder¬
1762 3423 2968 3487 Hilft der Regisseur noch nachträglich mit dem Blaustift nach und
474 3434 1724 3510 volle Vorsicht ihres Spiels. Ihr langsames Vorbereiten der großen
1723 3465 2977 3530 macht bei den letzten beiden Akten tabula rasa, so haben vielleicht
473 3474 1720 3548 Augenblicke ist unübertrefflich. Sie könnte immer mehr geben als sie
470 3540 2973 3591 wirklich giebt, dem Besuv gleich, der zumeist nur durch einen Rauch=I Manstädt und Direktor Dröscher einen Treffer gethan. Herr Blumen¬
473 3590 2991 3649 strom des verzehrende Feuer des Inneren verräth. Aber wenn erlreich hat mit großem Geschick auf kleinem Raum die Menschenmassen zu
