3436 4256
443 90 1494 146 Arthur Schnitzler. Ins Böhmische übertragen von
750 125 1186 170 Jos. Fr. Javürek.)
498 151 1490 217 Arthur Schnitzler, dessen neuestes Schauspiel „Lie¬
429 201 1490 248 belei“ gestern hier zur ersten Aufführung gelangte, ist ein
442 233 1486 291 Glückskind unter unseren modernen Bühnen=Autoren;
440 271 1485 317 er darf getrost nach rechts oder links ein Hiebchen austheilen,
430 314 1485 357 da er eine liebenswürdige Art hat, die Wahrheit zu sagen,
433 352 1482 407 und ihr geschickt ein Mäntelchen umzahängen versteht. Er
436 397 1488 439 besitzt ein bedeutendes formales Talent und er weiß, daß in
440 435 1483 483 unserer Zeit dessen richtige Verwerthung Erfolge verspricht;
442 465 1492 516 er ist auch ein literarisch wohlgeschulter Mann, der in den
451 491 1498 551 Meisterwerken deutscher und außerdeutscher, insbesondere
442 541 1495 590 französischer Literatur gut Bescheid weiß und durch ihr Stu¬
436 580 1489 649 dium seinen Geschmack geläutert hat. Er tritt in die Bewe¬
442 618 1476 668 gungen des Tages ein und sucht die Gegensätze unserer Zeit
448 657 1485 710 in seinen Bühnenwerken zum Ausdruck zu bringen. Wohl¬
440 701 1491 744 ausgerüstet begibt er sich so in den Dichterkampf und nicht
441 731 1494 780 allzu schwer erringt er in ihm seine Siege; er ist einer der
437 773 1504 834 erfolgreichsten Wiener Autoren und einer von denen, deren
443 804 1235 852 neue Werke mit Spannung erwartet werden.
516 844 1507 897 Anläßlich der Erstaufführung des deutschen Originals
446 882 1489 931 „Liebelei“ im denischen!Landestheater am 20. Feber d. J.
431 920 1498 983 hat unser Schauspiel=Reserent für dieses Theater im Feuil¬
430 962 1497 1015 leion der „Prager Zeitung“ vom 21. Feber d. J. Nr. 43
430 996 1494 1062 die Handlung des Stückes ausführlich wiedergegeben. Um
451 1039 1492 1085 das Sujet des Stückes im Gedächtnisse unserer Leser aufzu¬
798 1082 1503 1123 hier eine kurze Skizze desselben folgen.
448 1078 775 1133 frischen, lassen
515 1106 733 1162 Um was ei
798 1111 1493 1168 andelt? Sehr viel handelt sich's über¬
430 1149 733 1210 haupt nicht. Fr
801 1145 1497 1188 heimer und Theodor Kaiser sind aus
802 1188 1478 1243 n die Vermögensverhältnisse handelt —
491 1186 735 1240 so weit es
807 1224 1505 1281 benutzten auch Beide, indem sie sich in
452 1226 701 1279 gutem Hause.
450 1264 710 1321 dem schönen
754 1264 1513 1317 gen Wien als Lebemänner qualificiren.
765 1304 1503 1353 natürlich auch Liebenschaften. Die Mo¬
440 1305 745 1366 Dazu gehören
446 1349 1499 1392 distin Mizi Sch#rist Theodors Geliebte, eines Menschen,
433 1391 1505 1432 der, obwohl erst vor den Rigorosen stehend, Lebensanschau¬
443 1431 1506 1466 ungen entwickelt, die einem alten gichtischen Roué allenfalls
435 1457 1505 1515 Ehe machen würden. Lieben, aber ja nicht warm empfinden,
444 1493 1508 1547 kalter Genußmensch, dem nur der Moment etwas gilt, der
453 1535 1495 1599 aber beileibe nicht von einem tieferen Empfinden sich be¬
446 1566 1497 1616 berrschen lassen würde, ein absolut unsympathischer Patron.
448 1609 1493 1650 Fritz Lobheimer, sein Freund, ist ein Schwächling, der gleich¬
449 1628 1515 1701 falls keine Sympathie einzuflößen vermag. Durch freundliche
451 1685 1495 1727 Vermittlung der grisettenhaften Modistin Mizi Schlager ist
471 1726 1497 1767 er mit Christine Weiring, Tochter des Violinspielers am
460 1757 1493 1810 Josefstädter Theater, Hans Weiring, bekannt geworden.
452 1787 1479 1843 Das Mädchen war bisher brav und faßt, einmal verführt
460 1837 1496 1882 für Fritz eine innige ernste Zuneigung, der aber seinerseits
454 1870 1506 1923 nebenbei noch ein Verhältniß mit einer verheiratheten Frau
460 1955 1501 1998 das Zeug zu einem anständigen Menschen, wenn er nur
454 1985 1501 2033 eben nicht ein solcher moralischer Schwächling wäre. Und
453 2020 1493 2072 ein Angstmeier ist er auch noch; denn die Besorgniß, daß
449 2052 1501 2115 der betrogene Gatte seiner Geliebten Nr. 1 etwas erfahren
447 2093 1500 2145 könnte, ist keine Gewissensregung, sondern einfach Furcht vor
468 2137 1498 2182 den rächenden Consequenzen. Seine Furcht ist begründet.
457 2177 1502 2223 Der Betrogene fordert ihn und schießt ihn nieder. Christine
448 2216 1503 2264 läuft, als sie es erfährt, davon, nachdem sie noch kurz vorher
456 2258 1497 2304 ihrem Vater ihren Fehltritt gebeichtet bat, der aber gar
454 2299 1494 2343 nichts Besonderes darin finden kann, daß seine Tochter sich
465 2331 1500 2376 einen Liebhaber angeschafft hat, von dem sie weiß, daß er sie
452 2365 1491 2410 nie heirathen wird. Warum denn auch? Soll sich das
449 2399 1501 2454 Mädel amüsiren; man ist nur einmal jung. Die echte
460 2453 1504 2500 „Weaner Verkaufts mei G’wand“=Moral: Christine läuft
452 2478 1512 2528 also davon und ihr Vater äußert die Ueberzeugung, „Sie
453 2520 1503 2570 kommt nicht wieder, sie kommt nicht wieder!“ Anstatt ihr
458 2554 1502 2611 nachzueilen, sinkt er aber vor dem Fenster laut schluchzend
456 2594 1510 2647 zu Boden und läßt dem Verbängniß seinen Lauf. Die
452 2631 1517 2679 hondelnden Personen sind Typen à la fin de siècle. Die
454 2679 1513 2731 Charakterzeichnungen sind entschieden gut, das Ganze ist
456 2711 910 2779 wirklich ein Sück Leben.
523 2729 1513 2814 Das Schauspiel „Liebelei“, dessen treffliche Ueber¬
454 2791 1510 2839 tragung ins Böhmische, wie bereits Eingangs erwähnt, von
448 2830 1516 2887 Jos. Fr. Javürek herrührt, fand gestern seitens des vollen
449 2862 1509 2914 Hauses eine sehr freundliche Aufnahme. Die Darsteller waren
456 2911 1515 2956 den hohen Anforderungen, welche dieses vortreffliche und
452 2935 1503 2995 außerordentlich spannende Stück an dieselben stellt, vollkom¬
455 2980 1518 3029 men gewachsen und ernteten reichlichen Beifall. Den aus¬
454 3018 1503 3078 führlichen Bericht über die Aufführung bringen wir im heu¬
450 3055 939 3128 tigen „Prager Abendblatt“.
1719 683 2748 789 Jtadre Jauune 7% 70 (he L2g.
1686 769 1732 822 7
1820 820 2672 891 * 2 Narodniho divadla. Vöerejsi novinka
1699 880 2663 924 pfiväbila valné mnozstvi premiérového obecenstva.
1717 917 2666 969 Bylt provozován opét plod Moderny, jei cim dale
1716 964 2662 1009 tim vice ziskává si püdy, budajic na troskäch
1710 996 2661 1059 stärych tradic novy paläc umén, a predvädéjie
1718 1037 2669 1086 misto smyslenky pravdu, misto idedlu ekuteöny
1717 1071 2663 1129 zivot. V einohre, Arthura Schnitslera „Milko¬
1717 1107 2658 1152 väni“, prelokené velice správné od Jos. Fr. Je¬
1724 1151 2660 1199 vürka, vystupuji tyto vyznaëné ryey nviääté püso¬
1720 1187 2672 1231 bivon mérou. Hlavni tézisko oendu hry spodivá na
1726 1234 2677 1280 hereich, jimz nutno zrici se dablonovitého pathoen
1718 1261 2662 1311 ahräti zcela prirozené, aby osoby, jes predstavujf,
1726 1298 2660 1355 byly jako v Zivoté z masa a kosti a ne jako zjevy
2050 1336 2657 1391 ohledu tom tußi se nasi uméler,
1725 1340 2027 1400 z jinych sfer.
1718 1374 2660 1442 se6 eily jich stadi. Zvlasté mladéi pochopuji evü)
1720 1418 2671 1466 nesnadny ukol uspokojivé. Dekáselyf toho vöera
1717 1455 2666 1504 predeväim pi. Kvapilová v ülose Krietiny a el.
1738 1495 2676 1546 Velsová v uloze modistky Mici; k nim druzili
1716 1541 2681 1588 se öestné pan Sedlücek i pon Vojan. Celková
1730 1566 2674 1619 souhra prece vöak nebyla takovä, jak bychom si
1722 1617 2668 1664 ji präl; na nékterych mistech nutno bräti
1733 1640 2674 1688 zivejsim tempem, k demus ovsem treba nméti
1731 1678 2681 1728 dobre ulohy napamét. Déj „Milkovani“ gest vellce
1728 1709 2684 1769 jednoduchy. Dva mladi svihäci, studenti Bedrich
1738 1744 2681 1799 Lobheimer (p. Vojan) a Theodor Kaiser (p. Sed¬
1723 1790 2670 1838 läéek) stykaji se düvérné s divkami Kristinon (pf.
1733 1832 2680 1883 Kvapilova) a Mici (sl. Velsova). Kdesto Miei po¬
1720 1864 2676 1907 vazuje vse jen za pouhon zübarn, zamiluje se
1721 1906 2676 1963 Kristina läskou väsnivon do Bedricha, netusic, Ze
1720 1941 2669 1991 milenec jeji mä pomèr s ienon vdanon. Klamany
1730 1977 2673 2027 manzel dovi se vöak vöe a uemrti Bedrichav
1733 2030 2677 2067 souboji. Kristina v zoufalstvi oponäti domov, aby e
1723 2064 2682 2103 miläckem rozloudila se na jeho hrobé. Osud gejs
1722 2096 2680 2157 ponechán diváku k rozlusténi. Obecenstvo prijalo
1725 2130 2690 2178 novinku vrele, s patrnou zälibon. Druhé predeta¬
1731 2174 2522 2235 veni bude zajisté jesté zdarilejéf pryniho.
1889 2503 2816 2582 #vane AeDtan 10 %0
1936 2650 2819 2716 „* Vom böhmischen Landestheater. Der
1857 2708 2818 2762 morgige Abend bringt uns wieder eine Novität: Ar¬
1859 2746 2816 2795 thur Schnitzler's dreiactiges Schauspiel „Lie¬
1856 2794 2820 2843 belei“ (Milkováni). Das Stück ist eine Talentprobe.
1848 2830 2822 2872 die nichts gemein hat mit den unzäbligen Jamben¬
1860 2857 2816 2904 tragödien, in denen „die verlassene Ariadne“ und ver¬
1853 2900 2820 2948 wandte Motive mit eingelegten Arien entstellt werden.
1858 2935 2813 2989 Jeder dramtische Stoff, den sich ein Bühnendichter zur
1854 2963 2818 3028 Behandlung zurechtlegt, biegt in sich eine geheime
1863 3006 2810 3064 Logik, die einer Vergewaltigung widerstrebt. Der
1855 3050 2818 3091 Grundton bei den Voraussetzungen und den ersten
1858 3085 2804 3125 Elementen der Handlung muß auch das ganze Büh¬
1854 3126 2805 3176 nenwerk heberrschen. Wo dies nicht der Fall, offenbart
1855 3162 2813 3202 sich ein Zwiespalt, der die Dichtung gar oft um die
1850 3200 2810 3240 beabsichtigte Wirkung bringt. Das hat Schnitzler in
1855 3237 2803 3290 seinem neuesten Stück „Liebelei“ keineswegs er¬
1863 3278 2796 3324 fohren. Der Dichter wollte ins Schwarze treffen und
1861 3311 2804 3354 verfehlte nicht sein Ziel. Er wollte ein Sittenbild
1863 3353 2797 3395 liefern, ein bestimmtes Milieu schildern; er hatte die
1858 3389 2798 3438 Kraft dazu und blieb nicht auf halbem Wege steben.
2457 3429 2491 3452 7
1864 3429 2794 3475 Schnitzler hielt die angespannten Fäden fest, er bog
1863 3462 2794 3516 das Sittenbild nicht zu einer psychologischen Char¬
1850 3505 2800 3550 akterstudie um, deren Reize, Feinheiten und suggestive
1850 3542 2800 3587 Wirkungen im breiten Rahmen der Bühne verblassen,
1852 3580 2801 3625 zerflattern, ohne zwingende Beweiskraft bleiben. An
1853 3614 2808 3653 Schnitzler's Begabung konnte schon n) dem Erschei¬
1846 3656 2813 3696 nen seiner Novelle „Sterben“ nicht gezweifelt werden.
1850 3690 2811 3731 Der merkwürdige Vorwurf der Geschichte hat eine auf¬
1855 3727 2805 3764 fallende Aehnlichkeit mit einem Motiv von J. H.
1847 3761 2817 3809 Rosny; ob nun Schnitzker bei der Verfassung seiner
1857 3806 2825 3847 durchwegs originellen Erzählung von Rosny's Motiv
1848 3842 2823 3882 Keuntniß gehabt hat oder nicht, jedenfalls verräth sich
1854 3883 2822 3943 in seiner Schreibweise der Einfluß der modernen
1857 3915 2079 3979 Franzosen.
