3484 4224
357 184 732 251 Liebelei
872 176 1308 260 box 13/7
1129 760 2005 847 CASINOS IN ÖSTERREICH
1226 836 1907 893 BadenSalzburg Semmering
1125 878 1995 924 Roulette — Baccara — Chemin de fer
1122 955 1917 1010 Österreichische Casino A.
1117 983 1997 1044 Wien III, Schwarzenbergplatz 5a
1121 1105 1625 1195 „OBSERVER“
1359 1180 1985 1221 I., österr. behördlich konzessioniertes
1369 1225 1986 1260 Unternehmen für Zeitungs-Ausschnitte
1365 1265 1988 1301 Wien I, Wollzeile 11, Telephon R-23-0-43
1119 1421 1509 1487 Ausschnitt aus:
1293 1442 1869 1592 Die Pienne serad. Sin
1128 1634 1270 1711 vom:
1362 1632 1850 1742 12. Ar fi. 1335
1324 1800 1404 1842 ##
1168 1804 1489 1880 Theattes
1195 1898 1931 1990 MUSICAL VERSION OF
1188 1960 1933 2058 *LIEBELEI‘ IN LONDON
1225 2021 1964 2104 An agreement was signed recently
1164 2074 1971 2164 according to which Oscar Straus’s
1181 2107 1954 2204 musical version of the Schnitzler play
1179 2136 1978 2236 Liebelei“ will be produced M London
1180 2200 1976 2277 in the English language. The work was
1177 2249 1965 2319 acquired by the famous London theatri¬
1189 2282 1980 2368 cal manager Cochran and will be pro¬
1193 2314 1978 2416 duced early in May at His Majesty’s
1184 2349 1975 2445 Theatre: Thé London production will be
1189 2401 1982 2494 preceded according to usual custom by
1190 2439 1986 2539 a try-out in the Provinces, Manchester
1196 2485 1981 2579 being selected for the purpose. The
1196 2531 1984 2620 darmatic author Knoblauch has done
1208 2571 1986 2659 the translation into English of the
1201 2622 1915 2709 libretto and of the lyrics by Beda.
1262 2673 2007 2752 It is reported that the part of Frits
1201 2710 1995 2799 will be entrusted to the former Rein¬
1203 2758 2001 2844 hardt acter Franz Lederer, while that
1207 2803 1999 2875 lof Christine will in all likelihood be
1212 2845 2006 2936 (played by the English star Evelyne
1220 2890 2003 2984 Laye. Oscar Straus has made a çon¬
1220 2929 2020 3008 tract with the heirs of Arthur Schnitz¬
1222 2967 2027 3055 ler, according to which he is entitled to
1232 3012 2034 3110 make a musical version of the play.
1235 3063 2022 3143 The composer has provided for a some¬
1239 3100 2026 3186 what different ending, in which Fritz
1244 3150 2023 3240 is not killed in the duel, but only
1240 3189 2029 3271 wounded so that the way to a pleasant
1250 3229 2045 3311 solution is left open. In the English
1241 3270 2051 3356 version, too, the scene of the action is
1251 3320 2036 3395 Vienna, so that the work of an Aus¬
1246 3359 2035 3429 trian poet and of an Austrian com¬
1256 3404 2043 3492 poser will be of undoubted propagandist
1252 3440 2053 3530 value in England. No definite arrange¬
1264 3492 2050 3577 ments concerning a production of the
1260 3533 2069 3619 work in Vienna have yet been made.
