3344 4224
198 101 293 185 5.
333 106 632 177 Liebel
891 107 1293 195 box 13/5
570 448 974 582 GRATIS
328 582 1148 675 „OBSERVER
426 667 1117 723 I. österr. behördl. konzessioniertes
390 714 1146 784 Unternehmen für Zeitungs-Ausschnitte
464 767 1078 849 WIEN, I., WOLLZEILE 11
532 827 1005 892 TELEPHON R-23-0-43
345 923 919 1031 Aus el ee un Kes
350 1116 1028 1261 vom. 27. JUN 1934
444 1346 1238 1437 „Liebelei“ als Singspiel. Im
330 1412 1236 1470 Raimundtheater wird im Herbst die
331 1445 1246 1519 Bearbeitung von Artur Schnitzlers
337 1498 988 1573 „Liebelei“ als musikalisches
344 1505 1270 1594 uraufführung gelangen. Die Musik schrick¬
347 1581 1241 1643 Oskar Straus, die textliche Bearbeitung
337 1618 1243 1684 hat Paul Knepler besorgt, die Liedertexte
339 1662 1246 1737 Dr. Fritz Löhner=Beda verfaßt. Von
342 1706 1236 1777 der Besetzung steht nur fest, daß Ludwig
341 1756 1249 1825 Stössel den alten Weyring und Lotte
336 1789 1252 1858 Lang die Schlager=Mizzi spielen wird. Mit
333 1835 1248 1896 Bassermann schweben Verhandlungen
342 1883 1245 1946 wegen Uebernahme des „Fremden Herrn“
342 1923 1251 1978 Die Inszenierung wird Direktor Barlay
345 1965 1249 2038 leiten. Die musikalische Einstudierung leitet
346 2021 1258 2077 Oskar Straus selbst, die Bühnenbilder ent¬
350 2056 888 2126 wirft Professor Strnad.
896 2376 1345 2548 „UBSERuFR
888 2465 1300 2597 #, I., Wollsan.
382 2580 1402 2721 Linzer Tagespos., Linz  nondblan
431 2706 1284 2800 „Liebelel“ als Singspiel. Im Wiener Raimund¬
380 2780 1267 2841 theater wird im Herbst die Bearbeitung von Ar¬
380 2810 1255 2878 tur Schnitzlers „Liebelei“ als musikalisches Schau¬
380 2847 1260 2928 spiel zur Uraufführung gelangen. Die Musik
390 2888 1268 2961 schrieb Oskar Straus, die textliche Bearbeitung
382 2927 1271 2995 hat Paul Knepler besorgt, die Liedertexte Doktor
394 2961 1264 3038 Fritz Löhner=Beoa verfaßt. Die Rolle der Chri¬
392 3004 1273 3068 stine wird, wie wir erfahren, von einer jungen
389 3045 1264 3106 Wiener Schauspielerin dargestellt, die Direktor
391 3082 1267 3147 Barnay entdeckt hat und die noch nie auf der
396 3117 1271 3181 Bühne stand. Von der übrigen Besetzung steht
387 3163 1289 3228 nur fest, daß Ludwig Stössel den alten Weyring
384 3205 1289 3262 und die den Linzern von ihrer Verpflichtung am
397 3234 1283 3314 Landestheater bekannte Schauspielerin Lotte
393 3275 1288 3345 Lang die Schlager=Mizzi spielen wird. Mit
407 3319 1296 3384 Bassermann schweben Verhandlungen wegen
400 3355 1290 3423 Uebernahme des „fremden Herrn“. Die Insze¬
402 3404 1294 3456 nierung wird Direktor Barnay selbst leiten, der
405 3442 1294 3501 auch bereits eingeladen ist, bei den Erstauffüh¬
420 3466 1292 3533 rungen in Zürich, Prag und Amsterdam gleich¬
414 3518 1289 3573 falls die Regie zu führen. Die musikalische Ein¬
416 3542 1303 3615 studierung leitet Oskar Straus selbst, die Büh¬
420 3601 1073 3672 nenbilder entwirft Professor Strnad.
2225 167 2543 302 GRATIE
1961 275 2785 401 „OBSERVER
2044 373 2739 446 I. österr. behördl. konzessioniertes
2011 405 2759 499 Unternehmen für Zeitungs-Ausschnitte
2083 472 2696 558 WIEN, I., WOLLZEILE 11
2139 544 2615 606 TELEPHON R-23-0-43
1963 655 2324 736 Ausschnitt aus:
2250 790 2806 898 Prager Presse, Prag
1941 879 2113 957 vom:
2325 908 2721 1018 3011 1334
1954 980 2871 1106 + „Liebelel“ mit Aruchr, Direktor Pau ner
1907 1035 2864 1153 Hay wird im Herbst Arthur Schnitzlers
1923 1081 2853 1201 „Liebelei“ mit der—Müsar
1909 1117 2861 1240 Straus im Raimund-Theater in Wien zur Ur¬
1921 1165 2862 1277 aufführung bringen. Das neue Singspiel wird
1915 1224 2867 1349 auch im Neuen Deutschen Theater in Prag von
1909 1257 2620 1359 Direktor Barnay inszeniert werden.
2218 1642 2561 1785 GRATIS
1944 1769 2698 1904 „OBSERVER“
2005 1877 2718 1953 I. österr. behördl. konzessioniertes
1965 1944 2727 2003 Unternehmen für Zeitungs-Ausschnitte
2076 1983 2638 2062 Wiem I, Wollzeile 1n
2126 2048 2560 2110 Telephon R-23-0-43
1965 2182 2706 2317 Ausschnitt aus: Der Fag, Wien
2220 2334 2713 2444 19 300 1934
1977 2408 2113 2485 vom:
1935 2550 2827 2652 „Liebelei“=Operette als Weihnachts¬
1974 2635 2803 2705 premiere des Raimund=Theaters
2019 2685 2819 2772 Bekanntlich wurde Schnitzlers „Liebelei“
1933 2745 2819 2804 nach einer Umarbeitung durch Geza Herczeg,
1944 2796 2825 2843 Hugo Knepler und Heinz Saltenburg von
1948 2831 2821 2896 Oskar Straus zu einer Operette vertont. Wie
1940 2870 2821 2938 wir hören, soll diese Operette als Weih¬
1943 2914 2818 2983 nachtspremiere des Raimund¬
1940 2963 2663 3039 Theaters herausgebracht werden.
1978 3011 2821 3071 In der Umarbeitung, zu der Schnitzlers
1952 3056 2820 3114 Sohn, der Regisseur Heinrich Schnitzler, bei¬
2034 3090 2817 3160 gen wurde ist der Schluß stark geändert,
2064 3133 2820 3198 eser den Bedürfnissen der Operette nicht
2068 3179 2832 3247 ach. Fritz wird im Duell nicht getötet,
2056 3226 2828 3278 rn bloß schwer verletzt, so daß eine happy
1950 3254 2831 3325 end=Möglichkeit gegeben ist. Die Gestalten als
1952 3308 2830 3366 solche bleiben vollkommen erhalten, und auch
1945 3348 2836 3411 der szenische Aufbau hält sich im wesentlichen
1957 3401 2476 3465 an das Schnitzler=Drama.
1987 3431 2829 3501 In der Aufführung am Raimund=Theater
1950 3484 2833 3548 wird Ludwig Stössel den Weyrina, der vom
1946 3534 2836 3594 Film bekannte Wolfgang Liebeneier den Fritz
1948 3589 2842 3635 und Rudolf Olden den Theodor darstellen. Die
1953 3613 2831 3683 Rolle der Christine wird mit einer von Direk¬
1955 3650 2840 3711 tor Hock neuentdeckten jungen Schauspielerin
1959 3701 2839 3768 besetzt, die Schlager=Mizzi wird Lot'e Lang
1961 3743 2859 3803 darstellen, den „Herrn“ Leopold Kramer. Die
1954 3840 2842 3920 Regie wird wahrscheinlich Heinrich Schnitzler
1939 3910 2117 3989 führen.
