3484 4256
-11 2197 74 2248 un
-24 2229 59 2296 ter
286 149 1433 276 5. Liebelei box 10/3
1940 1146 3143 1258 Aalin Von entschleden zurnaweisen, und um so
1247 1194 1909 1274 Borssehen aler
1902 1206 3150 1291 mehr, als gleichzeitig das der Gesetzgebung nicht entsprechende
1898 1247 3145 1332 Verhalten des betreffenden Polizeibeamten „sehr wohl er¬
665 1257 1906 1342 größeren Städte eine Beseitigung dieser Bestimmung herbei¬
191 1266 665 1346 aus dem Handels¬
183 1291 1902 1396 festen hiesigen Konfektions= geführt werde, ohne daß das Gesetz falle. — In anderen Lehrer¬
2397 1306 2759 1387 e N
1907 1359 3148 1467 sehr an Deutlichkeit einbüßte. Ueber die Berechtigung anderer
666 1410 1906 1498 Dr. Brahms kurz bezeichnen, man könnte sagen: er geht
1900 1423 3159 1512 Kürzungen, über die Tilgung einzelner Verse ließe sich streiten.
640 1460 1908 1551 Goethen aus dem Wege, aber er zerrt immer wieder trotz
182 1445 665 1547 deutschen Theater.
1911 1472 2886 1559 Kaum aber über die Darstellung der Gestalten.
1963 1500 3148 1579 Herr Hermann Müller spielte den Richter Adam. Ich
166 1497 1911 1602 nd kunstliebenden Pro= seiner Schiller=Biographie an Schillers Lorbeerkränzen,
1898 1537 3154 1646 mag nicht Vergleiche anstellen. Ein oft genannter, aber hier
191 1540 1917 1631 l eine Aufführung von um die zerzausten Blätter einmal Kleist oder einem
671 1581 1920 1658 echten Kleist=Jünger aufzusetzen. Von Kleists Dramen
1903 1588 3161 1672 gewiß auf Nennung verzichtender Schriftsteller hat diesen
217 1610 696 1685 wie die gestrige im
665 1620 1906 1719 ist aber keines so unvergleichlich wie „Der zerbrochene Krug“.
1908 1632 3159 1714 Richter einmal komisch genug die Titelrolle des Stückes ge¬
180 1664 681 1739 peise Kritik müßte zu¬
679 1669 1908 1743 Es ist als Lustspiel kein Musterwerk (wie ein kleiner Druck¬
1914 1671 3170 1761 nannt. Die tragende Rolle ist sie im höchsten Maße;
179 1694 681 1779 noch einige verbindliche
1915 1716 3162 1799 es wäre für die Wirkung des Lustspiels sogar besser,
200 1708 1911 1798 Huldigung vor dem fehler mich heute früh sagen ließ), aber es ist ein Meisterwerk,
669 1733 1925 1825 1 so genial und so unerhört in der dramatischen Literatur
1909 1756 3157 1847 wenn die Nebenfiguren nicht so herrlich individualisirt
184 1788 694 1858 nd Kraft, und was man
672 1791 1920 1870 (Shakespeare immer ausgenommen), daß es bis zu dieser
1914 1802 3169 1880 wären, wenn das Interesse wie zum Beispiel bei
188 1825 690 1905 ehrgeizige Oberregisseur
687 1832 1921 1910 Stunde noch nicht völlig für die deutsche Bühne erobert
1915 1837 3170 1925 Molière von der Hauptgestalt nicht abgelenkt würde.
182 1868 692 1946 n Zugstück der Berliner
701 1872 1924 1961 ist. Und der Direktor des Deutschen Theaters, der für
1912 1886 3171 1963 Der Richter Adam erscheint mir unmaßgeblich als die zweit¬
184 1907 693 1984 kater des Dr. Brahm
675 1908 1912 1990 die plattesten Versuche, diese endlich in Mode gekommene
1916 1924 3176 2002 größte Aufgabe der Lustspielbühne, vielleicht der Bühne über¬
180 1949 697 2024 hrung eines Kleisischen
692 1963 1917 2037 Charakteristik dem Publikum mundgerecht zu machen, immer
1922 1965 3179 2048 haupt, wenn nämlich Falstaff ihre erste Aufgabe ist. Herr
205 1997 692 2060 t hingenommen werden.
680 2005 1917 2078 seine besten Kräfte bereit hat, stellte den „Zerbrochenen Krug“
1925 2006 3172 2094 Müller nun bewies an dem naiv unverschämten und be¬
185 2042 690 2106 r unpersönlich zu bleiben,
686 2043 1915 2132 so armselig heraus, daß die Zuhörer gleich von Anfang an
1926 2040 3170 2132 neidenswerth verlogenen Dorfrichter daß er ein sehr guter
177 2082 686 2154 hr Brahm an die idealen
687 2084 1932 2168 nicht mit der Andacht zuhörten, ohne welche das Dichterwort
1927 2100 3179 2169 Schauspieler und ein recht guter Komiker sei. Mehr nicht.
187 2118 509 2192 rahm erinnert.
177 2129 1924 2233 st=Biographie geschrieben im klassischen Drama nun einmal nicht mehr seine Wirkung
1929 2129 3173 2216 Der Dorfrichter Adam verlangt aber von seinem Dar¬
689 2155 1934 2248 ausübt. Die guten Schauspieler waren doch hoffentlich nicht
1933 2164 3185 2251 steller, daß er Persönlichkeit hergebe oder sie doch
176 2205 698 2281 von Jahren seinen ersten
691 2198 1831 2312 zu aut für Kleist? Ein Fest hätte es ihnen sein müssen.
1919 2216 3183 2299 für ein paar Stunden leihen könne. Es wäre gut, sich über
180 2251 696 2319 wird es keinem ernst¬
749 2236 1930 2332 Der Fehler wird vielleicht am deutlichsten an der Rolle
1930 2261 3178 2343 diesen Punkt einmal mit denkenden Schauspielern, die trotzdem
189 2285 701 2348 Blumenthal auf Grabbe
698 2295 1935 2375 der Eve weil das Mädel von Fräulein Staglé wirklich ganz
1924 2306 2560 2400 spielen können, auszusprechen.
177 2335 709 2416 Ektor des Lessing=Theaters
697 2313 1937 2416 vortrefflich, ganz über Erwarten gespielt wurde. Aber wer
1995 2333 3187 2420 In den landläufigen Stücken, die auf unseren Unter¬
196 2370 705 2441 Grabbe beschäftigt hat.
683 2380 1942 2460 lauscht hingerissen und fromm auf jede Silbe, wenn
1932 2391 3180 2462 haltungsbühnen Glück haben, überschätzen wir gewöhnlich
177 2421 709 2487 Pilatus ins Credo. Mit
694 2413 1939 2500 Fräulein Staglé spricht? Die Aufmerksamkeit, die keinen
1940 2429 3187 2508 das Verdienst der darstellenden Künstler. In den seltensten
182 2457 706 2524 eschichte. Was dem ziel¬
696 2463 1945 2535 feinen Zug verloren gehen läßt, erzwingt sich nur das
1931 2483 3183 2554 Fällen haben wir es mit Menschen zu thun, die der
1772 2504 1949 2565 Schon
176 2498 705 2568 Richtung gab, was auf
706 2506 1749 2592 fertige Ansehen eines bedeutenden Künstlers.
1933 2522 3177 2585 Theaterschriftsteller bereits individualisirt hat; er wäre ja
168 2538 707 2617 herer überging, und was
701 2545 1941 2627 darum darf man den schwierigen Kleist, wenn Einem
1932 2567 3206 2630 sonst kein Theaterschriftsteller. Ob diese Possen oder Komödien
186 2576 710 2662 r Gestaltung einer Freien
707 2599 1948 2672 sein Sieg wirklich eine Herzen'sache ist, nicht zum Ver¬
1942 2596 3193 2678 oder selbst Tragikomödien so oder so besetzt werden, das
186 2628 718 2701 mit dem Emporsteigen
700 2625 1948 2719 suche unerprobten Kräften anvertrauen. Und dann ist da
1941 2641 3192 2714 ändert sehr viel, vielleicht alles am Bühnenbild und an der
179 2667 715 2739 hmmen. Kleist hat nicht
698 2686 1951 2750 noch eine wunderbare Stelle, an der Kleist über sich und über
1936 2678 3209 2753 Bühnenwirkung, es ändert aber nichts an der Glaub¬
173 2713 715 2794 Otto Ludwig theoretische
709 2708 1946 2797 die Modernsten hinauswächst, wo das Weib mit lachender
1945 2719 3197 2800 haftigkeit der Gestalten. Lassen wir in dem gestrigen
175 2749 718 2826 auf Kleist schließlich alles
707 2761 1944 2838 Liebe den Glauben des Mannes fordert wie Nora, wo das
1951 2761 3220 2848 Schauspiel „Liebelei“ die Herren Jarno und Rittner
166 2773 716 2868 er und auch in einem ge¬
2560 2803 3188 2872 o wird die Stimmung der
702 2809 1950 2879 holländische Bauernmädel, aber glücklicher als Nora, den
1938 2819 2528 2888 ihre Rollen vertauschen,
165 2828 716 2908 rücksichtslose Charakteristik
713 2835 1961 2925 Knoten heiter löst, weil sie in ihrem Zorn natürlich handelt.
1951 2839 3195 2924 frivolen Szenen ein wenig schwerer, die der anderen ein wenig
202 2881 712 2954 Höhe Shakespeares er¬
714 2884 1956 2975 Diese Verse hätte Frau Sorma sicher zu großer Wirkung
1945 2909 3200 2975 leichter werden; aber ich fürchte, der Verfasser würde sagen:
181 2919 720 2988 in Veczweiflung darüber,
704 2959 942 3039 gebracht.
755 2935 3204 3049 Ich will gleich hier bemerken, daß der Schluß des Lust=wahrhaftig, es geht auch anders! Es ist mit den allermeisten
161 2960 715 3037 ar, dem leidenschaftlich
157 3008 733 3077 Goethe den Kranz von
189 3017 3214 3118 die literarische Thätigkeit“ spiels durch die unverzeihliche Streichung einer ganzen Rolle Rollen wie mit Theaterkleidern; sie werden der Person des
