3344 4256
439 180 833 255 Liebelei
956 169 1404 268 box 11/2
895 219 952 293 0
282 171 871 301 5. Tnn
849 1347 1821 1434 —. aütlich diese Vorgange mit
1855 1348 2944 1446 worden sei, daß unfähige Streber befördert, tüchtige
711 1435 1815 1486 lebhaftem Interesse verfolgt; besonders der Senats¬
1851 1435 2942 1496 Offiziere aber im Avancement aufgehalten würden.
714 1487 1817 1544 bericht ist sehr bemerkt worden. Der „Standard“
1845 1483 2943 1556 Die Politiker treffe auch die Verantwortung für das
718 1547 1819 1601 nimmt diesen in seiner Nummer vom 30. August zum
1853 1539 2942 1602 Verwaltungssystem, das aus einer Menge von kom¬
720 1590 1808 1652 Ausgang eines Artikels über „die Lage der fran¬
1845 1589 2941 1654 plizierten, unzusammenhängenden und unnützen Ab¬
1847 1681 2947 1751 sagen wollte: einen Schwupper hat er gemacht. Viel¬
994 1695 1552 1778 Theatereindrücke.
1844 1736 2947 1783 leicht beginnt, Zeitgenossen, 1909 in bretternen Welten
478 1741 713 1860 C8
1222 1788 1313 1837 Von
1853 1783 2942 1836 eine neue Komödie der Machtverschiebung. Oh, laßt
708 1753 971 1882 60
1127 1829 1442 1900 Alfred Nerr.
1847 1832 2939 1898 uns grübeln (bis 1909); und dann rasch ein Ende
556 1879 752 1964 4
1868 1883 2133 1950 Granit her!
2356 1930 2394 1996 1
755 1983 1809 2058 och siehst du meergebräunte Wangen — bei Wert¬
1880 1947 2939 2032 Die vorletzte Machtverschiebung war etwan um
726 2038 777 2081 —
799 2025 1823 2082 heim und am Großen Stern. ... Schon aber
1849 2033 2940 2089 1902 n. Chr. Wie die Komödien wechseln! Damals
728 2074 1821 2132 sei es durch Granitlettern mit fürchterlichem Ernst im
1861 2078 2938 2134 fielen wir über den Brahm her. Es war seine
719 2126 1811 2180 Buch der Geschichte verzeichnet, daß Brahm, Theater¬
1859 2123 2945 2184 stockendste Zeit. Alles an ihm wurde nun schlecht;
719 2175 1824 2230 direktor, einen Schwupper gemacht hat: als er den
1858 2180 2950 2227 Mutarmut warfen wir ihm vor; ich bat die Leute,
386 2187 556 2287 20
729 2223 1811 2275 Schauspieler A. Bassermann für 1909 davonließ.
1851 2239 2947 2289 pereat zu rufen; wir freuten uns über die Ausmietung.
1886 2273 2939 2331 „Er suchte,“ schrieb ich, „auf den holden Anger der
722 2274 1817 2330 Viele halten diesen Künstler für einen Virtuosen. Das
731 2325 1809 2387 ist falsch. Bassermanns Merkmal heißt nicht Virtuosität,
1853 2322 2944 2376 Kunst gestellt, nicht vorwärts in möglichst leuchtende
1852 2366 2935 2434 Fernen zu dringen: sondern möglichst viel Gras ab¬
726 2381 1811 2436 sondern: Phantasie... Innerhalb des Alltags ein
1853 2422 2937 2483 zufressen.“ Er strich die Wandeldekoration für den
717 2422 1823 2482 rarer Phantast zu werden: das ist seine Sendung.
720 2468 1822 2522 Höhenluftige Mannsbilder des greisenden Ibsen, als
1864 2468 2914 2525 Borkman und bestellte für Sudermann Ausstattungen, —
374 2466 708 2578 ah
1859 2510 2936 2583 „hier ist er in nuce". (Und so.) Reinhardt sollte
736 2520 1826 2584 er schon über den Berg ist und in eine fahlere
1855 2568 2949 2628 damals erfunden werden. Die Versuche, Zickel und
730 2566 1822 2619 Wirklichkeit zieht (die bald aufhören wird, eine zu
731 2616 1824 2684 sein) —: in Deutschland gibt es keinen Schauspieler,
1858 2617 2938 2667 Lindau gegen Brahm aufzubringen, mißlangen mir.
1865 2664 2945 2723 Endlich ging es mit Reinhardt. Seine glänzende Be¬
725 2673 1608 2723 so für sie gemacht wie dieser Bassermann.
1858 2722 2943 2771 gabung ließ uns alle nicht im Stich. Was irgend an
759 2726 1813 2778 Warum ihn fortlassen? ... Geldfragen? Es ist manch¬
1869 2763 2946 2815 ihm zu loben war, lobten wir; gern auf Kosten von
723 2769 1824 2826 mal einträglich, mit Verlust zu wirtschaften. Es ist
1849 2809 2952 2860 Brahm. Unser Tun war Gerechtigkeit: denn Brahm
731 2808 1825 2877 manchmal geschäftstüchtiger, nicht geschäftstüchtig zu
1856 2863 2940 2922 schien allzusehr ein Unterlasser geworden. Mit Ge¬
721 2860 864 2937 sein.
1861 2910 2942 2960 walt haben wir Reinhardten hochgekriegt: um ein
871 2889 1823 2962 Wenn ich diese Lettern über die Veränderung
718 2953 1815 3014 des Schauspielers Bassermann in den Granit meißle,
1858 2958 2947 3018 Loch zu schlagen in die Turmmauer. Aber dies Be¬
723 3012 1822 3072 sah ich von neuen Theaterdingen den Prinzen von
1849 3008 2013 3068 streben
2033 3007 2950 3071 hätte versagt, wenn er nicht einer gewesen
718 3057 1998 3099 Homburg und die Liebelei, sonst nichts. ... Was ich wäre.
2978 1354 3349 1448 troffen, weil er d
2974 1430 3341 1504 gesellschaften finan
2968 1484 3350 1563 dank ihrem politis
2983 1541 3351 1606 wachung des Bau
2972 1586 3341 1654 sich nicht gescheut
3018 1685 3350 1752 Der Brahm erf
2973 1736 3317 1802 schmerzhaft an
2982 1787 3349 1845 kleine Verschiebun
2972 1833 3350 1899 lassers schon vor
2979 1879 3350 1947 zu schwellen; noch
2975 1935 3340 1997 zu kommen. Wa
2976 1981 3349 2046 Ihn hatte wohl
2973 2011 3351 2092 id est: Ibsen und
2982 2078 3338 2151 vergeßbar gehalte
2984 2124 3339 2194 als ein Initiator
2981 2174 3349 2239 hamburgischen Dr
2991 2226 3339 2289 die deutsche Büh
2973 2271 3349 2342 macht. Nördlich,
2986 2324 3349 2385 sie gegen ihren
2979 2365 3333 2436 Stachliger, ein (
2984 2418 3348 2480 drohender Bankl
2988 2464 3340 2533 Ihr seht ihn heut
2990 2516 3343 2581 besten Mann der
2987 2561 3345 2627 Reinhardt im jetz
2999 2615 3349 2687 finden.) Das St
2994 2667 3350 2729 hat, was die le
2991 2709 3341 2776 Brahms Florian
2982 2751 3343 2824 nicht wiederkomm
2974 2810 3351 2882 eines Ibsenwerkes.
3026 2936 3351 3022 Nu langt mir i
2982 2999 3351 3070 Meißel runter: d
2980 3056 3344 3136 die Reinhardt=V
