3484 4224
502 136 904 225 Liebelei
344 126 910 269 3. 1
976 154 1486 261 box 10/3
1913 951 2161 1050 Die Kritik
1329 982 1464 1060 312
1450 1056 2764 1159 So können wir nicht glauben, daß dem Fritz sich ein wirklich inter¬
1344 1141 2741 1210 essantes Weib zuwendet; er ist noch zu unreif, zu unbedeutend. Auch Chri¬
1344 1207 2760 1286 stine würde gewinnen, wenn Fritz, nicht ihrer würdiger, aber ihr über¬
1345 1256 1620 1342 legener wäre.
1460 1310 2744 1385 Möglich, daß das Spiel zweier Komödianten, die von Presse und
1350 1370 2752 1447 Publikum noch immer vergöttert werden, ich meine Frau Sorma und Herrn
1335 1449 2756 1510 Rittner, viel verdorben hat. Mir ist es unbegreiflich, wie fast alle Berliner
1335 1490 2755 1560 Kritiker sich derart dupieren lassen können und nicht durch die Maske die
1348 1553 1852 1627 innere Hohlheit erkennen.
1459 1594 2750 1673 Frau Sorma verfügt über eine Reihe von Theatermätzchen, die mit
1330 1676 2746 1746 mathematischer Genauigkeit wiederkehren; wenn sie für die Rolle passen, gut;
1340 1730 2744 1787 wenn nicht, nun so heißt's originell; aber eine Figur lebensgetreu gestalten, dem
1345 1781 2750 1847 Dichter nachschaffen, so daß etwas Ganzes und in sich Geschlossenes dasteht,
1346 1849 2742 1909 das kann sie nicht; es ist auch wohl zu viel von ihr verlangt. Und Herr
1329 1899 2745 1968 Rittner ist auf seinem Hans Hartwig stehen geblieben und wird nie darüber
1341 1963 2739 2032 hinauskommen; ihm scheint hauptsächlich der erzieherische Einfluß eines tüch¬
1349 2017 2742 2090 tigen Regisseurs zu fehlen. Doch davon und über die Schauspielkunst in
1339 2078 2226 2156 Berlin überhaupt ein andermal vielleicht mehr.
1445 2143 2736 2211 Der Dichter der „Liebelei“ ist ein Wiener. Wienerische Weichheit
1331 2186 2747 2274 und Leichtlebigkeit tritt uns in seinem Werke entgegen. „Liebelei“ ist eine
1338 2272 2746 2331 naive, rein menschliche Idylltragödie ohne Reflexion. Aber es ist doch eine
1337 2313 2745 2390 gewisse Unterströmung im Stücke bemerkbar, fein, nicht aufdringlich; es
1332 2375 2751 2439 werden Fragen des sozialen, gesellschaftlichen, geschlechtlichen und ethischen
1344 2436 2283 2501 Lebens leise angeschlagen, um leiser zu verklingen.
1456 2482 2748 2549 Der Dichter der „Liebelei“ soll sehr wohlhabend sein. So gerecht er
1338 2548 2747 2626 auch im Stücke Licht und Schatten abwägt, sein Herz ist doch mehr bei den
1335 2602 2751 2685 Reichen. Dem armen Manne, der nur das eine Schäflein hat, wird auch
1335 2668 2748 2727 das noch genommen. Das ist das etwas Niederdrückende der Dichtung. All
1330 2716 2737 2804 die Liebe, die Christinens junges Herz erfüllte, sie war einem Sohne des
1335 2799 2735 2854 Klassenstaates geweiht und wurde zertreten. Nicht Jungfrau und Jüngling,
1329 2847 2733 2914 sondern das Mädchen aus dem einfachen Mittelstande und einen Ange¬
1331 2916 2740 2976 hörigen der Jeunesse dorée sehen wir; und da ist der Ausgang klar. Der
1331 2983 2752 3034 Dichter soll uns aber nicht immer den bloßen Ausgang zeigen, er darf uns
1338 3020 2752 3108 auch in weite Fernen blicken lassen, in denen Schranken gefallen sind. Er
1342 3080 2730 3141 darf es, wenn er kann. Der reiche Jüngling verkaufte aber seine Güter nicht ...
2283 3134 2659 3216 Richard Wrede.
1449 3145 1624 3227 Berlin.
