3392 4320
292 228 686 302 Liebelei
286 217 1268 353 box 13/1
379 1243 1199 1364 % Dr. Max Goldschmidt
555 1317 1196 1406 Büro für Zeitungsausschnitte
378 1370 653 1456 BERLIN N 4
910 1392 1355 1462 Teleion Norden 3051
701 1482 1030 1562 Ausschnitt aus
500 1542 1226 1633 Hamburger Nachrichten
772 1648 998 1761 2140
985 1698 1157 1797 1927
693 1763 1203 1873 Theater und Kunst.
397 1836 1534 1910 K-u. Gastspiel von Käte Dorsch in den Hamburger Kammer¬
322 1863 1535 1956 spielen. Worun, gerade die „Liebelei“ von Schnitzler, ein
308 1908 1534 1992 Stück, das seine Zeit gehabi hat, in dem aber nichts, gabnichs mehr
307 1956 1535 2052 Tvon Gegenwart ist! Das Programm der Gastspiele richtet sich se
325 1994 1525 2086 im allgemeinen nicht nach Wert und Unwert des Bühnenstückes,
313 2029 1530 2114 sondern danach, was der Gast aus seiner Rolle herauszuholen ver¬
311 2079 1526 2166 steht. Käte Dorsch spielte gestern die Christine und stellte dam
311 2118 1534 2192 ihre Vielseitigkeit aufs neue umer Beweis. Diesmal in eine
306 2157 1525 2233 gretchenhaften Gestalt. Sie knn in dieser Rolle nur einen kleinen
313 2194 1517 2274 Bruchteil ihres Talents entfalten, da ihr, der Sprudelnden, Leben¬
299 2235 1521 2317 digen, die Zügel einer buldenden Passivität auferlegt waren. Der
306 2275 1529 2354 erste Akt blieb deshalb ohne besondere Wirkung. Mehr gaben die
309 2300 1529 2391 beiden letzten Akte, in denen Kate Dorsch den Charakter der Roll:
299 2348 1521 2438 in ihrem Sinne prägnanter gestalten konnte, ohne die Monotonie,
300 2382 1526 2445 zu der sich bei dem etwas flachen Stimmklang die angestrebte
302 2421 1513 2490 Schlichtheit der Künstlerin leicht verengt, ganz zu vermeiden.
293 2463 1514 2542 Immerhin milderte ihre klare, einfach: Linie die Süßlichkeit des
292 2496 1535 2596 Stückes, schuf eine lebenswarme und überzeugende Figur. Der leh¬,
290 2523 1536 2624 hafte Beifall galt ihr und ihren Mitspielern, die sich erfolgreich um¬
293 2569 1047 2658 den Rahmen der Darstellung bemühten
2177 609 2825 706 Dr. Max Goldschmidt
2181 686 2815 768 Büro für Zeitungsausschnitte
2559 750 2991 819 Teleion: Norden 3051
1999 762 2294 844 BBRLIN N4
2333 857 2674 930 Ausschnitt aus
2199 910 2827 1017 Prager Presse, Prag
2378 1084 2836 1188 1. Mallver
2171 1281 2869 1363 „Liebelei“ uls Oper.“
2147 1344 2878 1423 Tschechisches Nationaltheater in Brünn.
2091 1412 3028 1479 Schnitzlers „Liebelei“, von Fr. Neumann veriont,
2061 1468 2972 1533 gelangte in Brünn, nach einer Reihe deutscher In¬
2061 1513 2978 1561 und Auslandsaufführungen, zur tschechischen Erstauf¬
2057 1545 2984 1608 führung. Neumann hat hier sein Bestes gegeben.
2056 1600 2977 1649 alle seine Vorzüge spiegeln sich in dieser Opernmusik
2064 1634 2979 1700 wider. Allerdings ist die unvermeidliche Wiener
2067 1673 2986 1728 Mitzi und der alte Wienerwalzer stark verblaßt und
2066 1729 2993 1781 durch moderne Erscheinungen abgelöst worden. Im¬
2064 1772 3000 1824 merhin, das Stück gefällt noch heute, der tanzartige
2061 1803 3006 1867 Rhyihmus und die dramatischen Effekte sind dem Li¬
2060 1848 2996 1902 bretto vorzüglich angepaßt. Das Orchester weint,
2061 1892 2999 1952 lacht, tanzt, man sieht deutlich: hier ist eine sehr ge¬
2074 1940 2987 2007 schickte Hand am Werke, viel Routine und eigene In¬
2061 1972 2994 2037 vention. Das nette Vorspiel des letzten Aktes reka¬
2061 2030 2985 2078 pituliert alle musikalischen Geschehnisse und sagt
2060 2071 2994 2118 Trübes voraus. Im Duett des Fritz mit Christa ist
2071 2126 3002 2181 die musikalische Peripetie erreicht, der tragische Aus¬
2064 2167 3016 2215 gang der harmlos begonnenen Liebelei wirkt auch im
2069 2204 2266 2267 Orchester.
2108 2223 3004 2296 Ausstaitung und Regie hatten hier keine Probleme
2075 2294 3006 2353 zu lösen. Architekt Cermäk schuf ein gemütliches
2078 2336 2991 2394 Junggesellenheim, wo alles echt und üppig wirkte.
2070 2376 2978 2435 Die Aufführung hatte ohne Zweisel einen mehr als
2079 2431 2971 2490 ireundlichen Erfolg, denn das Orchester und die
2071 2459 2978 2524 Bühne erreichten in allen drei Akten ein tadelloses
2078 2510 2984 2570 Zusammenspiel und recht lebhaften Gang der Hand¬
2078 2552 3020 2619 lung. Im Mitielpunkte der Oper stand Frau Tichä,
2072 2606 3007 2658 die mit der ihr natürlichen Anmut und lyrisch=weichen
2078 2619 3008 2696 Stimme ein richtiges Wiener Kind verkörperte,
2078 2684 3011 2742 Otava als Freund Theodor präsentierte eine voll
2082 2722 3012 2780 klingende Stimme und viel Humor. Fritz und Mitzi
2082 2755 3030 2824 (Pelc und Matesovä) waren eher schauspielerisch als
2088 2799 3025 2879 musikalisch einzuschätzen. Es ist selbstverständlich,
2085 2854 3021 2913 daß das Orchester unter der Leitung des Autor=Di¬
2080 2895 3015 2959 #rigenten, prüchtig spielle. Direkior Neumann
2090 2943 3014 3012 wurde oft gerufen und die Stimmung war eine ganz
2090 2995 2321 3054 vorzügliche.
2134 3063 3022 3154 Außer dieser Neuaufführung waren aber auch
2098 3132 3019 3186 einige Reprisen von Inieresse. „Carmen“ wurde
2091 3184 3024 3241 in einer Neubesetzung von Frl. Hlouskovä mit echt¬
2097 3215 3002 3285 südlichem Temperament und sehr schmiegsamer, in
2102 3257 3005 3321 allen gefährlichen He#en reiner Stimme gesungen
2102 3303 2998 3375 Dafür geriet das Orchester in eine etwas nerbös
2111 3342 2993 3411 Stimmung. Gutes ist von der 50. Vorstellung de
2102 3392 2993 3452 papulären „Rusalka“ zu berichten. Eine Neu
2106 3440 3007 3499 besetzung war notwendig, die junge Sängerin Rotz
2099 3453 3042 3548 zumovä ist eine liebliche Wassernixe mit guten
2110 3528 3029 3590 Stimmitteln. Die Tempi sollten freilich etwas fri¬
2833 3542 3030 3639 J. R.
2117 3575 2311 3640 scher sein.
