3248 4320
448 129 785 215 iebelei
259 119 1366 262 5. L box 10/1
2395 1047 3203 1132 — dee Oberst ordnei a, daß jeder Soldal,
1298 1116 3211 1183 offenen Aussprache bestehender Uellstände bekannt der Von nun an ein Porte onnaie findet, mit vier¬
488 1103 1284 1196 and auch nach Deutschland auf¬
2258 1222 3201 1276 mit dem Gatten, wobei Fritz sein Leben einbüßt.
1299 1227 2250 1301 man es verstehen, gelegentlich zu mißfallen. Scha¬
593 1230 1027 1328 Wiener Brief.
2251 1274 3204 1337 Die Tochter des Musikers folgt ihm in den Tod
1302 1276 2245 1336 den thut das nicht. Denn Arthur Schnitzler ist auf
330 1287 1281 1368 (Die Herren der jüngsten Schule. — Anschauungen der
2312 1318 3213 1389 weil sie zum Begräbniß des Geliebten nicht
1300 1328 2244 1380 seinen Durchfall im Volkstheater hin sogar burg¬
327 1360 586 1410 Bühnenleiter.
645 1355 1287 1420 Schicksale eines Modernen. — Das
2266 1370 3209 1441 geladen wird. Etiquettefehler sind oft die Ursache
1298 1365 2246 1426 theaterfähig geworden. Das will etwas sagen, wenn
322 1402 1251 1452 jüngste Stück des Burgtheaters. — Seelenzustände. —
2266 1421 2847 1483 von Katastrophen geworden ...
1304 1416 2246 1478 man bedenkt, wie viele erfolgreiche Autoren ver¬
328 1423 1286 1488 Erzählungen. — Der Fluch der Liebelei. — Ein anderer
2337 1442 3199 1523 Die Personen des Stückes sind nach all dem
1299 1455 2252 1525 geblich die Burgtheaterfähigkeit anstreben. Schnitzler
329 1475 1287 1530 Moderner und sein Stück. — Mißstimmungen. — Ein
694 1507 918 1573 Nachspiel.)
2258 1506 3209 1568 nur auf die Bühne gebracht worden, um den Autor
1295 1522 2241 1574 hat übrigens nicht den Ehrgeiz, Dramotiker schlecht¬
2265 1555 3211 1619 Gelegenheit zu geben, sich in der Stimmungs¬
1297 1556 2247 1628 weg zu sein, er will nur Seelenzustände schildern.
421 1549 1277 1625 Im literarischen Kaffeehause in der Herren¬
2266 1594 3209 1661 malerei zu produciren. Das ist die Specialität
1297 1606 2245 1659 Dieser Absicht entspricht sein Stück, welches das
326 1614 1284 1668 gasse treffen sich täglich einige junge Männer,
2264 1642 3205 1704 Schützler's, wie mon einem anderen Modernen,
1299 1656 2249 1725 Burgtheater als Première brachte. „Liebelei“ ist
326 1659 1282 1728 welche Theaterstücke schreiben. Man sieht es Keinem
2254 1697 3202 1752 J. J. David, nachrühmt, daß er sich aufs Cha¬
1290 1710 2250 1767 der Titel desselben. Das Wort allein läßt schon
331 1711 1279 1766 an, welch' gefährlicher Beschäftigung er obliegt.
2257 1741 3203 1803 rakterzeichnen versteht. Der Letztere ist einige Tage
1294 1746 2249 1815 vermuthen, daß es die wahre Liebe nicht ist, mit
329 1753 1284 1822 Wer nach dem Aeußeren zu urtheilen gewohnt ist,
2253 1797 3211 1857 später im Volkstheater zum Worte gekommen.
1293 1797 2251 1871 der der Dichter sein Publicum bekannt machen will.
329 1799 1289 1859 dem vermag die Gesellschaft kein besonderes In¬
2267 1847 3201 1899 Sein Stück betitelt sich: „Ein Regentag“. In dem
1295 1840 2253 1908 Die Modernen wollen entdeckt haben, daß die
330 1847 1276 1911 teresse abzugewinnen. Etwas Anderes ist es freilich,
2255 1886 3201 1940 Stücke herrschen etwas mildere Sitten, wie in dem¬
1305 1887 2241 1951 Liebelei ein Seelenzustand ist. Die Wiener haben
329 1896 1283 1949 wenn man erfährt, daß die Herren als die Re¬
2255 1937 3208 1994 jenigen von Schnitzer. Eine Baronesse folgt ihrem
1294 1940 2250 1997 jedoch eine charakteristischere, freilich ziemlich derbe
329 1940 1261 1999 präsentanten der jüngsten literarischen Schule zu
2264 1984 3210 2060 bürgerlichen Geliebten auf sein Gut. Das war bei
1301 1988 2250 2035 Bezeichnung für solche, welche ihren leichtfertigen
330 1999 1276 2051 betrachten sind. Man sieht dann etwas näher zu
2255 2028 3201 2080 schönem Wetter. Die Dame vermochte dem Land¬
1295 2031 2239 2083 Lebenswandel mit ihren Seelenzuständen zu ent¬
332 2040 1283 2098 und entdeckt richtig, daß unter der Gruppe sich
2258 2073 3211 2121 leben anfangs einige schöne Seiten abzugewinnen.
1298 2080 2244 2147 schuldigen suchen. Schnitzler, der es als Moderner
326 2089 1281 2146 einige Charakterköpfe befinden, welchen schon eine
2257 2120 3205 2175 Da kommt aber von ungefähr ein Regentag und
1297 2127 2250 2191 nicht nöthig zu haben glaubt, sich eine höhere
318 2126 1281 2191 große Zukunft prophezeit worden sein dürfte. Daß
2255 2173 3208 2228 sofort ändert sich ihre Stimmung. Die Barouesse
1298 2176 2242 2224 Meinung von dem moralischen Lebenswandel der
321 2181 1288 2243 die Zukunft ihnen gehöre, davon sind sie übrigens
2253 2211 3201 2279 findet, daß es an so einem Regentage auf dem
1305 2221 2241 2286 Großstädter zu bilden, sucht seinen Helden in ein
334 2225 1287 2280 Alle überzeugt. Das unerschöpfliche Thema der
2258 2264 3206 2319 Lande nicht auszuhalten ist vor Langweile. Sie
1298 2270 1754 2337 besseres Licht zu rücken.
327 2265 1292 2339 Conversation ist natürlich das Theater. Von was
2259 2306 3207 2378 läßt den Wagen vorfahren und fährt ihrem Ge¬
1377 2299 2245 2377 Was sich in dem Stücke zuträgt, ist nicht
332 2321 1287 2388 sollten junge dramatische Autoren auch sovst
2258 2346 3211 2429 liebten davon. Das Stück war auf der Bühne
1301 2366 2237 2425 viel, denn die Fabel verträgt keine Handlung im
331 2352 1287 2429 sprechen? Im Verkehre mit Theaterdirectoren sam¬
2255 2406 3208 2464 kaum zu Ende gespielt, als es auch schon im Par¬
1295 2403 2250 2474 althergebrachten Sinne. Man hört auf der Bühne
325 2418 1278 2482 melt man manche Erfahrungen — angenehme aber
2258 2431 3211 2519 quet zwischen einem Modernen und einem Vertreter
1297 2460 2245 2516 nur immer erzählen. Auf diese Weise erhält man
332 2460 1292 2519 selten. Die Bühnenleiter haben eben über die Li¬
2258 2503 3211 2568 der alten Schule zu ziemlich erregten Auseinander¬
1295 2507 2251 2564 Kenntniß davon, daß der Held des Stückes, Fritz
325 2507 1288 2578 teratur im Allgemeinen und die moderne Richtung
2254 2546 3217 2610 setzungen über den Werth des Stückes kam. Das
1294 2554 2251 2617 Lobheimer, ein Verhältniß mit einer verheiratelen
320 2559 1290 2617 im Besonderen ganz eigenthümliche Anschauungen.
2261 2584 3214 2661 war das Nachspiel zu den vorausgegangenen uner¬
1299 2601 2238 2661 Frau hat und zugleich eine Liebelei mit der Tochter
325 2603 1283 2669 Das kann freilich noch einmal anders werden. Die
2254 2626 3214 2715 quicklichen Darbietungen. Von dem Modernen hätte
1297 2647 2243 2704 eines armen Musikers unterhält. Die Letztere klam¬
333 2651 1289 2707 Modernen hoffen es wenigstens, besonders seit
2261 2684 3210 2765 nun das Publicum für diese Saison genug und
1286 2698 2242 2763 mert sich mit größerer Leidenschaftlichkeit an Fritz,
326 2701 1284 2761 einer der Ihren, Arthur Schnitzler, einen Durchfall
2263 2735 2842 2812 die Theaterdirectoren wol auch.
1300 2735 2246 2795 die verheiratete Frau nimmt die Sache leichter.
323 2746 1295 2796 erlebt hat. So weit hat es nämlich noch Keiner
2784 2764 3161 2863 Franz Weigl.
1282 2796 2252 2843 „Trotzdem wird dem „Helden“ die letztere Liebelei
323 2795 1278 2851 gebracht. Die Meisten nicht einmal zu einer ersten
323 2831 2253 2916 Aufführung. Wenn man modern sein will, muß “ verhängnißvoll. Sie führt nämlich zu einem Duell
668 2942 1564 3167 Tnule Toh
