3484 4192
525 148 756 217 iebe
349 140 1022 253 5. Mei
1031 147 1474 232 box 10/3
1034 1266 1998 1317 Rtes den Linden eine auffährung der „Zevermaus.
1028 1307 1139 1357 reits
1278 1312 2211 1354 Zweimal hatte das Deutsche Theater in der
1041 1348 1131 1410 stet.
1150 1336 2207 1392 Wahl der Stücke einen Fehlgriff gethan; zum dritten Male
1154 1383 2202 1427 aber ist es gelungen, ein Meisterwerk ersten Ranges aus
1054 1388 1141 1438 auf
1030 1424 1135 1479 einen
1153 1419 2208 1471 Licht der Lampen zu ziehen. Arthur Schnitzlers Schauspiel
1157 1462 2217 1506 in drei Akten „Liebelei“, das am Dienstag zum ersten Male
1035 1465 1130 1511 dem
1149 1500 2210 1541 in Scene ging, gehört zu jener Art von Kunst, die Herz
1026 1502 1134 1553 urch¬
1025 1536 2209 1603 seres und Geist in gleichem Maße befriedigen. Der Dichter gehört
1159 1582 2211 1630 nicht zu denen, die nur ein naturgetreues Abbild irgend¬
1023 1581 1138 1634 zeren
1148 1609 2205 1665 eines Vorganges bieten, die nur, wie er sich räuspert, wie
1033 1615 1147 1671 ngen
1144 1652 2205 1713 er spuckt, einem Menschen glücklich abgeguckt haben und sich
1027 1661 1145 1710 sein¬
1154 1694 2204 1749 mit dieser Leistung bescheiden, er hat nicht vergessen, daß die
1040 1703 1136 1747 zum
1150 1733 2215 1778 Poesie auch Poesie enthalten soll, und so gelang es ihm, in
1031 1737 1140 1796 chen,
1155 1771 2207 1828 die scharf realistisch gezeichnete Handlung jenen Hauch zu
1054 1777 1142 1821 Um
1154 1809 2221 1860 gießen, durch den ein Kunstwerk erst seinen wahren und
1045 1806 1134 1867 schen
1157 1851 2227 1911 unvergänglichen Wert erhält. Was in dem Schauspiel
1106 1855 1142 1894 er
1153 1890 2206 1935 vorgeht, ist in wenigen Worten zu sagen. Zwei Wiener
1161 1925 2219 1969 Lebemänner gehen auf Abenteuer aus und finden, was sie
1162 1967 2220 2017 suchen. Der eine trifft ein fesches Deandel, das nichts als a
1163 2008 2209 2057 bissel liebeln will, der andere hat das Unglück, die Bekanntschaft
1044 2012 1140 2061 ligen
1153 2043 2220 2086 eines Mädchens zu machen, das ein Herz hat und die Libelei
1040 2050 1144 2097 land
1150 2085 2200 2137 bitter ernst nimmt. Ihr Liebhaber aber hat nichts weniger
1046 2086 1147 2137 das
1166 2122 2219 2170 als ernste Absichten. Außerdem unterhält er ein Liebes¬
1051 2127 1148 2182 r zu
1154 2163 2222 2210 verhältnis mit einer verheirateten Frau. Dieses wird ihm
1027 2165 1146 2228 issen,
1154 2202 2213 2255 zum Verderben. Der Gatte besagter Dame fordert ihn vor
1048 2202 1148 2257 und
1153 2240 2202 2283 die Pistole und schießt ihn nieder. Als Christine, das un¬
1061 2244 1152 2287 wir
1158 2274 2210 2330 glückliche Mädchen, von dem tragischen Geschick ihres Ge¬
1027 2273 1147 2336 durch
1146 2313 2207 2371 liebten erfährt, zugleich aber auch, daß der, an den sie so fest
1037 2323 1147 2373 den,
1160 2357 2216 2413 geglaubt, zum Schlage jener Menschen gehört hat, die sich nur
1046 2363 1140 2411 : die
1155 2392 2210 2453 amüsieren wollen, wenn sie lieben, da kann sie das Leben
1039 2397 1150 2462 schen
1036 2440 1147 2484 Wir
1161 2443 2219 2483 nicht länger leben, und sie stürzt sich ins Wasser. Frau
1046 2477 2215 2524 inser Sorma war die würdigste Verkörperin dieser Person. Ihre
1044 2509 2211 2558 bes=Leidenschaft, die Tiefe ihres Gefühls, der ungekünstelte
1118 2546 2296 2619 e=Ausdruck, den sie für jede Stimmung, jede Regung ihres 2
1157 2585 2220 2643 Herzens fand, waren von ergreifender Wirkung. Neben ihr
1032 2591 1160 2647 Bund
1774 2629 1807 2659 077
2158 2632 2204 2677 er,
1907 2624 2057 2680 Christine
1163 2635 1877 2682 stand Herr Reicher, der den alten Musike
1049 2639 1141 2681 nder
2127 2666 2219 2720 Mizi
1893 2668 2017 2717 eleichtl
1163 2667 1814 2723 spielte, auf der Höhe seines Könnens.
1039 2674 1143 2722 nder
2118 2708 2222 2762 Herr
1035 2712 1149 2765 les.“
1774 2702 2064 2763 isch und fröhlick
1159 2702 1721 2767 gab Fräulein Gisela Schneider
1781 2742 2232 2801 stines, Herr Jarno und
1617 2749 1713 2795 aber (
1168 2754 1537 2803 Rudolf Rittner als L
1038 2747 1153 2803 nde
1808 2780 2223 2842 Der Dichter mußte nach
1161 2786 1539 2845 Herr Nissen sind loben
1075 2794 1149 2839 im
1677 2823 2171 2882 erscheinen. — Der „Liebele
1557 2835 1607 2877 Har
1048 2827 1149 2882 (e ist
1165 2831 1546 2883 jedem Akte vor der
1168 2868 2227 2915 vorauf ging in neuer Einstudierung Heinrich von Kleists
1029 2868 1148 2918 #den
1163 2902 2236 2959 Lustspiel „Der zerbrochene Krug,“ in dem Herr Hermann
1165 2943 2176 2998 Müller den Dorfrichter Adam recht wirkungsvoll spielte.
1054 2952 1148 2998 (am
1285 2966 2226 3035 Städtischer Central=Viehhof. Zum Verkauf
1039 2991 1150 3043 lupt¬
1161 3028 2227 3069 standen gestern 338 Rinder, 8122 Schweine, 1568 Kälber,
1044 3028 1153 3077 in zu
1053 3068 2221 3108 nach 1702 Hammel. Für Rinder waren bei der matten Stimmung
2079 3097 2213 3147 rzielen;
1163 3099 2055 3149 des Markts nur die vorigen Sonnabendpreise zu
1050 3098 1152 3154 den
1049 3136 2247 3184 arten ##n 100 Stüd e-b#r ##u#### II. 1 #
2283 2310 2355 2369 —
2323 1980 2382 2042 *
