3484 4256
280 153 659 226 Liebelei
817 155 1266 243 box 12/8
1013 858 1111 935 2
731 1070 831 1120 AN
450 1044 1157 1192 Hamsurger Eane
674 1149 1089 1266 Hamburg
800 1225 1268 1350 1 8 KATEE
344 1512 1516 1641 „Kammerspiele. „Liebelei“, Schauspiel von Arthur
281 1534 519 1638 Schhte
453 1612 1491 1698 war ein Glück, „daß man nicht die 150. (oder 3002) Auf¬
278 1614 1475 1732 führung des „Reigens benutzte, um den 60. Geburtstag des öster¬
280 1665 1473 1780 reichischen Dichters zu ehren. Der „Reigen“ ist und bleibt ein
281 1720 1470 1792 wenn auch imunstaomeinter, so doch literarisch klanalaser Witz
285 1740 1486 1857 der für die Klassisikation Schnitzlers keinen Augenblick in Frage
277 1779 1463 1883 kommt. Thomas Mann bemerkt sehr richtig, daß Schnitzler für
282 1821 1466 1925 eine gewisse Literalur in Oesterreich genau so reprätentativ sei wie
282 1853 1463 1938 Gerhart Hauptmann in Deutschland. Und wenn man für letzteren
269 1897 1453 1991 als die in Betracht kommenden Werke etwa „Die Weber“ oder
518 1943 881 2020 M
294 2003 1477 2092 den „Florian Geyer“ anführen würde, so dürfte für Schnitzler
303 2038 1481 2118 die „Liebelei“ diejenige Bülnendichtung sein, die sein dichte¬
298 2081 1493 2174 risches Oesterreicherium in seiner typischen Bedeutung am schla¬
296 2118 1472 2206 gendsten kundtut. Hier ist die weiche, melancholische Stimmung
297 2151 1471 2249 mit dem leichten Schuß Stepfis, die für die Kunst wie für die
290 2185 1459 2282 Menichen da unten, sofern sie nicht der „feschen“ Lebenslust hin¬
282 2229 1463 2309 gegeben sind, charalteristirch ist, und eine ungemein sicher und glück¬
280 2264 1461 2364 lich wägende Gestaltungskraft schafft die berechtigte Langlebigkeit.
278 2301 1460 2401 Hier ist erlebtes Schicksal in jeder der Figuren, ob sie nun der
281 2350 1462 2436 leichteren oder der schwereren Lebensmaxime überantwortet sind.
277 2379 1452 2453 Echt, tolecht in Herkunft. Dasein und Zukunft. Nicht gewaltig,
275 2416 1459 2512 bis ins Tiefste aufrüttelnd. Selbst der Tod hat hier Kavaliers¬
277 2456 1455 2554 formen. Unaufdring ich leben die Menschen, treffen sich, sind
265 2499 1449 2589 glücklich, reiben sich, brechen von einander ab, leise, wie man
258 2541 1447 2638 Blütenzweige auseinandertrennt. Totweh, und doch keine Tragödie.
254 2572 951 2646 Ein „Schauspiel“ nennt's der Dichter.
320 2613 1455 2706 Unaufdringlich, mit gedämpften Tönen und Farben vollzog
249 2651 1440 2742 sich das Spiel, das unter der sicheren Leilung von Paul Marx
260 2683 1453 2761 stand. Im Mittelpunkt das süße Mädel, Christine, von Erika
248 2727 1439 2821 Meingast in überzeugendster Treue dargestellt, lieb, hingegeben,
247 2762 1451 2865 aufgerüttelt, totbereit. Ihr Pariner Rudolf Fernau, als Fritz
243 2795 1442 2890 überraschend gedämpft und daher gleichfalls restlos überzeugend.
242 2839 1438 2932 Man sieht, der begabie Künstler braucht nur aus einer gewissen
248 2871 1440 2967 Manier zu sich zurückzufinden, um durchaus Bedeutendes zu leisten!
236 2911 1437 2999 und Hoffnungen zu stärlen. Schade, daß er geht. Das Gegen¬
235 2960 1422 3041 paar, das des Lebens Tiesen und Probleme meidet, fand in
237 2994 1432 3080 Senta Bré und Franz Sondinger alaubhafte Ver¬
224 3044 1432 3127 tretung. Centa Bré gibt im Tonfall und in ihrer Sprech¬
231 3068 1423 3148 fertigkeit noch immer stärtste Illusion. Franz Sondinger
227 3107 1428 3200 war vielleicht ein wenig gedämpft. Die prachtvolle Figur des
231 3151 1427 3234 Vaters und Musikers, der sich Vorwürse macht, daß er die Schwester
232 3186 1430 3278 zu sehr behütet habe und nun erleben muß, daß er auf sein eigenes
227 3222 1420 3304 Kind zu wenig acht gegebn hat, wurde vom Spielleiter Paul
218 3244 1424 3346 Marx schlicht und rührend verkörvert. Else Kündinger
222 3300 1409 3380 gab der scharfhörigen Katharina Binder charakterinisches Leben.
219 3338 1411 3418 Erich Ziegel machte die winzige Evisode mit dem „Herrn“ zu
226 3380 1418 3464 einem bedeutenden Erlebnis, indem er eine ungemeine Gespanntheit
219 3409 1408 3493 und Geladenheit in wenige Worte und Bewegungen preßte. Alles
223 3439 1405 3544 in allem eine ehr erfreuliche Targellung der glücklichsten Bühnen¬
220 3488 1408 3569 schöpfung=Schnitzlers, die einen außerordentlichen Beifall des gut
216 3531 975 3599 besuchten Hauses zum Entladen brachte.
1368 3563 1424 3614 —
1927 946 2793 1079 Hamburger Correspondent.
2222 1172 2615 1270 I6 MATES
1807 1505 2981 1631 Theater = Mufik e Kunst = Leben.)
1983 1672 2740 1746 Hamburger Kammerspiele.
1811 1713 3007 1807 Zur Feier von Arthur Schnitzlers sechzigstem Ge¬
1743 1776 2993 1817 burtstag hatten die Kammerspiele seine „Liebelei“ in den
1741 1809 3014 1865 Spielplan ausgenommen, jenes Stück, das gewissermaßen einen
1744 1858 3002 1906 Extrakt des ganzen Schnitzleischen Werks und der Wiener Men¬
1748 1894 3010 1946 talität vor dem Weltkrieg gibt. Schnitzlers Philosophie ist hier
1748 1936 3004 1987 dem alten Geiger in den Mund gelegt, der Theodor und die
1745 1969 3012 2030 Schlager=Mizi leben nach ihr mit handfester Unbekümmertheit,
1743 2012 3002 2072 die zarteren Seelen der Tini und des Fritz gehen an ihr zu Grunde
1739 2056 3014 2106 und das ernste Leben, das in der Gestalt des „Herrn“ für eine
1747 2095 3004 2143 Szene in all dies Pbäakentum hineingreift, würde darüber auch
1734 2135 2485 2189 ohne den Pistolenschuß triumphieren.
1821 2152 2997 2224 Diesen Herrn gab Erich Ziegel selbst und bewies in der
1745 2208 3005 2262 knappen Episode wieder die Stärke seiner menschenbildenden
1735 2250 2998 2295 Kunst. Wie er die Gestalt bis zum Rand mit rasender Leiden¬
1742 2294 3006 2341 schaft anfüllte diese Leidenschaft mit höchster Anspannung ver¬
1742 2328 3014 2381 hielt, dann für einen einzigen Augenblick hoch aufschlagen ließ
1746 2368 3013 2421 und sofort wieder abstoppte, das war ein bewundernswertes
1748 2408 3012 2468 Meisterstück. Breit hat der Dichter selbst den alten Weiring aus¬
1747 2453 2998 2504 gemalt: Herr Marx, der auch die Spielleitung mit Takt be¬
1743 2497 3007 2544 sorgte, formte das Schnitzlersche Bild liebevoll nach. Geschmack¬
1749 2535 3005 2580 voll und ohne Uebertreibung gab Fräulein Kündinger die
1754 2560 3004 2617 Strumpfwirkersgattin. Von den beiden liebenden Pärchen fand
1742 2599 3000 2663 das lustige — Theodor und Mizi — durch Herrn Sondinger
1743 2639 3021 2696 und Fräulein Bré die eindrucksvollere Wiedergabe, weil in diesen
1752 2684 3016 2738 beiden Darstellern wirklich der sorglose Geist der Vorkriegszeit
1753 2735 3012 2775 lebendig wurde. Das melancholische Paar — Fritz und Christine
1800 2763 3001 2810 aber trat in der gestrigen Darstellung merkwürdig zurück.
1746 2814 3009 2864 Herrn Fernaus Fritz war gar zu blaß und schwächlich, ein
1756 2843 3000 2897 Schwindsüchtiger im letzten Stadium, der auch ohne Duell um¬
1740 2878 3009 2949 gehend das Zeitliche segnen würde. Und Fräulein Meingast
1752 2919 3009 2988 spielte die Christine aufs Sexualpathologische hinaus und flüsterte
1757 2961 3002 3011 so sehr daß sie den Zuhörern zumeist unverständlich blieb. Sie
1761 2995 3007 3066 sollte sich von Fräulein Bré, der einstigen vollendeten Christine,
1752 3037 2995 3098 sagen lassen, welche Wirkungen in dieser Rolle gegeben sind,
1758 3083 2507 3128 wenn man sie ganz natürlich auffaßt.
1830 3117 3019 3165 Im Jammer des dritten Akts erschien eine prachtvolle Katze
1754 3149 3005 3202 auf der Bühne, schüttelte mißbilligend das Haupt zu Christines
1755 3193 3003 3244 Stöhnen, schritt die Rampe entlang und verschwand. Symbol
1754 3233 3016 3297 des Lebens, das an der ephemeren Kunst Schnitzlers vorüber¬
2792 3270 2972 3334 C. M.=R.
1755 3273 2489 3344 schreitet, kraftvoll und zukunftssicher.
