3392 4320
1622 1387 2890 1451 dem ein in seinem Motiv nicht recht zu verstehendes Vorspiel
586 1321 1562 1496 kunst und Wissenschaft. ##%
1636 1421 2901 1495 vorausgeht, sucht der Komponist das Aufdringliche der Musik
1627 1476 2892 1538 dem Texte gegenüber zu vermeiden, und dies im Ganzen mit
1631 1526 2890 1580 Glück, obschon auch hier und da ein Rückfall in den alten Fehler,
690 1478 1581 1619 Frankfurter Opernhaus. —
1629 1572 2898 1629 der aber hier noch bedeutender wirkt wie vorher, zu verzeichnen
321 1578 1609 1660 Sonntag, den 18. September. Zum ersten Male: „Liebelei“,
1629 1617 2904 1677 ist. — Erst der dritte Akt wird voll und ganz dem Texte und der
331 1643 1621 1707 Oper in 3 Akten nach dem gleichnamigen Schauspiel von
1622 1667 2894 1724 Handlung gerecht. Auf den gehaltvollen, groß wirkenden
319 1693 1625 1754 Artbur Schnitzler. Musik von Franz Neumann.
1630 1708 2902 1766 Trauermarsch, obschon die Führung nur bei einer Cellostimme
414 1740 1613 1816 Fleich am Anfünfeunseres Referates wollen wir mit Freu¬
1628 1751 2900 1818 liegt, folgt in der Szene auch weiter noch in langes Ende nur
336 1794 1611 1854 den den wirklich großartigen, selten gesehenen Beifall konsta¬
1625 1784 2903 1858 Stimmungsmusik und kein Gesang. Man entbehrt auch den¬
334 1846 1619 1908 tieren, den die neue Oper und ihr Komponist ernteten. Wir
1632 1841 2888 1911 selben gerne. Erst die Erzählung des Vaters, welche vorzüg¬
332 1894 1616 1939 sagen ausdrücklich „die neue Oper“ und ihr „Komponist“, denn
1620 1891 2902 1955 lich wirkt, schiebt den Gesang wieder in den Vordergrund und
328 1942 1609 2004 ein gut gemessen Teil des Beifalls galt dem liebenswürdigen.
1616 1936 2901 2001 der tragische Schluß wirkt gesanglich und orchestral einsach im¬
330 1991 1618 2048 gern gesehenen Dirigenten des Opernhauses! Allein es bleibt
1620 1988 2901 2052 ponierend. Aber gerade diese weise Nichtverwendung des Ge¬
330 2035 1615 2096 noch so viel Beifall übrig, welcher der Arbeit selbst galt, daß
1627 2036 2902 2098 sanges und das Parlando von Christine sind die besten Beweise:
1624 2084 2899 2143 dafür, daß die Musik eigentlich nicht zu diesem Texte paßt. Die
328 2068 1622 2135 Herr Neumann sicher ist, daß sein Werk und mit ihm der wohl¬
323 2127 1608 2193 verdiente Beifall sich außerhalb Frankfurts wiederholen.
1614 2125 2899 2189 in der Oper geradezu komisch wirkenden Pfropfenzieher= und
320 2178 604 2240 werden. —
1633 2173 2898 2231 Streichholz=Gesangsepisoden wollen wir weiter nicht besprechen.
1619 2213 2910 2290 Es mag nun mal sein wie es will, und wenn die Moderne noch
403 2198 1617 2290 Ein Wagnis war es jedenfalls ein für das Schauspielhaus
1684 2262 2905 2320 sehr dagegen protestiert, die Oper verträgt nun einmal
1628 2276 1703 2333 so
337 2252 1615 2350 geschriebenes Werk zu vertonen. Es wird dies immer ein Wag¬
1614 2311 2911 2381 nicht: „Guten Morgen Herr Fischer, wie haben Sie geschlafen?“
342 2319 1608 2370 nis sein, und dies umsomehr, je einfacher, stimmungshaltiger
1627 2362 2406 2431 oder „Fritz wo ist der Stopfenzieher.“
344 2370 1616 2427 und dabei je moderner dies Stück ist. Diese drei Eigenschaften
1692 2412 2900 2473 Trotz dieser Ausstellungen aber sind wir gezwungen Herrn
332 2415 1620 2461 besitzt Schnitzlers „Liebelei“ in hervocragender Weise, und das
1632 2458 2900 2525 Neumann zu seiner Musik die wir gerne und viel lieber ohne
334 2456 1618 2523 Bedeutungsvolle dieses Kunstwerkes ist vor allem, das die
340 2518 1612 2567 Durchführung des Motivs in ganz knapper Form sich vollzieht.
1623 2503 2904 2569 den Text hörten, zu gratulieren. Der Komponist hat bewiesen,
339 2563 1611 2617 Wird nun ein solches Werk vertont, so ists ganz natürlich, daß
1629 2553 2898 2617 daß er das Zeug hat ebenso gut ein hochfeine Operette, wie eine
1618 2602 2912 2666 effektvolle heroische Oper zu komponieren. Seine Melodien
330 2589 1625 2670 die Musik auch zu ihrem Rechte kommen will und wenn sie dazu
1445 2646 1612 2705 Kürze
1632 2645 2904 2712 sind so reichlich, daß er mit dieser einen Oper drei moderne
332 2653 1451 2710 kommt, diese letzte wertvolle Eigenschaft der ges## den
1415 2698 1613 2754 Relleicht
1629 2688 2903 2752 geistlose Harmoniker versehen könnte. Die Instrumentation ist
328 2696 1342 2754 verliert. Durch diesen Verlust aber geht, wenn
1626 2729 2907 2805 blühend, und die Stimmungsmusik jeweilig an ihrem Platze.
339 2741 1620 2805 nicht ganz, so doch zum großen Teile die Stimn die das
1613 2779 2907 2849 Wir sind der festen Ueberzeugung, Herr Neumann würde,
338 2779 1626 2836 Milieu verlangt oder bringt, verloren. Ganz so verhält es sich
1622 2839 2913 2904 wenn er sich dazu verstehen könnte, der berufenste Komponist
330 2827 1621 2897 bei der neuen Oper. — Im ersten Akte, der sich zur Operette
1620 2878 2911 2935 sein, eine wirkliche neue und gute Operettenepoche einzu¬
343 2876 1614 2940 neigt — genau wie es das Schauspiel will — legt Neumann
1621 2918 2918 2988 leiten. Er wandelt in der „Liebelei“ zwischen Puccini und
344 2929 1622 3001 der Schwerpunkt seiner Musik ins Orchester, bringt rei¬
1630 2966 2912 3034 Richard Strauß. Der italienische Verismus ist nicht weiter
342 2969 1623 3039 zende und originelle Melodien und weiß dieselben wun¬
1617 3017 2902 3091 auszubauen, und für die R. Strauß'schen Bahnen ist Neumann
337 3022 1615 3078 derschön zu harmonisieren und wirklich reizvoll zu instrumen¬
1626 3070 2901 3124 viel zu sehr Lyriker. Also warum nicht zur neuen Operette! —
340 3065 1612 3140 tieren. Der Souper=Walzer wird wohl bald Eigentum aller
1699 3113 2907 3174 Der Beifall des Publikums war nach jedem Akte sehr be¬
335 3109 1617 3163 Klavierspielenden sein, welche etwas Schönes und „Schickes“
1633 3155 2911 3219 deutend, nach dem letzten geradezu frenetisch. Es erschienen
342 3160 1613 3218 haben und hören wollen. Allein da, wo es ins Tragische über¬
1631 3199 2912 3261 nicht nur die Künstler, sondern nach und nach der Komponist,
344 3207 1625 3264 geht, da will unseres Erachtens die Musik nicht so recht zum
1625 3244 2904 3314 Herr Neumann, dann Herr Intendant Jensen, welcher
336 3254 1611 3318 Texte passen. Sie kommt einem zu prätenziös zu der so ein¬
337 3291 2912 3377 fach und sinnig gehaltenen Handlung vov. Im zweiten Akte,I für eine vorzügliche Regie sorgte, ferner Herr Dr. Rotten¬
2898 1384 3311 1443 berg, welcher dir
2905 1432 3316 1508 Schnitzler, welch
2901 1475 3058 1534 hatte. —
2968 1493 3321 1579 Fräulein Sel
2901 1569 3311 1629 lich und stieg zum
2907 1602 3323 1674 Größe. Herr Gent
2896 1647 3319 1728 feld, Theodor Kai
2901 1703 3324 1767 zur Seite. Fräule
2896 1741 3329 1813 immer von gesunde
2906 1796 3317 1862 Frau Binder und
2898 1835 3314 1911 mische resp. ernsten
2904 1895 3311 1953 tete Herr Schnei
2901 1927 3321 2013 und gesanglich sehr
