3484 4320
487 164 698 233 iebe
291 166 839 271 5. 1 61
994 159 1415 235 box 10/3
956 981 2017 1058 ier= einzuberufen. Das ultramontane Blatt schreibt weiter:
958 1021 1047 1082 be,
1138 1039 2149 1102 „Ob man alle Jahre so verfahren soll? Das möchten wir doch
1039 1068 1195 1127 MN
1367 1078 1507 1135 MLRER CIEIN
2092 1102 2139 1149 *
950 1121 1042 1165 bar
1115 1131 2153 1200 = (Eine Ansicht vom Niederwald=Denkmal.] Der
963 1154 1050 1213 nke
1057 1145 2155 1236 Meister, den ein glücklicher Zufall dem schaffenden Kunstleben
952 1193 1046 1250 er¬
1053 1204 2151 1273 unserer Stadt zugesährt hat, B. Mannfeld, der erfolgreiche
1050 1248 2144 1313 Begründer der Original=Radirung, erfreut seine vielen Verehrer
952 1277 1039 1328 der
1065 1282 2151 1348 soeben mit einer neuen Arbeit. Diesmal hat sich Mannfeld an
1061 1323 2140 1386 einen Vorwurf gemacht, der der künstlerischen Darstellung bisher
1054 1363 2144 1428 zu spotten schien. Ein Werk. das vornehmlich durch seine Größen¬
1053 1402 2147 1469 verhältnisse wirkt, wie das Niederwald=Denkmal; das
1056 1437 2140 1510 aber, wenn man sich von ihm entfernt, auf dem Hintergrund des
1048 1479 2148 1560 Bergmassivs zu einer Nippesfigur zusammenschrumpft, bietet dem
1049 1506 2138 1571 Maler und Zeichner keinen irgendwie dankbaren Beobachtungs¬
1045 1553 2140 1625 punkt. Steht man ihm nah, so ragt es in völliger Isolirtheit in die Luft;
1053 1596 2154 1665 mißt man es mit den Blicken, so sieht man nichts von dem lachenden
1046 1643 2144 1687 Rheinthal, schaut man auf den Flußlauf hinab, so sieht man nichts
1047 1674 2139 1738 von dem Denkmal. Mannfeld hat diese Schwierigkeiten auf das
1043 1711 2135 1782 glücklichste überwunden. Er ist eines Teges von Rüdesheim auf
1045 1755 2141 1818 den Niederwald gestiegen und auf dem Wege etwa 20 Meter unter¬
1043 1787 2134 1842 halb der Terrasse stehen geblieben. Was sah er da? Eine dichtge¬
1049 1823 2135 1900 schaarte Menge drängte sich um das Denkmal zu einer patriotischen
1037 1871 2135 1935 Kundgebung. Aber das Wetterglück ist nicht mit dieser Mani¬
1039 1908 2138 1962 festation. Von Aßmannshausen ist ein schweres Gewitter im Anzug
1037 1948 2134 2015 und der tiesdunkle Woltenzug sowie der vom Sturm gepeitschte
1033 1980 2138 2049 nachtschwarze Wald bilden den ernsten Hintergrund, von dem das
1029 2034 2132 2094 Profil des Denkmals sich scharf abhebt. Der Wind zerzaust auch die
1043 2057 2140 2131 Banner, die die Menge mit sich führt. Die ersten Regentropfen fallen,
1042 2094 2135 2170 die ersten Schirme werden aufgesrannt und eine ängstliche Familie
1044 2142 2124 2211 sucht nach dem Standpunkt des Beschauers hin den Heimweg hinab
1031 2184 2132 2239 nach Rüdesheim. Das fahle Licht im Osten, das vom Gewitter noch
1031 2223 2137 2287 nicht verschlungen worden, sammelt sich auf der Vorderseite des
1028 2259 2123 2321 Denkmals, illuminirt alle seine Einzelheiten und rieselt, sich ab¬
1042 2294 2134 2355 tönend, zur Gestalt der Germania empor. Die Größe des Men¬
1044 2328 2129 2417 schenwerks verliert ihre drückende Wirkung, weil nunmehr die
1036 2373 2125 2442 Macht der Elemente zu dem Gebilde in sinnvolle Beziehung tritt.
1033 2420 2123 2474 Auf solche Weise wird der Eindruck, den das Denkmal hervorbringt,
1038 2458 2127 2517 groß, kraftvoll und vor Allem echt künstlerisch. Der Meister hat
1029 2494 2124 2574 indeß gefühlt, daß seine Darstellung unvollkommen wäre, wenn sie
1028 2527 2114 2598 die bedeutsamste Eigenschaft dieses Denkmals, seine örtliche Lage,
1034 2571 2130 2624 unbetont ließe. Auf sehr geistvolle Weise hat er deshalb das große
1026 2608 2118 2675 Medaillon, das die Hauptansicht enthält, mit einem Panorama des
1025 2646 2119 2717 Niederwalds, seines Stromufers und seines Weingeländes verbun¬
1030 2681 2116 2751 den. Man sieht etwa von der Mitte des Rheins den mit
1030 2725 2115 2789 Schiffen bebeckten Strom, zur Rechten ein charakter sches Stück
1028 2754 2120 2822 von Rüdesheim mit der Brömser Burg, zur Linken den Binger
1028 2802 2115 2873 Mänsethurm und die Ruine Ehrenfels. Erwähnt sei noch, daß das
1025 2845 2112 2916 schöne Blatt auf Anregung der Weingutsbesitzer Gebr. Sturm in
1028 2873 1467 2935 Rüdesheim entstanden ist.
1070 2919 2112 2988 = [Berliner Theater.] Man schreibt uns aus Berlin
1025 2961 2114 3029 vom 5. ds.: Sie haben erst unlängst in Frankfurt Schnitzler's
1027 3002 2112 3053 „Liebelei“ kennen gelornt. So herzlich ist schon seit langen
1023 3043 2111 3108 Jahren nicht eine Wiener Dichtung in Berlin aufgenommen wor¬
1021 3078 2112 3147 den, als diesmal. So fremd war uns auf dramatischem Gebiet
1242 3295 1657 3406 1707
