3436 4192
221 192 799 306 5. Liebelei
408 197 1377 315 KteLSer box 12/4
439 955 1436 1056 Ausschnitt aus: Die Zeit, Wien
736 1012 1070 1117 15 1. 1315
1429 1067 2220 1153 L
2566 1093 2628 1154 5000
2876 1074 3040 1159 Seeneen
413 1074 1157 1170 —
3057 1083 3283 1163 mmmenn
1355 1150 2327 1208 Stück mit seinen Figuren von der Wiener
2315 1126 3305 1228 strichen und dadurch zu hochtrabender Lächer¬
2310 1194 2506 1265 lichkeit.
1358 1200 2319 1254 Straße verträgt eine Musik von pathetischer
2485 1197 3311 1269 Szenen, die im Schnitzlerischen
484 1159 1244 1295 Theater und Kunst.
2315 1227 3294 1305 Schauspiel durch ihr düstere Knappheit wir¬
1359 1242 2313 1293 musikdramatischer Faktur nicht. Fritz und Dori,
2322 1275 3301 1344 ken, wie der plötzliche Besuch des fremden Herrn
1351 1282 2323 1344 Christine und Mizzi, zu solchen Namen läßt sich
715 1274 1025 1363 Volksoper.
2321 1329 3286 1387 bei Fritz, werden breitgetreten und aufgedon¬
1347 1326 2319 1379 keine Musik im großen Stil komponieren. Die
373 1334 1345 1403 („Liebelei.“ Oper in drei Akten nach dem Schau¬
1353 1372 2328 1428 Musik der Puccinischen „Bohème“, das etwa
2317 1369 3296 1434 nert. Die Souperlzene, die durch das Tempo
383 1386 1354 1462 spiel von Artur Schnitzler Musik von Franz
2319 1414 3297 1476 des Dialogs wirken muß mit Bleigewichtern
1357 1399 2325 1481 wären die Töne, die man sich zur „Liebelei“
706 1430 1026 1508 Meumann.)
2315 1459 3301 1525 belastet. Der überbildete Walzer mit seiner un¬
1346 1458 2322 1509 denken könnte. Die flotten Rhythmen, die
405 1472 1347 1560 mg Fritz Lobbeimer und Theodor Kaiser,
1351 1508 2322 1559 witzigen Motive des ersten Aktes, würden sich
2327 1484 3288 1568 ruhigen Chromatik und seiner Orchesterpoly¬
378 1537 1342 1588 Christine Weiring und Mizzi Schlager...
1344 1546 2323 1611 vortrefflich der Soupenzene anpassen, Fritz und
2311 1537 3286 1616 phonie, zu dem sich der Komponist in der
365 1573 1355 1633 welchem Wiener Theaterbesucher waren das
2321 1590 3293 1655 Souperszene herabläßt, ist wirklich nichts
1345 1592 2317 1654 Christine müßten sich in jener zart par¬
367 1620 1350 1685 nicht wohlvertraute Figuren? Aus dem Schnitz¬
2315 1634 3290 1711 weniger als lustig und wer aus der reizenden
1344 1637 2324 1699 fümierten, elegischen und sentimentalen melo¬
373 1660 1356 1733 lerischen Schauspiel sind die beiden jungen
2318 1685 3294 1746 Sauperszene musikalisch nichts herausschlägt.
1356 1670 2331 1743 iösen Sprache unterhalten, wie Rudolf und
363 1692 1349 1772 Wiener Herren mit ihren süßen Mädeln,
2316 1720 3288 1792 hat gewiß keinen Witz und keine Leichtigkeit.
1353 1721 2336 1778 Mimi, und selbst die tragischen Momente
370 1751 1357 1816 lustigen Mizzi und der sentimentalen Christine,
2319 1771 3287 1830 ohne die man ein Schnitzlerisches Stück nicht
1356 1769 2331 1820 dürften nicht ernsthafter behandelt sein als die
374 1805 1356 1866 auf die Opernbühne übersiedelt, und Herr Fritz
2319 1798 2794 1871 in Musik setzen kann.
1348 1803 2320 1872 der „Bohém.“. Nur müßte die „Bohème“=Musik
368 1850 1343 1904 muß nicht mehr zwischen dem zweiten und dem
2348 1831 3294 1929 Das Lob eines gebildeten Musikers kann man#
1339 1851 2317 1923 ins Wienerische übertrogen werden, und der
377 1884 1356 1945 dritten Akt sang= und klanglos sterben, sondern
2319 1895 3291 1961 Franz Neumann, der als Kapellmeister in
1346 1887 2321 1956 Duft der schweren Holukkderblüten, die über
371 1935 1350 1993 erhält sein großes symphonisches Leichenbegäng¬
2308 1941 3294 2008 Frankfurt wirkt nicht vorenthalten. Er kann,
1344 1948 2319 2002 das Gitter des Volksgartens sich herabsenken,
367 1978 1354 2051 nis erster Klasse mit feierlich drapierten Mo¬
2309 1969 3288 2050 was sich lernen läßt, schreibt ein Orchester, das
1349 1990 2324 2048 und der Rosen im Stadtpark dürfte nicht
373 2023 1352 2081 tiven, heroischen Massenklängen, pompösen
2317 2036 3296 2089 oft vortrefflich klingt, wandelt seine Notive
1350 2028 2326 2097 fehlen. Wo aber ist der Wiener Puccini, der sich
372 2062 1355 2124 Bleapotheosen, als ob er ein alter Wikinger
2315 2065 3290 2132 nach allen Regeln der Kunst ab, füllt seine Parti¬
1348 2077 2316 2132 am Lachen der Wiener Mädchen inspirieren
370 2113 1345 2168 oder Normannenherzog wäre und nicht die
2314 2108 3297 2180 tur mit Stimmen und Gegenstimmen, mit
1340 2118 2326 2188 würde? Franz Neumann, ein gebildeter und
370 2146 1353 2215 modernsten Krawatten trüge und die neuesten
2320 2162 3296 2233 effektvollen und nagelneuen Klangmischungen,
1353 2175 2324 2226 technisch kultivierter Mus#er, ist es gewiß nicht.=
362 2182 1356 2266 Bücher aus dem Fischerischen Verlag auf dem
2315 2204 3280 2270 kurz, er ist ein beschlagener und erfahrener
1342 2211 2328 2280 Dazu fehlt ihm die originelle Erfindung, das
352 2232 1345 2315 Tisch liegen hätte. Die beiden süßen Mäde!
2314 2253 3282 2315 Musiker mit moderner Technik, wie es deren in
1357 2257 2328 2307 melediöse Talent, der wärmere, herzliche Ein¬
353 2287 1353 2356 tragen jetzt moderne Leitmotive: Mizzi ein
2319 2293 3287 2356 Deutschland besonders unter den Opernkapell¬
1345 2297 2320 2358 fall. Gaben, die durch keinerlei Orchester¬
362 2336 1359 2394 plapperndes und schwatzendes, das vermutlich
2309 2337 3292 2401 meistern nicht wenige gibt. Manchmal nimmt
1345 2346 2324 2399 mischung und Motivtechnik ersetzt werden
367 2378 1350 2436 von ihrer Vorlibe für Mokkacremietocten er¬
2320 2386 3296 2444 er sogar einen Polauf zu breiterer Melodik,
1354 2380 2318 2449 können. Welch ein geschmackloser Einfall über¬
379 2410 1351 2475 zährt. Christine ein schmachtendes Hörnermotiv.
2312 2421 3287 2482 schreibt er eine äftigere Phrase nieder, eine
1352 2431 2244 2503 dies, Schnitzlers „Liebelei“ wortwörtlich
373 2451 1345 2527 Aus Christinens Zimmer blickt man noch immer
2317 2449 3289 2539 schwungvollere Wendung, aber als Ganzes im
1341 2474 2324 2534 Musik zu setzen! Ein Hauptreiz des Schnitzle¬
374 2512 1342 2570 auf den Kahlenberg, aber der Kahlenberg
2314 2510 3294 2593 ganzen genommen, ist seine Musik vollständig
1349 2524 2325 2583 rischen Werkes ist sein Dialog, der jetzt in
368 2553 1354 2615 wundert sich vermutlich nicht wenig, daß Fritz
2315 2573 3298 2621 unversönlich. Sie packt nicht und erwärmt nicht,
1342 2564 2325 2633 unnatürlichster Weise musikalisch aufgeblasen
428 2599 1349 2655 Christine ein motivisches Liebesduett wie
2314 2608 3290 2659 hat keine eigentliche poetische Stimmung und
1342 2602 2332 2685 und dadurch seiner Grazie, seiner Anmut und
443 2640 1353 2698 stan und Isolde anstimmen. Es ist eine
2314 2647 3304 2708 wenig melodische Substanz. Wie schön wäre es
1342 2648 2328 2713 seines Witzes beraubt wird. Man stelle sich Sätze
375 2676 1358 2750 sonderbars Welt, diese Opernbearbeitung von
2313 2682 3311 2760 aber gewesen, wenn die süßen Mädel den ge¬
1344 2698 2308 2753 wie „Neulich war ich in der Josofstadt“
359 2735 1346 2807 Schnitzlers bestem Schauspiel, das im Grunde
2324 2724 3318 2800 bildeten Kapellmeister zu einer herrlichen Me¬
1342 2737 2321 2806 oder „Wo ist denn der Stoppelzieher?“ oder
375 2782 1343 2830 trotz allen seinen Geistes, trotz seines witzigen
2315 2774 3294 2860 lodie inspiriert hätten, für die wir alle kontra¬
1351 2780 2323 2856 „Wann gehst du mit mir ins Orpheum?“ in
361 2813 1351 2885 Dialogs und seiner gepflegten Sentimentalität
2321 2830 3293 2893 punktierenden Nebenstimmen, die Harfen¬
1341 2829 2316 2910 den modernsten deklamatorischen Stil über¬
369 2865 1351 2923 doch ein echtes Wiener Volksstück ist und nun
1351 2864 2316 2930 tragen vor! „Im August hab' ich so wie so
2312 2866 3292 2936 alissandi, gedämpften Bläserklänge, schnattern¬
369 2906 1359 2974 von einem jungen, modernen Musiker mit dem
1347 2922 2323 2988 Waffenübung...“ „Na, du, aus dem Schematis¬
2322 2916 3301 2975 den Holzbläser, hohe, sordinierte und geteilte
367 2952 1353 3022 Aufgebot aller neuen technischen Mittel als
2326 2953 3306 3022 Geigen und alle die technischen Hausmittel des
1343 2968 2322 3029 mus hast du die Sachen nicht gelernt“: alle
368 2985 1347 3069 Musikdrama mit durchgeführter Motivarbeit in
2315 2998 3305 3059 modernen Musikers gern hingeben würden. Und
1344 3005 2334 3074 diese realistischen Sätze, die gesprochen so
367 3035 842 3111 Musik gesetzt wurde.
1345 3044 2320 3116 natürlich und anheimelnd klingen, werden
2316 3056 3295 3110 wenn die Melodie auch noch poetisch und aus¬
1337 3088 2334 3154 pathetisch deklamiert, orchestral untermalt,
401 3096 1351 3170 Ein empfindlicher Mangel an Stilgefühl zeigt
2315 3092 3291 3157 drücksvoll wäre, wenn sie ein wenig wienerische
360 3128 3297 3199 sich in dieser Art der Vertonuna. Schnitzlers motivisch kommentiert, ausgedeutet, unter¬ Anmut besäße, wenn man aus ihr das Lachen
