3436 4320
366 240 685 306 Liebele
204 224 1355 337 5. Messzei box 11/1
2310 435 2723 501 Telefon 12801.
1835 548 3197 619 Alex. Weigl's Unternehmen für Zeitungs-Ausschnitte
2841 600 3048 661 Assauhnitt
2173 604 3196 748 „OBSERVER“ Nr. 99
1768 752 3247 834 I. österr. behördl. cone. Bureau für Zeitungsberichte u. Personalnachrichten
1971 812 3087 890 Wien, IX/ Türkenstrasse 17.
857 865 1295 960 Telefon 12801.
2172 889 2857 978 — Filiale in Budapest: „Figyelé“ —
380 975 3235 1046 Alex. Weigl's Unternehmen für Zeitungs-Ausschnitt Vertretungen in Berlin, Chicago, Genf. London, Newyork, Paris, Rom, Stockholm.
1394 1030 1614 1099 Ausschallt
715 1086 1721 1174 „OBSERVEN N. 97
1774 1089 2324 1178 Ausschnitt aus:
2457 1063 3026 1263 1ag, Sramen
324 1172 1707 1268 I. österr. behördl. conc. Burean für Zeitungsberichte u. Personalnnehri
1796 1236 1992 1335 vom
510 1242 1630 1340 Wien, IX Türkenstrasse 17.
1990 1281 2382 1400 18/ 11120
710 1326 1515 1423 — Filiale in Budapest: „Figyeló“ -—
335 1394 1715 1479 Vertretungen in Berlin, Chicago, Genf, London, Newyork, Paris, Rom, Stecl
322 1528 898 1620 Ausschnitt aus:
1035 1541 1555 1686 Silesia (Tescl
2953 1658 3099 1750 170
344 1669 836 1766 vom## 107
2227 1567 2820 1771 Premer Stadttheater.
2593 1747 3126 1835 Bremen, 27. November.
1964 1795 3139 1870 Von den mannichfaltigen dramatischen Gaben, die uns Frau
1921 1857 3145 1912 Sörma's großes Talent in den letzten Tagen geboten hat, sind!
1905 1899 3147 1959 fihre Nora und ihre Christine in Schnitzler's Wiener Mädel¬
1902 1955 3141 2015 tragödie die „Liebelei“ doch die vollkommensten und menschlich
1906 2000 3145 2063 sergreifendsten geblieben. Das Sardou'sche Capriccio, genannt
1907 2032 3149 2096 Cyprienne, in deren Köpfchen statt Hirn soviel Launen wohnen,
3139 2051 3213 2136 ire
1914 2073 3163 2147 daß nur ein Glas Sect sie zur Vernunft bringen kann, braucht
1907 2125 3202 2186 man nicht ernst zu nehmen. Die fünf Stationen der Wil jer
1913 2166 3236 2243 brandt'schen Metempsychose sind psychische Abstractionen, denenaus.
1897 2199 3146 2267 limmer nur kurze Momente einheitlichen, dramatischen Lebens
601 2160 1353 2285 Kunst und Literatur.
1906 2266 3149 2318 gegönnt sind. Die Esther bleibt, so vielversprechend Grillparzert
437 2260 1581 2338 Teschen, 19. November. (Theater.) Hatte die dritte Wieder¬
3125 2249 3257 2368 de
1796 2307 3140 2372 Abonnihre Charakteristik auch ansetzt, ein Fragment, das die Künstlerin
380 2291 1574 2377 holung der beliebten Operette „Die Geisha“ am Freitag wieder ein
1797 2345 3145 2413 Abongganz nach ihrer individuellen Willkür auslegt. Bei Frau Sorma
378 2353 1574 2410 übervolles Haus zu Stande gebracht, so fand vorgestern die Aufführung
1916 2385 3159 2442 bleibt Esther das kluge, heitere Kind, das durch seine naive
372 2394 1583 2469 der „Liebelei“ von Arthur Schnitzler abermals vor einem überaus
1915 2421 3267 2486 Unschuld und Reinheit bezaubert, aber von der tragischen Geistes=d die
374 2427 1585 2501 zahlreichen Publicum statt. Der Dichter nennt sein Stück ein „Schau¬
376 2465 1583 2536 spiel“; nun Schauspiel ist ja Alles, was auf der Bühne ohne Ver¬
1798 2469 3255 2536 Inhalgröße und der prophetischen Härte der werdenden Befreieringen¬
375 2486 1712 2567 mittelung der Musik dargestellt wird. Richtiger wäre wohl die Be= inclt
1802 2499 3263 2580 brütihres Volkes die Mardochai doch nicht ohne Grund in ihr ver=lung")
382 2540 1574 2610 zeichnung „Volksstück“ oder ganz genau „Wiener Volksstück“. Darin
1805 2545 3266 2623 wot# muthet, absolut nichts ahnen läßt. Die große und von echt#b#n
1577 2560 1715 2645 Zali#
3109 2592 3268 2657 lungen
371 2574 1578 2640 liegt die Stärke der Dichtung Schnitzlers. Niemand wird der trefflich
1801 2597 3159 2670 des hGrillparzer'scher berückender Schönheit erfüllte Scene, in der sicht
1558 2623 1686 2691 „im V
356 2616 1570 2702 gelungenen Wiener Localfärbung, der flotten Scenenführung und dem
1794 2634 1928 2702 werde
1922 2655 3157 2715 die Herzen Esthers und des Königs zu gegenseitiger Liebe ent¬
360 2664 1578 2719 ##aschen Flusse des Dialogs, wodurch der thatsächlich vorhandene Man¬
1566 2684 1678 2752 itte
1912 2693 3157 2764 flammen (von Frau Sorma und Herrn Mischle entzückend und
371 2698 1564 2776 gel an stofflichem Gehalt und Gedanken geschickt verdeckt wird, seine
1561 2717 1685 2792 steht
364 2727 1568 2789 Anerkennung versagen. Schnitzlers Schauspiel, in dem neben feinster
1915 2732 3157 2809 überzeugend gespielt), erweckt doch erst die Begierde,
1555 2779 1680 2836 ern.
380 2779 1566 2835 und minutiösester Schilderung so Vieles nur zart und undeutlich an¬
1917 2784 3149 2851 das beginnende tragische Verhängniß sich entwickeln zu sehen;
370 2816 1571 2873 gedeutet ist, wird uns in seinen Charakteren nur dann recht verständl
1916 2833 3162 2900 man müßte denn die schöne Figur Mardochai's unterdrücken und
375 2855 1565 2934 lich werden, wenn die Hauptfiguren, echt wienerisch, wie nur möglich,
1563 2846 1746 2921 thalter
1909 2872 3063 2945 obendrein die Bibel, Racine und Lope de Vega nicht kennen.
380 2898 1570 2957 gegeben werden. Dazu gehört freilich mehr als die vollendete Beherr¬
1566 2884 1824 2956 Morgen¬
1999 2904 3171 2981 Dagegen ist die Christine in Schnitzler's kleiner Tragödie!
384 2932 1560 2993 schung des Dialects, es gehört vor Allem intimste Kenntniß des Wiener¬
1554 2940 1834 3002 ner Zeitung“)
1914 2943 3167 3023 ein ganzes Menschenschicksal voll tragischer Naturnothwendigkeit,
383 2967 1573 3029 thums mit seinen einschmeichelnden Vorzügen und liebenswürdigen
1553 2969 1822 3033 stliche Leben
1904 3005 3157 3069 ein Schicksal, das sich restlos erfüllt und eine starke Aufrüttelung
381 3005 1836 3091 Schwächen dazu. Daß dieses völlige Aufgehen in der Rolle wenigstens glittheilungen
1910 3044 3167 3118 des Mitempfindens der Zuschauer erzwingt und auslöst. Frau
374 3043 1582 3123 bei den meisten möglich war, verlieh der Aufführung ihren Reiz und
374 3077 1582 3142 ihren Erfolg. Von den Darstellern nennen wir gern Frl. Brandt
1915 3093 3157 3159 Sorma legte hier weit mehr als früher den Nachoruck auf die
386 3122 1590 3184 als „Christine“ die das überweich gezeichnete Wiener Mädel im ersten
1909 3137 3148 3204 psychopathische Seite in dem Temperament (Charakter wäre viel
387 3163 1587 3223 Act vielleicht etwas weniger schwermüthig hätte geben können, aber
1910 3179 3148 3239 zu viel gesagt des krankhaft schwermüthigen, armen Mädchens,
379 3193 1590 3255 namentlich im letzten Aufzug in ihrem Schmerze und ihrer Verzweif¬
1910 3212 3142 3289 dessen schwerfließendes Blut bei jeder Erregung ins Stocken zu
375 3238 1592 3306 lung ihr ganzes Können wieder auf voller Höhe zeigte. Frl. Petro¬
1912 3261 3143 3325 gerathen droht und im Krampf des höchsten Schmerzes sich einem
367 3276 1582 3353 swits spielte als „Mizi“ den feschen und flotten Typus des Wie¬
1915 3317 3136 3374 schweren Nervenanfall nur durch die kopflose Flucht in das Grab
377 3314 1587 3378 ner Mädels lustig mit großer Lebenstreue, auch der Leichtsinn war
381 3349 1588 3410 vorzüglich charakterisirt. Diese Art Rollen scheint Frl. Petrowits vor¬
1933 3350 3193 3427 entzieht. Hier wird die reine Quelle des elischen Leidens durch
368 3384 1597 3470 trefflich zu liegen. Die „Katharine Binder“ der Frau Schmidt war
1936 3405 3164 3472 das crasse Hineintragen eines constitutionellen Leidens na
377 3431 1605 3489 in Sprache und Geste recht natürlich, doch möchten wir der Künstlerin
1931 3455 3169 3516 meinem Empfinden getrüot. Einen ganz lückenlos durchgeführte
380 3459 1591 3530 bemerken, daß sie für unsere Bühnenakustik, besonders wenn sie rück¬
1934 3515 3155 3570 Contrast zu dieser tragischen Lebensschwere gab Frl. Merito
380 3503 1599 3566 wärts steht, mitunter zu leise spricht. Dasselbe gilt auch von Herrn
1934 3547 3166 3603 ihrer leichtfertigen Schlager=Mizi, deren Echtheit im Wien
383 3546 1591 3602 Fleischer, der sonst die wenig dankbare Rolle des „Fritz“, des
375 3571 1590 3638 Jünglings mit guten Manieren und einem wihlgefüllten Beutel, aber
1939 3583 3177 3658 Dialect und in der oberflächlichen genußsüchtigen Gedankenlosigke
379 3621 1593 3694 ohne jeden moralischen Halt, mit guter Manier erledigte. Herr Varn¬
1973 3626 3163 3685 Ihres ganzen Wesens einfach erblüffend woar und die tie
402 3651 1598 3728 #I zeigte in der Rolle des „Theodor“ wieder seine unverkennbare
2023 3667 3174 3720 rkung ihrer berühmten Collegin wesentlich unterstützt
706 3699 1585 3769 :Eutsaltung ssehenswürdigen Humors, natürlicher
2023 3717 3177 3783 hnitzler ist überhaupt sehr geschickt in der Verwerthung de
1093 3737 1588 3811 derr Sußmunn gewann
2024 3758 3182 3826 gens tze. Dem tiefer angelegten nervösen Fritz (mit dem Her
1209 3769 1593 3850 Gestalt des alten
2035 3807 3168 3867 ne noch nicht ganz im Reinen war) stellt er den phleg
2028 3849 3182 3906 tischen Theodor Kaiser (der Herrn Seydelmann vortrefflic
2001 3876 3186 3945 lang), und der engherzigen Strumpfwirkersfrau (Frl. Walter
1929 3928 3181 4005 den bedenklich weitherzigen Musiker Weiring (Herr Thies
1931 3968 2189 4049 gegenüber.
