3344 4256
269 185 850 285 5. Liebelei
952 201 1419 295 box 11/2
427 220 960 308 BAEDEHET
2408 1018 2632 1091 —
1570 1133 3361 1193 Strumpfwirkerin und ihr Töchterlein — wie dilettantisch Aphorismen hin auszuschlachte
718 1127 1258 1221 Käminerspiele
1582 1172 3362 1236 sind all diese Menschen der Handlung aufge=nicht energisch genug bekämpf
328 1047 527 1282 7
532 1199 1418 1293 des Deutschen Theaters.
1578 1215 2654 1287 pfropft! Dabei gehen und kommen die
2674 1232 3359 1284 Per=Barbey d'Aurevilly in der
1589 1244 2818 1311 sonen wie auf einem öffentlichen Platze. Cristinens
392 1249 544 1339 T#7
2803 1272 3362 1347 Franzosen — seine Einfälle über
821 1273 1156 1344 Liebelei.
1583 1304 3344 1363 Zimmer betritt jeder, des es gefällt und den der und unredigiert zum besten
430 1332 1551 1398 Schauspiel in drei Akten von Arthur Schnitzler.
1581 1331 3360 1413 Dichter gerade nötig hat; offenbar besitzen die Herrschaften zu veröffentlichen, das ist die
423 1372 1596 1451 Vielleicht macht sich nach zwanzig oder fünfundzwanzig
1584 1395 3353 1469 sämtlich Korridorschlüssel. Daß der Souperszene Originali= Der z. B. über Stendhal gem
346 1419 1590 1489 Jahren ein ironisch veranlagter Theaterdirektor den Spaß,
1594 1437 3363 1508 tät und Humor völlig mangeln und daß deshalb die unauf= in der Tat auch nichts als ei
345 1460 1592 1539 seinem Publikum all die Stücke vorzuführen, die in der
1588 1480 3360 1547 hörliche Heiterkeit des Fräuleins Mizzi über gar nicht ge= Seiten langen Essay heraus
353 1504 1589 1576 „Blütezeit des realistischen Dramas“ als Meisterwerke ge¬
1585 1531 3346 1588 machte Witze sehr befremdlich anmutet; daß die weltmänni=Barbey d’ Aurevilly, Les 0e
344 1556 1595 1629 golten haben. Wenn einheitliches Kopfschütteln über den
1584 1569 2805 1627 schen Lebensanschauungen des Freundes — bei Schnitzler
2791 1573 3361 1643 Les Romanciers: Stendhal,
339 1590 1594 1658 unerklärlich schlechten Geschmack unseres Zeitalters und all¬
1584 1612 2809 1668 hat der Held immer einen Freund mit Lebensanschauungen
2797 1606 3359 1687 folgende Stelle finden: „F
336 1643 1594 1700 gemeiner Gähnkrampf die Merkmale des durchschlagenden
1638 1653 2803 1709 schon sehr oft von anderer Seite zu Gehör gebracht wor¬
2802 1655 3361 1722 les ambitieux qui fini
348 1693 1592 1750 Erfolges sind, dann wäre dem wagemutigen Witzbold der
1582 1694 3347 1763 den sind; daß schließlich die milde Auffassung des alten jugeant, de ne ponvoir
332 1737 1591 1796 größte Erfolg des Jahrhunderts sicher. Und den Preis trüge
1587 1741 3359 1812 Herrn Weiring über Cristinens Fehltritt nicht aus dem thrope vrai au fond, m
347 1781 1590 1845 unter all den verstaubten Langweilereien wahrscheinlich
1586 1783 2819 1846 Herzen eines Vaters, sondern aus der befleckten Phaniasie
2799 1801 3362 1862 comme on cache une blessu
344 1817 1599 1902 Schnitzlers „Liebelei“ davon. Sie würde als der schrecklichste
1576 1820 2812 1902 eines Mädchenjägers kommt, das alles sei nur noch nebenher
2796 1842 3354 1903 Stendhal fut — ]’oserai le d
346 1867 1083 1936 der Schrecken ausgerufen werden.
1567 1873 2810 1938 bemerkt. Aber es verstärkt die Abneigung gegen das miß¬
2799 1873 3362 1944 choses, quoiqu'il put étre fr
435 1899 1586 1974 Diese Unzulänglichkeit in drei Akten nennt man noch
1572 1919 2805 1975 lungene Stück, das man aus seiner Grabesruhe nicht hätte
2795 1934 3353 1982 Qui, un Tartuffe, entendons
344 1934 1584 2027 heute, wo doch auch hartnäckig Blinden die Augen aufgegangen
1588 1953 1987 2022 aufscheuchen sollen.
2782 1966 3352 2040 II le fut de naturel, d’origin
347 1986 1579 2049 sein müßten, Schnitzlers „liebenswürdigste und feinste“
1652 1993 2799 2064 Fräulein Höflich lieh der Christine von vornherein
2799 2019 3362 2083 sa tartufferie jus’qu'à la sec
340 2031 1591 2104 Arbeit. Ich hätte gegen die Charakteristik nichts einzu¬
1577 2038 2806 2110 einen Jammerton, der auf die Nerven fiel und jeden Lieb¬
2803 2061 3347 2123 par jouer sa comédie aux
347 2081 1587 2149 wenden, wenn sie ganz objektiv Schnitzlers, und nur Schnitz¬
1583 2093 2812 2161 haber sofort abgeschreckt hätte. In Erscheinung und Wesen
2798 2091 3361 2162 les tartuffes, son propre bor
341 2121 1596 2199 lers Stücke untereinander abwöge. Kann ich mir doch denken,
1583 2135 2797 2195 war nichts von dem vielberufenen süßen Wiener Mädel zu
2802 2137 3351 2207 ordinaire et bien merctié de
337 2158 1584 2235 daß einer oder der andere die „Liebelei“ verhältnismäßig
1584 2179 2809 2232 spüren. Ihr Schatz, das Lebeknäblein Fritz, blieb in der
2851 2194 3361 2261 Im ganzen Zusammenhan
333 2208 1588 2279 immer noch höher als den „Schleier der Beatrice“, den „Ruf
1578 2217 2803 2293 Darstellung des Herrn Dumont ein kläglicher dummer
2802 2218 3354 2302 Nuance. Vermutlich sind auch
344 2261 1581 2318 des Lebens“ und dergleichen Schöpfungen stellt. Leider ist
1583 2269 2811 2329 Junge ohne Hirn und Gemüt. Besser faßte, wenigstens im
2796 2276 3358 2338 über Dumas, Humboldt und
345 2292 1573 2353 aber mit der oben erwähnten Kennzeichnung der „Liebelei“
1574 2293 2799 2375 ersten Akt, Herr Eckart den vergnügten, leichtsinnigen
2797 2328 3353 2385 worden. Es wäre nicht uni
333 2350 1588 2405 ein ganz bestimmtes Werturteil, ein Lob allgemeiner Natur
1576 2353 2805 2414 Freund; später kam auch er nicht mehr gegen die Leichen¬
2798 2366 3265 2447 fabrikanten zu erfahren.
329 2392 1588 2452 verbunden; man versucht uns die mißlungene Sache immer
1573 2408 2813 2468 bitterstimmung der anderen auf. Im dritten Akt begnügte
347 2436 1587 2497 noch als Meisterwerk aufzuschwatzen. Dagegen wollen wir
1584 2445 2805 2495 sich, abgesehen von dem trefflichen Herrn Pagay, dem
341 2473 1573 2553 uns schon heute wehren um bei den Nachkommen nicht den
2864 2454 3360 2542 Eine kühne Klettertour fi
1575 2487 2796 2544 Vater Christinens, alles damit, neben Fräulein
343 2521 1278 2581 Eindruck völliger Kritiklosigkeit zu erwecken.
2794 2516 3356 2584 Nachrichten“ beschrieben. Es
1567 2528 2795 2592 Höflich Statisterie zu treiben. Es war diesmal keine Muster¬
432 2563 1582 2622 Bereits in der zweiten Szene des Stückes kennt man
2784 2559 3350 2623 selbst erstklassige Steiger bish
1577 2574 2791 2630 aufführung, wirklich nicht. Aber man kann's den Schau¬
346 2597 1589 2666 seinen Ausgang. Irgendwelche Spannung kommt nicht auf.
2792 2611 3347 2683 kletterung der etwa
1576 2616 2797 2680 spielern kaum übel nehmen. Die ihnen gestellte Aufgabe ver¬
347 2636 1580 2720 Und ebenso wenig irgendwelche Sympathie. Was schert
2778 2658 3359 2721 [des Totenkirchls. Her
1578 2659 2480 2740 lockte nicht zu irgend welchem Höhenfluge.
2615 2667 2769 2737 r. n.
346 2680 1593 2756 uns dieser Lebejüngling, über dessen Geistesgaben und
2773 2703 3361 2763 große Wurf gelungen. Nac
347 2728 1587 2802 Herzensart wir genau so wenig wie seine Christine erfahren?
2790 2733 3352 2804 eine Nekognoszierungskletter
336 2782 1598 2856 Ob der Flachkopf im Duell fällt oder nicht, ist dem Zuschauer
1638 2757 2796 2848 Der neue Roman Sudermanns. Für den ersten Druck seines
2785 2794 3351 2847 gelang ihm in 5½ Stunden d
337 2829 1577 2895 äußerst gleichgültig. Deshalb setzt uns auch die haltlose
1580 2811 2794 2879 neuen Romans in einer hiesigen Zeitung sind dem Dichter an¬
2789 2830 3352 2886 am nächsten Tage. Der Toue
341 2866 1582 2933 Verzweiflung des angeblich süßen Mädels über den Tod
1567 2877 2796 2939 geblich 100 000 Mk. geboten worden. Sudermann hat dieses An¬
2780 2871 3350 2945 Rekognoszierungskle
335 2917 1579 2979 dieses Armseligen in Erstaunen. So wenig Liebenswertes
1574 2912 2792 2977 gebot abgelehnt mit der Begründung, er wolle sein Kind
2793 2916 3355 2975 1907. Ungefähr 20 Meter 1
336 2961 1572 3010 haben wir an ihm entdecken können, daß die wütende Leiden¬
1567 2960 2792 3025 nicht zerstückelt sehen. Wie schade, daß er diesen Grundsatz
2794 2954 3348 3029 couloirs Einstieg in die Felser
336 3006 1580 3071 schaft Christinens fast wie Perversität anmutet. Ein Weib
2783 3006 3352 3061 Fels an 40 Meter empor, I
1569 3006 2786 3060 nicht auch schon früher gehabt hat, sondern ehedem sogar seine
328 3045 1571 3105 von ihrer Gefühlstiefe wirft sich nicht so fort. Liebe ist zwar
1570 3049 2796 3128 Dramen fetzenweise in Wochenschriften hat veröffentlichen lassen!
2779 3040 3352 3113 herabkommenden Wasser streb
339 3087 1583 3147 blind, aber nicht für den Dramatiker. Wir würden Julia
2771 3092 3352 3159 einen kleinen überhängenden
338 3131 1590 3202 auslachen, wenn ihr Romeo ein Idiot wäre. Entweder wir
2775 3137 3360 3214 zu einem 50 Meter langen Be
1623 3134 2781 3194 Barbey d'Aurevilly und Stendhal. Man schreibt uns im An¬
342 3182 1578 3240 lieben mit ihr, oder wir zucken die Achseln über ihre Ver¬
2781 3187 3351 3246 bar exponierte, grasbewache
1572 3187 2793 3254 schluß an unsere Notiz in der Nummer vom 7. September: Unter
342 3220 1585 3291 irrung. Der umständliche und ungeschickte Apparat, den
2782 3226 3352 3294 bricht die Wand überhängend
1571 3233 2796 3296 dem Titel „Aphorismen Barbey d' Aurevillys“ ver¬
330 3254 1581 3317 Schnitzler für sein Stück aufbietet, verstärkt den Widerwillen
2787 3267 3353 3326 Zinkel ab. An sehr schlechte
1576 3277 2805 3338 öffentlicht irgend ein Unbekannter eine Anzahl von Sätzen, inden.
331 3307 1571 3379 noch. Dieser plump in den ersten Akt hineingeworfene fremde
2776 3309 3361 3376 gesetzte und unsichere Stück ü
1565 3331 2786 3375 er dabei die literarische Fälschung begeht, zu behaupten: „Sein
330 3362 1570 3421 Herr, der sich damit begnügt. dem Verführer seiner Frau
1562 3371 2779 3423 Ruhm und seine Stärke waren die Aphorismen, die er aus dem
2791 3361 3342 3421 (20 Meter hoch) verfolgt. N
338 3391 2791 3460 ein Päckchen Liebesbriefe zurückzubringen, und der dann Stegreif dichtete ..“ Bekanntlich ist es heutzutage geradezu eine
2787 3415 3361 3472 auf eine kleine Terrasse (G
337 3442 3353 3543 schweigend durch die Mitte abgeht; die geschwätzige Frau! Seuche, die großen Schriftsteller und Dichter der Weltliteratur auf Kamine in die Höhe. Der li
