3248 4320
979 145 1421 231 box 10/1
452 146 847 222 Liebelei
291 154 995 262 5. LauhmamA
1389 990 1573 1070 Antf.
577 1001 763 1074 „
1804 1021 2655 1091 Gemeindegliedern, werche sirchng, nem##ei in
1123 1034 1804 1109 stande gewidmet. Freilich gehe ich
567 1036 1098 1110 mein Vortrag demselben
1806 1051 3253 1143 selben auch an diesem Tage bis nach der Liturgie, während für! Frühscho
1144 1074 1805 1155 daß die weibliche Jugend ins¬
568 1089 1066 1163 von der Voraussetzung
1811 1190 3251 1253 Deutscher, der Budapester als Ungar, der Prager als der Leiden
868 1207 1509 1305 Wier Dichter.
3008 1233 3224 1293 1 Irdische
2269 1227 2957 1296 hat denn unsere Literatur
2031 1238 2188 1295 Und
1994 1263 2052 1293 G
1804 1250 2014 1314 Tscheche.
3024 1264 3244 1340 nur die
1806 1265 3034 1337 enge Schranken, wie eben eine Stadt sie hat. Ihr fehlt
1417 1262 1795 1352 (Nachdruck verboten.)
1131 1276 1268 1339 Von
3111 1311 3256 1371 hatte
1806 1311 3040 1380 der Zug ins Weite, ins Große; ihr fehlt Sturm und Drang
956 1308 1427 1384 Rudeiph Lothar.
3033 1353 3263 1409 sämmtlich
1799 1359 3051 1417 und Kraft, eben all das, was die Nation im Einzelnen als
640 1357 1806 1436 Der Wiener schimpft gern. Er liebt seine Stadt über
3035 1401 3251 1459 beisammen
1813 1400 3038 1463 ihren Vertreter zur Reife bringt. Dafür hat die Poesie unserer
574 1423 1812 1480 alles und hat immer etwas an ihr auszusetzen. Hat er
3022 1442 3261 1495 und leben
1812 1437 3027 1506 Stadt etwas Heimliches und Liebliches, eine sanfte und schwer¬
576 1455 1805 1521 gerade, was nicht oft vorkommt, literarische Anwandlungen,
3024 1481 3251 1536 schen fran
1808 1464 3043 1554 müthige Passivität, eine verträumte Resignation. Wo das
597 1506 1816 1563 so raisonnirt er über den Niedergang und die Vernachlässigung
3034 1520 3255 1583 ein Verhä
1800 1523 3045 1592 Wienerische zur Kunst wird, spricht es lyrisch. Und so ist
569 1557 1813 1614 der heimischen Dichter. Das sind zwei Erscheinungen, die
3039 1562 3265 1628 belei mit
1805 1577 2787 1634 denn auch Jung=Wien eine lyrische Gesellschaft.
581 1590 1813 1652 Hand in Hand gehen, und von denen die eine sich immer auf
3030 1608 3263 1663 auch das
1856 1595 3031 1673 Die letzte Woche aber kam es uns dramatisch. Im Burg¬
577 1629 1815 1697 die andere stützt. Der Dichter klagt über den Direktor,
3028 1645 3255 1702 Diese Per
1814 1644 3029 1710 theater wie im Deutschen Volkstheater gelangten zwei junge
571 1676 1809 1728 der ihn nicht aufführt, und der Direktor jammert über den
3040 1683 3263 1746 Schnitzler
1816 1696 3044 1765 Wiener Autoren zu Worte. Mit verschiedenem Glück, mit
578 1714 1810 1776 Dichter, der ihm kein brauchbares Stück liefert. Es ist nicht
3035 1724 3262 1804 seinem ne¬
1806 1743 2262 1817 verschiedenem Talent.
571 1745 1812 1812 nothwendig, besagtes Raisonniren, Klagen und Jammern so
3093 1776 3262 1841 Fritz L
1861 1764 3047 1835 Im Burgtheater wurde Arthur Schnitzlers dreiaktiges
571 1786 1822 1871 tragisch zu nehmen, wie es dem Wiener durch seine schwarze
3034 1805 3253 1878 Frau und
1816 1825 3034 1888 Schauspiel „Liebelei“ aufgeführt. Es hatte einen schönen,
579 1842 1012 1917 Hausbrille erscheint.
2840 1872 3046 1922 t seinem
3029 1867 3262 1920 Weiring,
1806 1885 2739 1945 warmen Erfolg. Auch Arthur Schnitzler
633 1880 1808 1937 Aber man muß doch konstatiren, daß es in den letzten
1811 1903 3255 1977 eigentlichen Wesen ein Lyriker. Aber sein lyrisches Empfinden! Liebe wit
574 1923 1812 1992 Jahrzehnten in der Wiener literarischen Welt merkwürdig
1811 1951 3252 2007 nimmt meistens die dramatische Maske vor. Er schreibt Ge¬ aus. D#
579 1971 1807 2034 still geworden ist. Nur Zeitungsblätter rascheln und rauschen,
2372 1988 3262 2044 szenischer Form. Das, was die über den
1802 2001 2394 2053 dichte in Prosa und — in
570 2004 1821 2076 und die kleine Münze des Witzes und der Schnurre läuft
573 2040 3251 2108 eilig den gewohnten Weg. Die großen literarischen Strömun= Bühne verlangt, Bewegung und Kampf. Verschlingung und erwiedert
3032 2077 3262 2136 daß er fü
580 2091 3053 2154 gen der Zeit fließen jenseits unserer Grenzen, und es sind] Entwirrung der Ereignisse, mit einem Wort: die That, ver¬
579 2148 3264 2188 nur dünne Bächlein, die aus Wiener Quellen zu ihnen stoßen. missen wir bei ihm. Ja, ich habe sogar die Empfindung, alswesen als
3033 2159 3263 2214 zu Boden
583 2191 3053 2231 Es wäre eine dankbare Aufgabe für einen Kulturforscher,wäre ihm die That, das heißt die starke Bethätigung des
3041 2203 3254 2261 dem Aug
571 2227 3044 2260 dieser Erscheinung ins Antlitz zu leuchten. Ich glaube, ihr; Willens, etwas Antipathisches, etwas, dem er lieber aus dem
3042 2242 3241 2298 Liebelei
578 2267 3045 2323 wirklicher Grund ist politischer Natur. Die letzten Jahr= Wege geht. Er enlockt seiner Passivität die besten Töne der
3040 2283 3256 2339 Ton des
579 2277 3052 2373 zehnte waren Zeiten nationaler Krystallisation. Nach Poesie. Er läßt sich von Gefühlen und Ereignissen tragen.
3040 2322 3247 2381 die den E
1815 2329 3050 2398 Er kämpft nicht gegen sie. Und im Dramatiker muß
583 2345 1758 2419 den Ungewittern der siebziger Jahre besannen sich
3042 2366 3262 2426 Junggesel
1824 2363 3055 2437 immer ein Kämpfer stecken. Sein Stoffgebiet ist eng. Gleich
571 2363 1819 2438 ganz Europa die Völker auf sich selbst. Die nationale
3038 2412 3254 2472 gutem A
1822 2418 2944 2472 mit seinen ersten dichterischen Versuchen betrat er es. E
579 2402 1821 2474 #dee, diese echte Staatsraison, befruchtete allüberall die
3039 2450 3255 2505 die Plas
1807 2439 3055 2513 ihm treu geblieben bis heute. Nur daß er es, wie ein echter
577 2448 1825 2526 Kultur und gab ihrer Entwickelung Richtung und Siegel. Es
3047 2482 3263 2553 Vordergr
580 2505 3046 2573 ist aber eine alte literarhistorische Thatsache, daß National= Künstler in allen Tiefen und von allen Seiten durchforscht
3085 2539 3149 2584 t e
580 2569 3050 2619 bewußtsein der beste Nährboden für alle Künste ist. Das und erobert hat. Sein Glas ist klein, aber er trinkt aus
575 2578 3260 2659 neue deutsche Reich hat die neue Blüthe deutscher Kunst ge= eigenem Glase. Schnitzler schildert uns immer den jungen, leben. 2
3036 2606 3261 2683 ganze Um
578 2659 3048 2716 zeitigt. In Ungarn, in Böhmen hat sich rasch und stark eine reichen, willenlosen Mann, der das kleine „Mäderl aus der
3036 2658 3263 2715 erlehten,
588 2658 3050 2738 neue, nationale Literatur entwickelt. Und in Wien? Wir] Vorstadt“ liebt, Zu seinem Zeitvertreib und zu ihrem Un¬
3036 2704 3263 2760 gewisse a
581 2701 3044 2775 haben zwar in unserem politischen Leben nationale Kämpfe! glück. Bei Schnitzler geht das Weib am Manne zu Grunde.
3039 2736 3262 2801 getäuscht.
583 2747 3045 2821 und Streitereien genug, aber uns fehlt das eigentliche, die Und der Dichter hat für die Arme nur ein flüchtiges Be¬
587 2790 3262 2865 Theile zusammenfassende nationale Gefühl. Der Wiener ist dauern. Denn Schnitzler gehört zu Denen, die, vielleicht un= wie man
574 2855 3193 2898 Wiener — nichts weiter. Er muß sich sein Oesterreicherthum! bewußt, das Weib verachten, die in ihrer Liebe immer aufzeigt.
579 2867 3264 2977 erst konstruiren. Der Berliner fühlt sich vor allem als das Weib herabschauen. Die Kraft der Liebe, das Flammen Dichter zu
2870 2979 3248 3187 2e
3024 3180 3244 3315 747
