3436 4256
442 149 845 221 Liebelei
273 156 958 266 5. Annnnmnnn
979 144 1415 230 box 11/1
1485 1075 1945 1159 Telephon 12801.
1096 1154 2318 1235 Alex. Weigl’s Unternehmen für Zeitungs-Ausschnitte
1342 1218 2269 1366 „OBSERYER“
2114 1280 2365 1377 Nr. 2
992 1362 2449 1432 I. österr. behordl. oonc. Bureau für Zeitungsberichte u. Personalnachrichten
1271 1421 2189 1494 Wien, I., Concondiaplatz 4.
994 1491 2448 1579 Vertretungen in Berlin, Budapest, Chieago, Genf, London, Newyork, Paris, Rom,
1364 1539 2084 1608 Stockholm, Kristiania, St. Petersburg.
1538 1582 2396 1779 OlI. Bilane
995 1682 1530 1772 Ausschnitt aus:
1000 1812 1204 1902 vom:
1265 1879 1572 1976 5 1402
1239 2112 2209 2185 Am seiden Abend brachte uns auch das Raimund¬
1135 2164 2202 2231 Theater zwei Novitäten. Artur Schnitzlers
1145 2194 2201 2265 „Liebelei“ und „Olgas Spitzbube“ von Beatrice
1142 2243 2199 2297 Dowsky. „Liebelei“ litt darunter, daß viele, trotz der
1142 2280 2204 2351 sorgfältigen Aufführung — an die Uraufführung dieses Stückes
1144 2322 2198 2380 im Burgtheater zurückdachten, wo die markige Gestalt
1146 2377 2206 2423 Mitterwurzers im Mittelpunkt des Erfolges stand. Frau
1156 2399 2202 2468 Niese konnte trotz ihrer Beliebtheit, diesen Ausfall nicht
1158 2433 2191 2498 ausgleichen. Alles Gekünstelte und Anempfundene, das
1163 2469 2205 2532 Schnitzlers Christine ja reichlich anhaftet, liegt dieser Künst¬
1163 2520 2209 2582 lerin, die über echte Komik und echte Empfindungen einer
1151 2561 1999 2647 gesunden Natur verfüct zugs-Bedingungen:
2112 2609 2219 2668 15.—
1141 2622 2093 2710 50 Zeitungsausschnitte (Artikel oder Notizen) Kr.
2113 2626 2449 2722 28.— Inelusire
1024 2627 1131 2712 Für
2254 2671 2415 2726 Porto.
1129 2677 1224 2732 100
2104 2700 2214 2747 50.—
1657 2730 1693 2769 „
1134 2724 1229 2770 200
2083 2716 2426 2787 110.— (Zahlber
1793 2758 1839 2812 „
1124 2767 1243 2812 500
2084 2750 2475 2836 200.— im Voraus.
1111 2796 1244 2860 1000
1148 2801 2484 2897 Im Gegensatze zu anderen Bureaux für Zeitungsausschnitte ist das
1029 2859 2484 2946 Abonnement durch keine bestimmte Zeitdauer begrenzt; — auch steht es den
1038 2903 2365 2971 Abonnenten frei die aufgegebenen Themen zu ergänzen oder zu ändern.
1150 2964 2485 3060 Der „OBSERVER“ veranstaltet täglich einen Auszug enthaltend die
1036 3026 2480 3097 Inhaltsangabe aller wichtigen Mittheilungen der Wiener Morgen¬
1046 3063 2470 3132 blätter (Tagesjournale ausser „Neue Freie Presse“ und Wiener Zeitung")
1038 3093 2486 3173 wodurch eine Uebersicht über das gesammte politische und wirthschaftliche
1040 3127 2501 3204 Leben des In- und Auslandes in drastischer Kürze geboten wird. Diese Mit¬
1034 3194 2074 3249 theilungen werden in Wien um 9 Uhr Früh verschickt.
1384 3282 2151 3367 Prospecte gratis und franco.
