3392 4320
422 157 800 229 Liebelei
261 154 1395 269 5. box 11/5
799 1399 1711 1506 Kleines Feuilleton. 10/0
499 1388 765 1525 9—
590 1473 1451 1566 Frankfurter Cheater.
613 1527 1793 1624 Aus Frankfurt a. M. schreibt man uns unter dem
523 1582 808 1659 18. d. Mts.:
604 1616 1792 1683 b. Die dreiaktige Oper. „Liebelei“ vom Kapellmeister
527 1674 1791 1730 Franz Neumann (Frankfurtf hatte bei ihrer heutigen Ur¬
797 1709 1789 1773 mOpernhause einen vollen Erfolg. In anbe¬
523 1716 738 1773 aufführuf
801 1748 1792 1799 nstundes, daß die Oper das erste größere Werk des
535 1761 653 1813 trackt
807 1791 1791 1839 ## muß man konstatieren, daß sich hier ein großes
540 1800 628 1846 Kom
811 1829 1792 1877 Können offenbart. Es ist keine leichte Aufgabe, das
538 1837 601 1882 kür
815 1873 1782 1922 Schauspiel in Musik zu setzen, ohne ihm durch diese
542 1877 587 1920 S
831 1900 1794 1971 künstlerisch zu schaden. Arthur Schnitzler darf
544 1917 580 1959 P
860 1943 1785 1993 tisten zufrieden sein. Es ist geradezu erstaunlich,
541 1956 577 1999 n
840 2000 1792 2036 cksichtnahme und Feinheit Neumann dem Dichter
534 1997 582 2046 m
826 2024 1789 2067 er den Grundton der tragischen Liebelei in Noten
539 2037 590 2084 ge
802 2056 1793 2136 dußte und so die Einheitlichkeit auch in seiner Oper
534 2070 596 2117 fes
717 2094 1793 2147 Alleenderungen und Kürzungen sind mit Geschick
536 2112 634 2157 wah
531 2133 1787 2195 durchgeführt worden. Das Erfreulichste ist aber wohl, daß Neu¬
530 2178 1796 2233 mann über einen Erfindungsreichtum verfügt, der ihn geradezu
527 2220 1791 2276 zum Opern=Komponisten prädestiniert. Auch in technischer Hin¬
532 2252 1776 2316 sicht zeigt sich Herr Neumann schon als Meister. Die „Liebelei“
539 2296 1786 2347 ist die Oper eines Kapellmeisters, aber keine Kapellmeisteroper,
531 2340 1791 2397 unter der man im allgemeinen eine tüchtige, durchaus korrekte,
1072 2370 1787 2420 st versteht. Wie schwer ist es zum
530 2373 1019 2435 aber nicht befriedigende
529 2404 1791 2456 Beispiel, den flotten Dialog, der ganz Nebensächliches enthält,
534 2440 1788 2510 in einen musikalischen Fluß zu bringen. Um nur gleich den Be¬
525 2481 1790 2537 ginn der ersten Szene anzuführen: „Also es war niemand da? —
538 2520 1794 2578 Nein, gnädiger Herr. — Den Wagen könnten wir eigentlich weg¬
767 2561 1791 2615 Natürlich.“ — Anfangs muteten diese musikalischen
540 2571 737 2620 schicken? —
542 2605 1797 2649 Gespräche etwas eigenartig an, sie geraten auch leicht ins Mono¬
533 2634 1807 2696 tone, weil es geradezu unmöglich ist, stets hierfür Abwechslung
528 2686 1790 2737 zu bringen. Doch das sind Bedenken, die dem Ganzen nicht im
531 2714 1791 2770 mindesten Eintrag tun können. Die lyrischen Partien sind präch¬
530 2756 1791 2812 tig geraten. Ein Melodienreichtum, wie er selten anzutreffen ist,
542 2792 1804 2848 durchzieht alle drei Akte und erinnert lebhaft an Puccini. Zu den
532 2836 1791 2884 schönsten Abschnitten und musikalisch am wertvollsten müssen wir
526 2880 1796 2925 das lustige Abendessen, das Liebesgeständnis Christinens im
527 2901 1798 2971 ersten, den Abschied Fritzens von der Geliebten und den tragischen
541 2957 1792 3002 Schluß rechnen. Dem Orchesterpart hat der Komponist begreif¬
529 2978 1791 3032 licherweise die größte Aufgabe gestellt. Die Instrumentation ist
538 3030 1790 3086 in allen Teilen geschmackvoll und modern, ohne in das Ueber¬
538 3072 1800 3149 moderne zu verfallen. Mit Vorliebe werden Harfenglissandis
823 3189 1487 3314 nt
561 3237 779 3331 A
1815 1332 3057 1414 verwendet, wie überhaupt das Weiche, Sentimentale und Süßz
1823 1387 3074 1453 liche, ganz im Sinne der Dichtung, vorherrscht. Das Vorspiel
1821 1423 3072 1488 zum zweiten und dritten Akt verrät ein bedeutendes Können und
1826 1471 3080 1527 der dramatische Abschluß der Liebelei erhebt sich auch im musikali¬
1822 1506 3071 1566 schen Teil zu imposanter Größe. Alles in allem: ein sehr er¬
1827 1531 3072 1606 freuliches Werk, das sicher seinen Weg über die Bühnen machen
1827 1578 2918 1638 wird. Große Anforderungen werden an die Darsteller
1825 1620 2911 1676 und es ist erfreulich, feststellen zu können, daß die Auf
1825 1660 2981 1714 für die Frankfurter Oper eine glänzende Tat bedeutete. Intent
1857 1702 3081 1757 ensen hatte die Oper mit Geschmack inszeniert und entzückende
1829 1733 3075 1796 Bühnenbilder gestellt, die einen trefflichen Einblick in die gemüt¬
1830 1781 3076 1837 lich anheimelnden Stuben der Wiener Kleinbürger gewährten.
1819 1807 3072 1876 Frl. Sellin entledigte sich der schwierigsten Partie, der
1815 1870 3072 1916 Christine mit Einsetzung ihrer ganzen so sympathischen Künstler¬
1827 1890 3077 1951 schaft. Herr Gentner schuf als Fritz Lobheimer eine prächtige
1832 1930 3079 1987 Leistung. Sein Tenor wurde den hohen Anforderungen, die an
1826 1971 3080 2031 die Stimme gestellt werden, durchaus gerecht. Als lustiger Freund
1832 2004 3072 2065 Theodor überraschte Herr Breitenfeld durch seine Vielseitig¬
1830 2047 3078 2101 k und musikalische Sicherheit. Herr Schneider darf die
1831 2085 3088 2139 R.Ue des Vaters Christinens zu seinen besten zählen. In den
3038 2134 3075 2174 5
2630 2117 2914 2185 Doninger
2472 2127 2599 2182 Frl.
2255 2127 2429 2177 boten
2066 2125 2256 2190 Partien
1821 2133 2055 2192 kleineren
2861 2148 3073 2213 Wellig
2655 2160 2808 2212 Frau
2259 2161 2613 2218 Madel und
2031 2167 2228 2219 Weaner
1822 2176 1992 2229 fesches
1818 2182 3075 2267 als geschwätzig=neugierige Frau Binder — im Orchester „arbei¬
1825 2254 2962 2293 tet“ eine Ratsche, wenn sie spricht — sehr Erfreuliches.
1823 2270 3077 2331 konnte der große Erfolg nicht ausbleiben. Nach den Aktschlüssen
1828 2327 3075 2379 wurden der Komponist, die Darsteller, Intendint und Dirigent
1830 2357 3078 2414 (Rottenberg) vielmals gerufen. Zum Schluß mußte auch Arthur
1833 2403 3079 2452 Schnitzler, den man in einer Loge entdeckt hatte, den Hervorrufen
1823 2439 3072 2494 Folge leisten. Auch Lorbeerkränze wurden dem beliebten Kapell¬
1830 2470 3067 2539 meister und erfolgreichen Komponisten in großer Zahl gespendet.
1826 2506 3072 2586 Mögen sie ein gutes Omen sein für das fernere Schaffen auf
1838 2554 2499 2633 dem Gebiete der modernen Oper.
2174 2651 2732 2719 Leipziger Cheater.
3072 2312 3165 2392 #
