<?xml version="1.0" encoding="UTF-8" standalone="yes"?>
<PcGts xmlns="http://schema.primaresearch.org/PAGE/gts/pagecontent/2013-07-15" xmlns:xsi="http://www.w3.org/2001/XMLSchema-instance" xsi:schemaLocation="http://schema.primaresearch.org/PAGE/gts/pagecontent/2013-07-15 http://schema.primaresearch.org/PAGE/gts/pagecontent/2013-07-15/pagecontent.xsd">
    <Metadata>
        <Creator>prov=University of Rostock/Institute of Mathematics/CITlab/Gundram Leifert/gundram.leifert@uni-rostock.de:name=ONB_Newseye_GT_M1+(htr_id=10810)::::v=2.4.2
prov=University of Rostock/Institute of Mathematics/CITlab/Tobias Gruening/tobias.gruening@uni-rostock.de:name=de.uros.citlab.module.baseline2polygon.B2PSeamMultiOriented:v=2.4.2
prov=University of Rostock/Institute of Mathematics/CITlab/Tobias Gruening/tobias.gruening@uni-rostock.de:name=/mnt/transkribus/LA/DEA/URO/LA_news_onb_att.pb:de.uros.citlab.segmentation.CITlab_LA_ML:v=2.4.2
Transkribus</Creator>
        <Created>2019-10-07T12:04:03.734+02:00</Created>
        <LastChange>2019-10-09T19:46:49.760+02:00</LastChange>
        <TranskribusMetadata docId="223992" pageId="9510022" pageNr="1829" tsid="16685780" status="IN_PROGRESS" userId="40391" imgUrl="https://files.transkribus.eu/Get?id=DQXUOMVLXUSGNMZGGKYXNLZK&amp;fileType=view" xmlUrl="https://files.transkribus.eu/Get?id=BLQHQYGTDPTSXYBSGAKWJIDV" imageId="6198724"/>
    </Metadata>
    <Page imageFilename="223992_1829.jpeg" imageWidth="3344" imageHeight="4224">
        <ReadingOrder>
            <OrderedGroup id="ro_1711446488464" caption="Regions reading order">
                <RegionRefIndexed index="0" regionRef="r1"/>
                <RegionRefIndexed index="1" regionRef="r2"/>
            </OrderedGroup>
        </ReadingOrder>
        <TextRegion orientation="0.0" id="r1" custom="readingOrder {index:0;}">
            <Coords points="354,13 354,164 386,164 386,13"/>
            <TextLine id="r1l1" custom="readingOrder {index:0;}">
                <Coords points="338,133 353,134 362,140 372,131 378,135 400,136 402,83 386,83 384,79 377,76 371,79 365,75 340,74"/>
                <Baseline points="354,113 386,114"/>
                <TextEquiv>
                    <Unicode>te</Unicode>
                </TextEquiv>
            </TextLine>
            <TextEquiv>
                <Unicode>te</Unicode>
            </TextEquiv>
        </TextRegion>
        <TextRegion orientation="0.0" id="r2" custom="readingOrder {index:1;}">
            <Coords points="364,353 364,3997 2869,3997 2869,353"/>
            <TextLine id="r2l1" custom="readingOrder {index:0;}">
                <Coords points="358,372 2535,422 2864,358 358,332"/>
                <Baseline points="373,373 496,374 620,376 744,377 867,378 991,380 1115,382 1238,383 1362,385 1486,387 1610,388 1733,390 1857,392 1981,393 2104,394 2228,396 2352,397 2475,397 2599,398 2723,399 2847,399"/>
                <TextEquiv>
                    <Unicode>Kaulialiaaulaulualuu LEs HommEs De Jock Kiluuuumuuuuauuaaaum.</Unicode>
                </TextEquiv>
            </TextLine>
            <TextLine id="r2l2" custom="readingOrder {index:1;}">
                <Coords points="350,601 402,585 489,624 699,599 724,623 795,591 885,621 882,426 347,428"/>
                <Baseline points="364,603 389,602 414,601 439,601 464,600 490,599 515,599 540,598 565,598 590,597 616,596 641,596 666,596 691,595 716,595 742,595 767,595 792,595 817,595 842,596 868,596"/>
                <TextEquiv>
                    <Unicode>T003</Unicode>
                </TextEquiv>
            </TextLine>
            <TextLine id="r2l3" custom="readingOrder {index:2;}">
                <Coords points="1040,604 2781,649 2817,494 2563,540 2412,491 1041,511"/>
                <Baseline points="1056,595 1143,597 1230,599 1317,601 1404,602 1492,604 1579,605 1666,606 1753,607 1840,608 1928,610 2015,611 2102,612 2189,613 2276,614 2364,615 2451,617 2538,619 2625,620 2712,622 2800,625"/>
                <TextEquiv>
                    <Unicode>LES SPECTACLES</Unicode>
                </TextEquiv>
            </TextLine>
            <TextLine id="r2l4" custom="readingOrder {index:3;}">
                <Coords points="647,692 665,693 678,685 700,683 715,693 734,694 737,626 719,625 696,639 687,629 672,632 669,628 650,627"/>
                <Baseline points="663,670 691,672 720,673"/>
                <TextEquiv>
                    <Unicode>mrenrnen</Unicode>
                </TextEquiv>
            </TextLine>
            <TextLine id="r2l5" custom="readingOrder {index:4;}">
                <Coords points="1224,781 2001,788 2001,736 1967,726 1788,743 1652,723 1519,750 1472,731 1413,755 1383,730 1225,735"/>
                <Baseline points="1241,780 1278,779 1315,779 1352,779 1390,779 1427,779 1464,779 1501,780 1539,780 1576,780 1613,781 1650,782 1688,782 1725,783 1762,783 1799,783 1837,784 1874,784 1911,784 1948,784 1986,784"/>
                <TextEquiv>
                    <Unicode>images, qu'un dialogue; et il a plus</Unicode>
                </TextEquiv>
            </TextLine>
            <TextLine id="r2l6" custom="readingOrder {index:5;}">
                <Coords points="2080,794 2860,812 2860,765 2731,748 2696,775 2635,737 2442,769 2341,739 2081,757"/>
                <Baseline points="2097,788 2134,789 2171,790 2209,791 2246,792 2283,793 2321,794 2358,795 2395,796 2433,797 2470,798 2507,799 2545,799 2582,800 2619,800 2657,800 2694,800 2731,799 2769,798 2806,797 2844,796"/>
                <TextEquiv>
                    <Unicode>velle carrière) en offrant à Marie</Unicode>
                </TextEquiv>
            </TextLine>
            <TextLine id="r2l7" custom="readingOrder {index:6;}">
                <Coords points="1232,824 2014,842 2014,790 1232,784"/>
                <Baseline points="1248,819 1285,820 1323,821 1360,822 1398,823 1436,823 1473,824 1511,824 1548,824 1586,824 1624,824 1661,824 1699,823 1736,823 1774,823 1812,823 1849,823 1887,823 1924,824 1962,824 2000,825"/>
                <TextEquiv>
                    <Unicode>tôt fait de créer une atmosphére. II</Unicode>
                </TextEquiv>
            </TextLine>
            <TextLine id="r2l8" custom="readingOrder {index:7;}">
                <Coords points="2074,827 2708,852 2850,838 2851,798 2074,799"/>
                <Baseline points="2089,826 2126,827 2163,828 2200,829 2238,830 2275,831 2312,832 2350,833 2387,833 2424,834 2462,835 2499,835 2536,835 2573,836 2611,836 2648,836 2685,836 2723,837 2760,837 2797,836 2835,836"/>
                <TextEquiv>
                    <Unicode>Dubas la vedette délaissée par Jo¬</Unicode>
                </TextEquiv>
            </TextLine>
            <TextLine id="r2l9" custom="readingOrder {index:8;}">
                <Coords points="1224,877 1503,861 2013,883 2013,840 1936,828 1224,827"/>
                <Baseline points="1241,860 1278,861 1316,861 1354,862 1392,862 1430,863 1467,863 1505,863 1543,864 1581,864 1619,864 1656,864 1694,864 1732,864 1770,864 1808,863 1845,863 1883,862 1921,862 1959,861 1997,860"/>
                <TextEquiv>
                    <Unicode>a T’avantage du mouvement, de l’air</Unicode>
                </TextEquiv>
            </TextLine>
            <TextLine id="r2l10" custom="readingOrder {index:9;}">
                <Coords points="410,891 623,868 810,894 911,873 964,891 1007,868 1091,891 1089,780 808,798 686,770 600,809 541,767 409,814"/>
                <Baseline points="425,886 457,884 490,881 522,879 555,878 587,876 620,875 652,874 685,874 717,873 750,872 782,872 815,872 847,871 880,871 912,871 945,870 977,870 1010,869 1042,868 1075,867"/>
                <TextEquiv>
                    <Unicode>Nu Chéätre</Unicode>
                </TextEquiv>
            </TextLine>
            <TextLine id="r2l11" custom="readingOrder {index:10;}">
                <Coords points="2088,880 2769,899 2865,879 2866,842 2089,831"/>
                <Baseline points="2105,869 2142,869 2179,870 2216,870 2254,871 2291,872 2328,873 2366,873 2403,874 2440,875 2478,876 2515,876 2552,877 2589,877 2627,878 2664,878 2701,878 2739,878 2776,878 2813,878 2851,877"/>
                <TextEquiv>
                    <Unicode>séphine. Une heure de tour de chant</Unicode>
                </TextEquiv>
            </TextLine>
            <TextLine id="r2l12" custom="readingOrder {index:11;}">
                <Coords points="1226,909 1854,926 2018,899 2018,868 1226,860"/>
                <Baseline points="1243,900 1281,900 1319,901 1357,901 1395,901 1433,902 1471,903 1509,903 1547,903 1585,904 1623,904 1661,904 1699,905 1737,905 1775,904 1813,904 1851,904 1889,903 1927,902 1965,900 2003,899"/>
                <TextEquiv>
                    <Unicode>qui semble circuler, qui circule au¬</Unicode>
                </TextEquiv>
            </TextLine>
            <TextLine id="r2l13" custom="readingOrder {index:12;}">
                <Coords points="2089,921 2860,921 2842,878 2090,875"/>
                <Baseline points="2106,909 2144,909 2183,910 2222,911 2261,911 2300,912 2339,912 2378,913 2417,914 2456,915 2494,916 2533,916 2572,917 2611,918 2650,918 2689,919 2728,919 2767,919 2806,919 2845,919"/>
                <TextEquiv>
                    <Unicode>permet à la trépidante artiste de</Unicode>
                </TextEquiv>
            </TextLine>
            <TextLine id="r2l14" custom="readingOrder {index:13;}">
                <Coords points="1233,961 1333,941 1391,954 1475,940 1493,958 1766,950 1766,922 1729,909 1234,905"/>
                <Baseline points="1248,939 1273,938 1298,938 1323,938 1348,938 1374,938 1399,939 1424,939 1449,939 1474,940 1500,941 1525,942 1550,943 1575,943 1600,944 1626,944 1651,944 1676,944 1701,943 1726,942 1752,941"/>
                <TextEquiv>
                    <Unicode>tour de ses personnages.</Unicode>
                </TextEquiv>
            </TextLine>
            <TextLine id="r2l15" custom="readingOrder {index:14;}">
                <Coords points="2080,950 2863,956 2836,918 2081,925"/>
                <Baseline points="2096,947 2133,947 2171,948 2208,948 2246,949 2283,950 2321,950 2358,951 2396,952 2433,952 2471,953 2509,953 2546,954 2584,954 2621,955 2659,955 2696,955 2734,955 2771,955 2809,954 2847,954"/>
                <TextEquiv>
                    <Unicode>cueillir des lauriers que d’aucuns lui</Unicode>
                </TextEquiv>
            </TextLine>
            <TextLine id="r2l16" custom="readingOrder {index:15;}">
                <Coords points="1258,981 1972,993 2016,984 2016,947 1258,953"/>
                <Baseline points="1272,975 1308,977 1344,977 1381,978 1417,979 1454,980 1490,980 1526,980 1563,980 1599,981 1636,981 1672,981 1708,981 1745,981 1781,981 1818,981 1854,981 1890,982 1927,982 1963,983 2000,983"/>
                <TextEquiv>
                    <Unicode>Mais ceci ne détournera pas les</Unicode>
                </TextEquiv>
            </TextLine>
            <TextLine id="r2l17" custom="readingOrder {index:16;}">
                <Coords points="2086,987 2785,1008 2853,996 2854,959 2086,950"/>
                <Baseline points="2101,984 2137,984 2174,985 2211,986 2248,987 2285,987 2321,988 2358,989 2395,989 2432,990 2469,991 2505,991 2542,991 2579,992 2616,992 2653,992 2689,992 2726,992 2763,992 2800,992 2837,992"/>
                <TextEquiv>
                    <Unicode>refusent. Peut-étre risque-t-elle de</Unicode>
                </TextEquiv>
            </TextLine>
            <TextLine id="r2l18" custom="readingOrder {index:17;}">
                <Coords points="1224,1023 2010,1026 2010,982 1224,980"/>
                <Baseline points="1240,1016 1277,1016 1315,1016 1353,1016 1391,1016 1428,1017 1466,1017 1504,1018 1542,1018 1579,1019 1617,1019 1655,1019 1693,1020 1730,1020 1768,1020 1806,1020 1844,1020 1881,1020 1919,1020 1957,1020 1995,1020"/>
                <TextEquiv>
                    <Unicode>spectateurs d’apporter le légitime</Unicode>
                </TextEquiv>
            </TextLine>
            <TextLine id="r2l19" custom="readingOrder {index:18;}">
                <Coords points="599,1030 624,1040 642,1031 812,1029 871,1039 911,1027 912,981 881,987 804,974 763,986 702,973 599,987"/>
                <Baseline points="614,1020 639,1020 665,1020 690,1020 716,1020 741,1021 767,1021 792,1022 818,1022 843,1022 869,1022 895,1022"/>
                <TextEquiv>
                    <Unicode>A L’ATHENEE</Unicode>
                </TextEquiv>
            </TextLine>
            <TextLine id="r2l20" custom="readingOrder {index:19;}">
                <Coords points="2095,1027 2853,1045 2853,989 2782,1007 2095,993"/>
                <Baseline points="2110,1023 2146,1024 2182,1025 2219,1026 2255,1027 2291,1028 2328,1028 2364,1029 2400,1030 2437,1030 2473,1030 2509,1031 2546,1031 2582,1031 2618,1032 2655,1032 2691,1032 2727,1032 2764,1032 2800,1032 2837,1031"/>
                <TextEquiv>
                    <Unicode>ternir sa popularité lorsqu'elle se</Unicode>
                </TextEquiv>
            </TextLine>
            <TextLine id="r2l21" custom="readingOrder {index:20;}">
                <Coords points="435,1057 457,1057 472,1073 488,1067 509,1077 590,1070 592,1002 545,1004 505,996 492,1008 480,996 437,995"/>
                <Baseline points="450,1053 475,1054 500,1053 525,1052 550,1054 576,1059"/>
                <TextEquiv>
                    <Unicode>09</Unicode>
                </TextEquiv>
            </TextLine>
            <TextLine id="r2l22" custom="readingOrder {index:21;}">
                <Coords points="1240,1066 1911,1086 2010,1059 2010,1025 1240,1023"/>
                <Baseline points="1254,1052 1291,1054 1328,1056 1365,1057 1402,1057 1439,1058 1476,1059 1513,1059 1550,1059 1587,1059 1624,1059 1661,1059 1698,1059 1735,1059 1772,1059 1809,1059 1846,1059 1883,1059 1920,1060 1957,1060 1995,1061"/>
                <TextEquiv>
                    <Unicode>tribut de leur présence au spectacle</Unicode>
                </TextEquiv>
            </TextLine>
            <TextLine id="r2l23" custom="readingOrder {index:22;}">
                <Coords points="2091,1069 2864,1084 2865,1038 2091,1028"/>
                <Baseline points="2107,1064 2144,1064 2181,1065 2218,1065 2255,1065 2292,1065 2329,1066 2366,1066 2403,1067 2440,1067 2477,1068 2514,1068 2551,1069 2588,1069 2625,1070 2662,1070 2699,1071 2736,1071 2773,1072 2810,1072 2848,1073"/>
                <TextEquiv>
                    <Unicode>lance dans le genre dramatique. Son</Unicode>
                </TextEquiv>
            </TextLine>
            <TextLine id="r2l24" custom="readingOrder {index:23;}">
                <Coords points="1279,1103 1375,1104 1399,1123 1449,1111 1464,1124 1514,1112 1606,1126 1690,1105 1691,1071 1279,1057"/>
                <Baseline points="1295,1094 1320,1094 1345,1094 1370,1095 1396,1095 1421,1096 1446,1096 1471,1097 1497,1098 1522,1098 1547,1098 1572,1099 1598,1098 1623,1098 1648,1098 1674,1097"/>
                <TextEquiv>
                    <Unicode>u Vieux-Colombier.</Unicode>
                </TextEquiv>
            </TextLine>
            <TextLine id="r2l25" custom="readingOrder {index:24;}">
                <Coords points="2096,1112 2860,1124 2861,1075 2097,1069"/>
                <Baseline points="2113,1101 2149,1101 2186,1101 2222,1101 2259,1102 2295,1102 2332,1103 2368,1103 2405,1104 2441,1105 2478,1106 2515,1107 2551,1107 2588,1108 2624,1109 2661,1109 2697,1109 2734,1110 2770,1110 2807,1110 2844,1109"/>
                <TextEquiv>
                    <Unicode>tempérament, bien plutôt que celui</Unicode>
                </TextEquiv>
            </TextLine>
            <TextLine id="r2l26" custom="readingOrder {index:25;}">
                <Coords points="389,1130 1131,1149 1131,1065 389,1077"/>
                <Baseline points="404,1115 439,1117 475,1119 510,1120 546,1121 581,1122 617,1123 652,1123 688,1123 723,1123 759,1123 795,1123 830,1123 866,1122 901,1122 937,1121 972,1121 1008,1120 1043,1119 1079,1119 1115,1118"/>
                <TextEquiv>
                    <Unicode>(Prière pour les vivants 9</Unicode>
                </TextEquiv>
            </TextLine>
            <TextLine id="r2l27" custom="readingOrder {index:26;}">
                <Coords points="2093,1145 2864,1145 2864,1124 2734,1107 2094,1111"/>
                <Baseline points="2110,1139 2146,1139 2183,1139 2220,1139 2257,1140 2294,1141 2331,1141 2368,1142 2405,1142 2442,1143 2479,1144 2515,1145 2552,1145 2589,1146 2626,1146 2663,1146 2700,1146 2737,1146 2774,1146 2811,1146 2848,1145"/>
                <TextEquiv>
                    <Unicode>d’une tragédienne lyrique, est d’une</Unicode>
                </TextEquiv>
            </TextLine>
            <TextLine id="r2l28" custom="readingOrder {index:27;}">
                <Coords points="398,1175 1147,1183 1147,1133 398,1135"/>
                <Baseline points="414,1171 449,1172 485,1173 521,1174 557,1175 593,1176 629,1177 665,1177 701,1177 737,1178 773,1178 808,1178 844,1178 880,1178 916,1177 952,1177 988,1177 1024,1177 1060,1177 1096,1177 1132,1177"/>
                <TextEquiv>
                    <Unicode>La surabondance des générales en</Unicode>
                </TextEquiv>
            </TextLine>
            <TextLine id="r2l29" custom="readingOrder {index:28;}">
                <Coords points="2100,1187 2864,1190 2849,1146 2100,1144"/>
                <Baseline points="2115,1177 2151,1177 2188,1178 2224,1179 2261,1179 2298,1180 2334,1181 2371,1182 2408,1182 2444,1183 2481,1184 2518,1184 2554,1184 2591,1185 2628,1185 2664,1185 2701,1185 2738,1185 2774,1185 2811,1184 2848,1183"/>
                <TextEquiv>
                    <Unicode>fantaisiste. Alors, pourquoi préten¬</Unicode>
                </TextEquiv>
            </TextLine>
            <TextLine id="r2l30" custom="readingOrder {index:29;}">
                <Coords points="1425,1213 1762,1216 1802,1229 1821,1226 1822,1177 1772,1160 1735,1175 1720,1159 1630,1158 1593,1176 1476,1145 1426,1151"/>
                <Baseline points="1439,1201 1465,1202 1491,1203 1517,1204 1544,1205 1570,1206 1596,1207 1623,1208 1649,1208 1675,1209 1701,1209 1728,1209 1754,1208 1780,1208 1807,1206"/>
                <TextEquiv>
                    <Unicode>GRANn-Gurcnor</Unicode>
                </TextEquiv>
            </TextLine>
            <TextLine id="r2l31" custom="readingOrder {index:30;}">
                <Coords points="360,1212 496,1234 1000,1209 1149,1230 1149,1190 883,1165 799,1193 360,1172"/>
                <Baseline points="374,1211 412,1213 450,1215 488,1216 526,1217 564,1218 602,1218 640,1218 678,1218 716,1218 754,1218 792,1217 830,1217 868,1216 906,1215 944,1215 982,1215 1020,1215 1058,1214 1096,1215 1134,1215"/>
                <TextEquiv>
                    <Unicode>ces premiers jours d’octobre — et</Unicode>
                </TextEquiv>
            </TextLine>
            <TextLine id="r2l32" custom="readingOrder {index:31;}">
                <Coords points="2091,1222 2865,1227 2865,1190 2092,1185"/>
                <Baseline points="2107,1215 2144,1216 2181,1217 2218,1217 2255,1218 2292,1219 2329,1219 2366,1220 2403,1220 2440,1221 2478,1221 2515,1222 2552,1222 2589,1222 2626,1222 2663,1222 2700,1223 2737,1223 2774,1223 2811,1223 2849,1222"/>
                <TextEquiv>
                    <Unicode>dre rivaliser avec Damia, Germaine</Unicode>
                </TextEquiv>
            </TextLine>
            <TextLine id="r2l33" custom="readingOrder {index:32;}">
                <Coords points="367,1252 1085,1261 1085,1214 367,1221"/>
                <Baseline points="382,1251 416,1253 450,1255 484,1256 519,1257 553,1258 587,1258 622,1258 656,1258 690,1258 725,1258 759,1257 793,1257 827,1257 862,1256 896,1256 930,1255 965,1254 999,1254 1033,1254 1068,1254"/>
                <TextEquiv>
                    <Unicode>aussi l'abondance des matières</Unicode>
                </TextEquiv>
            </TextLine>
            <TextLine id="r2l34" custom="readingOrder {index:33;}">
                <Coords points="2094,1265 2880,1269 2880,1232 2834,1228 2094,1221"/>
                <Baseline points="2108,1254 2145,1255 2183,1256 2221,1257 2259,1258 2296,1258 2334,1259 2372,1259 2410,1260 2447,1260 2485,1260 2523,1261 2561,1261 2598,1261 2636,1262 2674,1262 2712,1263 2749,1263 2787,1264 2825,1265 2863,1266"/>
                <TextEquiv>
                    <Unicode>Lix, ou avec le souvenir vivace de la</Unicode>
                </TextEquiv>
            </TextLine>
            <TextLine id="r2l35" custom="readingOrder {index:34;}">
                <Coords points="350,1315 443,1296 1121,1311 1152,1305 1152,1265 350,1268"/>
                <Baseline points="367,1295 405,1295 444,1294 482,1294 521,1294 559,1294 598,1294 636,1294 675,1295 713,1295 752,1295 790,1295 829,1295 867,1295 906,1295 944,1295 983,1295 1021,1294 1060,1294 1098,1293 1137,1292"/>
                <TextEquiv>
                    <Unicode>nous contraint à passer en revue,</Unicode>
                </TextEquiv>
            </TextLine>
            <TextLine id="r2l36" custom="readingOrder {index:35;}">
                <Coords points="2085,1305 2781,1297 2865,1316 2865,1273 2809,1263 2085,1258"/>
                <Baseline points="2099,1297 2136,1297 2174,1297 2211,1297 2249,1297 2286,1298 2324,1298 2361,1298 2399,1299 2436,1299 2474,1299 2511,1299 2549,1300 2586,1300 2624,1300 2661,1299 2699,1299 2736,1299 2774,1298 2811,1298 2849,1297"/>
                <TextEquiv>
                    <Unicode>poignante Yvonne Georges #. I</Unicode>
                </TextEquiv>
            </TextLine>
            <TextLine id="r2l37" custom="readingOrder {index:36;}">
                <Coords points="1360,1335 1552,1340 1608,1322 1685,1342 1799,1330 1886,1344 1887,1269 1787,1287 1685,1261 1654,1283 1592,1285 1518,1259 1361,1258"/>
                <Baseline points="1375,1314 1401,1315 1427,1316 1453,1316 1479,1316 1505,1317 1531,1317 1557,1317 1583,1318 1609,1318 1636,1318 1662,1318 1688,1318 1714,1319 1740,1319 1766,1319 1792,1319 1818,1320 1844,1320 1871,1320"/>
                <TextEquiv>
                    <Unicode>( Quinze couples „</Unicode>
                </TextEquiv>
            </TextLine>
            <TextLine id="r2l38" custom="readingOrder {index:37;}">
                <Coords points="364,1335 1153,1356 1153,1297 364,1291"/>
                <Baseline points="380,1334 417,1333 455,1333 493,1333 531,1333 569,1333 607,1334 645,1334 683,1334 721,1335 759,1336 796,1336 834,1337 872,1337 910,1337 948,1337 986,1336 1024,1336 1062,1334 1100,1333 1138,1331"/>
                <TextEquiv>
                    <Unicode>avec un pénible laconisme, les pié¬</Unicode>
                </TextEquiv>
            </TextLine>
            <TextLine id="r2l39" custom="readingOrder {index:38;}">
                <Coords points="2090,1336 2879,1343 2879,1316 2765,1299 2090,1311"/>
                <Baseline points="2105,1335 2143,1335 2181,1335 2219,1335 2257,1335 2295,1335 2333,1335 2371,1335 2409,1336 2447,1336 2485,1336 2523,1336 2561,1336 2599,1337 2637,1337 2675,1337 2713,1338 2751,1338 2789,1338 2827,1339 2865,1339"/>
                <TextEquiv>
                    <Unicode>nous parait que Marie Dubas n’est,</Unicode>
                </TextEquiv>
            </TextLine>
            <TextLine id="r2l40" custom="readingOrder {index:39;}">
                <Coords points="366,1374 421,1383 462,1371 496,1384 514,1375 691,1376 691,1346 669,1342 660,1351 629,1336 465,1344 366,1333"/>
                <Baseline points="382,1367 408,1369 435,1370 462,1370 488,1371 515,1371 542,1371 569,1371 595,1371 622,1371 649,1371 676,1371"/>
                <TextEquiv>
                    <Unicode>ces nouvelles.</Unicode>
                </TextEquiv>
            </TextLine>
            <TextLine id="r2l41" custom="readingOrder {index:40;}">
                <Coords points="2084,1379 2823,1393 2873,1374 2851,1337 2712,1355 2084,1333"/>
                <Baseline points="2099,1372 2136,1372 2174,1373 2212,1373 2250,1374 2288,1374 2326,1374 2363,1374 2401,1374 2439,1374 2477,1375 2515,1375 2553,1375 2591,1375 2628,1375 2666,1375 2704,1376 2742,1376 2780,1376 2818,1377 2856,1377"/>
                <TextEquiv>
                    <Unicode>dans son répertoire nouveau, nulle</Unicode>
                </TextEquiv>
            </TextLine>
            <TextLine id="r2l42" custom="readingOrder {index:41;}">
                <Coords points="1264,1380 1954,1384 2012,1406 2013,1351 1945,1316 1868,1343 1264,1328"/>
                <Baseline points="1280,1367 1315,1369 1351,1371 1387,1372 1423,1373 1459,1375 1494,1375 1530,1376 1566,1377 1602,1377 1638,1378 1673,1378 1709,1378 1745,1378 1781,1378 1817,1378 1852,1378 1888,1377 1924,1376 1960,1376 1996,1375"/>
                <TextEquiv>
                    <Unicode>Fini le genre Grand-Guignol. Du</Unicode>
                </TextEquiv>
            </TextLine>
            <TextLine id="r2l43" custom="readingOrder {index:42;}">
                <Coords points="401,1401 828,1428 1159,1402 1159,1371 1125,1352 983,1373 952,1354 401,1370"/>
                <Baseline points="417,1406 453,1407 489,1408 526,1409 562,1410 598,1411 635,1411 671,1412 707,1412 744,1413 780,1413 816,1413 853,1413 889,1413 925,1413 962,1413 998,1413 1034,1412 1071,1411 1107,1410 1144,1410"/>
                <TextEquiv>
                    <Unicode>En premier lieu, une piéce de M.</Unicode>
                </TextEquiv>
            </TextLine>
            <TextLine id="r2l44" custom="readingOrder {index:43;}">
                <Coords points="2093,1431 2613,1412 2873,1432 2873,1376 2093,1382"/>
                <Baseline points="2110,1411 2147,1411 2184,1411 2222,1412 2259,1412 2297,1412 2334,1413 2371,1413 2409,1414 2446,1414 2484,1415 2521,1415 2558,1415 2596,1415 2633,1416 2671,1416 2708,1415 2745,1415 2783,1414 2820,1413 2858,1413"/>
                <TextEquiv>
                    <Unicode>part plus à l’aise, nulle part meil¬</Unicode>
                </TextEquiv>
            </TextLine>
            <TextLine id="r2l45" custom="readingOrder {index:44;}">
                <Coords points="1224,1416 1403,1443 2007,1437 2007,1394 1955,1384 1225,1382"/>
                <Baseline points="1240,1407 1277,1409 1315,1411 1352,1413 1390,1415 1428,1416 1465,1417 1503,1418 1541,1419 1578,1419 1616,1420 1654,1420 1691,1420 1729,1420 1767,1420 1804,1419 1842,1419 1880,1419 1917,1418 1955,1418 1993,1418"/>
                <TextEquiv>
                    <Unicode>moins, fini sur la scène ou il prit son</Unicode>
                </TextEquiv>
            </TextLine>
            <TextLine id="r2l46" custom="readingOrder {index:45;}">
                <Coords points="1238,1460 1269,1460 1281,1467 1291,1458 1309,1455 1315,1461 1331,1458 1343,1468 1359,1462 1390,1462 1390,1425 1359,1428 1347,1418 1328,1421 1307,1414 1291,1414 1282,1420 1239,1420"/>
                <Baseline points="1254,1447 1284,1450 1314,1450 1344,1449 1374,1451"/>
                <TextEquiv>
                    <Unicode>essor.</Unicode>
                </TextEquiv>
            </TextLine>
            <TextLine id="r2l47" custom="readingOrder {index:46;}">
                <Coords points="368,1453 1154,1461 1154,1402 832,1428 783,1406 730,1425 368,1413"/>
                <Baseline points="384,1452 421,1451 459,1451 496,1451 534,1451 572,1451 609,1451 647,1452 685,1452 722,1453 760,1453 798,1453 835,1454 873,1454 911,1453 948,1453 986,1452 1024,1451 1061,1449 1099,1447 1137,1445"/>
                <TextEquiv>
                    <Unicode>Jacques Deval, qui confirme une</Unicode>
                </TextEquiv>
            </TextLine>
            <TextLine id="r2l48" custom="readingOrder {index:47;}">
                <Coords points="2093,1460 2870,1468 2870,1425 2833,1415 2094,1422"/>
                <Baseline points="2110,1449 2147,1450 2184,1450 2221,1451 2259,1451 2296,1451 2333,1452 2370,1452 2408,1452 2445,1452 2482,1452 2519,1452 2557,1452 2594,1453 2631,1453 2668,1453 2706,1454 2743,1454 2780,1455 2817,1455 2855,1456"/>
                <TextEquiv>
                    <Unicode>leure que dans le Caboulot, ou elle</Unicode>
                </TextEquiv>
            </TextLine>
            <TextLine id="r2l49" custom="readingOrder {index:48;}">
                <Coords points="357,1493 1149,1494 1149,1450 1118,1447 357,1447"/>
                <Baseline points="373,1491 411,1490 449,1490 487,1489 525,1489 563,1490 601,1490 639,1490 677,1491 715,1491 753,1492 791,1492 829,1492 867,1492 905,1492 943,1492 981,1490 1019,1489 1057,1487 1095,1485 1133,1482"/>
                <TextEquiv>
                    <Unicode>fois de plus sa réputation d’homme</Unicode>
                </TextEquiv>
            </TextLine>
            <TextLine id="r2l50" custom="readingOrder {index:49;}">
                <Coords points="2093,1490 2798,1510 2863,1499 2864,1456 2094,1459"/>
                <Baseline points="2109,1487 2145,1487 2182,1487 2219,1487 2256,1487 2293,1487 2330,1488 2367,1489 2404,1489 2441,1490 2478,1490 2514,1491 2551,1492 2588,1492 2625,1493 2662,1494 2699,1495 2736,1495 2773,1496 2810,1497 2847,1497"/>
                <TextEquiv>
                    <Unicode>sait exprimer la poésie des vers de</Unicode>
                </TextEquiv>
            </TextLine>
            <TextLine id="r2l51" custom="readingOrder {index:50;}">
                <Coords points="1254,1482 1380,1505 1943,1511 2002,1508 2003,1462 1641,1433 1554,1460 1523,1438 1254,1457"/>
                <Baseline points="1270,1487 1305,1488 1341,1489 1377,1490 1413,1491 1449,1492 1485,1494 1521,1494 1557,1495 1593,1496 1629,1496 1664,1496 1700,1497 1736,1497 1772,1497 1808,1497 1844,1496 1880,1495 1916,1495 1952,1494 1988,1492"/>
                <TextEquiv>
                    <Unicode>Le spectacle de la salle de la rue</Unicode>
                </TextEquiv>
            </TextLine>
            <TextLine id="r2l52" custom="readingOrder {index:51;}">
                <Coords points="2084,1542 2131,1549 2156,1533 2230,1540 2264,1525 2279,1537 2394,1538 2415,1532 2416,1495 2246,1503 2236,1494 2171,1496 2153,1481 2085,1483"/>
                <Baseline points="2100,1523 2125,1525 2150,1525 2175,1525 2200,1526 2225,1526 2250,1526 2275,1526 2300,1526 2325,1526 2350,1526 2375,1526 2400,1527"/>
                <TextEquiv>
                    <Unicode>Francis Carco.</Unicode>
                </TextEquiv>
            </TextLine>
            <TextLine id="r2l53" custom="readingOrder {index:52;}">
                <Coords points="357,1525 1165,1533 1165,1487 1131,1484 357,1491"/>
                <Baseline points="374,1528 412,1527 451,1527 490,1528 529,1528 567,1528 606,1529 645,1529 684,1530 722,1530 761,1530 800,1531 839,1531 877,1531 916,1530 955,1530 994,1529 1032,1528 1071,1526 1110,1525 1149,1522"/>
                <TextEquiv>
                    <Unicode>de théätre et d’observateur. &amp; Amer</Unicode>
                </TextEquiv>
            </TextLine>
            <TextLine id="r2l54" custom="readingOrder {index:53;}">
                <Coords points="1230,1530 1904,1549 2003,1544 2004,1494 1230,1493"/>
                <Baseline points="1245,1528 1282,1529 1319,1529 1356,1530 1393,1531 1430,1531 1467,1532 1504,1532 1541,1533 1578,1533 1616,1534 1653,1534 1690,1535 1727,1535 1764,1535 1801,1535 1838,1535 1875,1535 1912,1535 1949,1534 1987,1534"/>
                <TextEquiv>
                    <Unicode>Chaptal est d’unc formule neuve :</Unicode>
                </TextEquiv>
            </TextLine>
            <TextLine id="r2l55" custom="readingOrder {index:54;}">
                <Coords points="374,1565 1119,1582 1150,1576 1150,1536 373,1537"/>
                <Baseline points="390,1568 427,1567 464,1567 501,1567 539,1567 576,1567 613,1567 650,1568 688,1568 725,1569 762,1569 799,1569 837,1570 874,1570 911,1569 948,1569 986,1568 1023,1567 1060,1566 1097,1564 1135,1561"/>
                <TextEquiv>
                    <Unicode>savoir celui que tire du voyage.. 5</Unicode>
                </TextEquiv>
            </TextLine>
            <TextLine id="r2l56" custom="readingOrder {index:55;}">
                <Coords points="2130,1575 2838,1579 2866,1576 2867,1532 2480,1520 2350,1540 2130,1517"/>
                <Baseline points="2147,1564 2182,1564 2217,1564 2252,1565 2288,1565 2323,1566 2358,1566 2393,1567 2429,1567 2464,1568 2499,1568 2534,1568 2570,1569 2605,1569 2640,1569 2675,1569 2711,1570 2746,1570 2781,1569 2816,1569 2852,1569"/>
                <TextEquiv>
                    <Unicode>Aux Deux-Anes, à la Lune-Rousse,</Unicode>
                </TextEquiv>
            </TextLine>
            <TextLine id="r2l57" custom="readingOrder {index:56;}">
                <Coords points="1239,1573 1954,1585 2016,1577 2017,1518 1905,1539 1240,1533"/>
                <Baseline points="1254,1567 1291,1568 1328,1569 1366,1570 1403,1570 1441,1571 1478,1572 1515,1573 1553,1574 1590,1574 1628,1575 1665,1575 1702,1576 1740,1576 1777,1576 1815,1576 1852,1575 1889,1575 1927,1574 1964,1572 2002,1571"/>
                <TextEquiv>
                    <Unicode>quinze dialogues demandés à des</Unicode>
                </TextEquiv>
            </TextLine>
            <TextLine id="r2l58" custom="readingOrder {index:57;}">
                <Coords points="1021,1596 1037,1594 1040,1597 1046,1596 1049,1592 1067,1589 1063,1562 1017,1569"/>
                <Baseline points="1036,1587 1050,1585"/>
                <TextEquiv>
                    <Unicode>175</Unicode>
                </TextEquiv>
            </TextLine>
            <TextLine id="r2l59" custom="readingOrder {index:58;}">
                <Coords points="352,1617 1141,1616 1141,1576 1098,1570 643,1583 352,1559"/>
                <Baseline points="368,1606 407,1606 447,1606 487,1606 527,1606 567,1606 607,1607 647,1607 687,1607 727,1608 767,1608 807,1608 847,1608 887,1608 927,1607 967,1607 1007,1606 1047,1605 1087,1603 1127,1601"/>
                <TextEquiv>
                    <Unicode>Pauteur de Marie-Galante. Qu'im¬</Unicode>
                </TextEquiv>
            </TextLine>
            <TextLine id="r2l60" custom="readingOrder {index:59;}">
                <Coords points="2096,1608 2873,1623 2873,1564 2681,1583 2097,1568"/>
                <Baseline points="2111,1604 2148,1603 2185,1603 2222,1603 2260,1603 2297,1603 2334,1604 2371,1605 2409,1605 2446,1607 2483,1608 2520,1609 2558,1610 2595,1611 2632,1611 2669,1612 2707,1612 2744,1611 2781,1611 2818,1610 2856,1608"/>
                <TextEquiv>
                    <Unicode>des revues retapées ou nouvelles</Unicode>
                </TextEquiv>
            </TextLine>
            <TextLine id="r2l61" custom="readingOrder {index:60;}">
                <Coords points="1228,1612 1623,1628 1741,1602 1775,1624 1936,1625 2007,1610 2008,1576 1228,1584"/>
                <Baseline points="1242,1607 1279,1607 1317,1608 1354,1608 1392,1609 1429,1610 1467,1611 1504,1612 1542,1613 1579,1614 1617,1615 1654,1615 1692,1616 1729,1617 1767,1617 1804,1616 1842,1616 1879,1615 1917,1613 1954,1611 1992,1609"/>
                <TextEquiv>
                    <Unicode>auteurs différents. Au fond, une</Unicode>
                </TextEquiv>
            </TextLine>
            <TextLine id="r2l62" custom="readingOrder {index:61;}">
                <Coords points="365,1654 1073,1661 1153,1639 1153,1602 364,1607"/>
                <Baseline points="380,1646 417,1645 455,1645 493,1645 531,1645 569,1645 607,1645 644,1645 682,1645 720,1646 758,1646 796,1646 834,1646 872,1646 909,1646 947,1646 985,1645 1023,1644 1061,1642 1099,1641 1137,1639"/>
                <TextEquiv>
                    <Unicode>porte qu'il ait adopté, pour cons¬</Unicode>
                </TextEquiv>
            </TextLine>
            <TextLine id="r2l63" custom="readingOrder {index:62;}">
                <Coords points="2095,1651 2869,1649 2869,1602 2665,1624 2563,1601 2464,1622 2096,1611"/>
                <Baseline points="2110,1641 2147,1641 2184,1642 2221,1642 2258,1642 2295,1643 2332,1644 2369,1645 2406,1646 2443,1647 2481,1648 2518,1649 2555,1650 2592,1650 2629,1651 2666,1651 2703,1650 2740,1650 2777,1648 2814,1647 2852,1645"/>
                <TextEquiv>
                    <Unicode>tiennent l’affiche, mais le tour de</Unicode>
                </TextEquiv>
            </TextLine>
            <TextLine id="r2l64" custom="readingOrder {index:63;}">
                <Coords points="1228,1656 1979,1668 2010,1662 2011,1612 1228,1612"/>
                <Baseline points="1244,1645 1281,1645 1319,1646 1356,1647 1394,1648 1431,1648 1469,1649 1506,1650 1544,1651 1581,1651 1619,1652 1656,1652 1694,1653 1731,1653 1769,1653 1806,1653 1844,1652 1881,1651 1919,1650 1956,1650 1994,1648"/>
                <TextEquiv>
                    <Unicode>manière de revue dont les sketches</Unicode>
                </TextEquiv>
            </TextLine>
            <TextLine id="r2l65" custom="readingOrder {index:64;}">
                <Coords points="359,1695 1157,1699 1157,1638 359,1642"/>
                <Baseline points="374,1682 412,1682 450,1682 489,1682 527,1682 566,1682 604,1682 643,1682 681,1682 720,1682 758,1682 796,1682 835,1682 873,1682 912,1682 950,1682 989,1682 1027,1681 1066,1681 1104,1680 1143,1679"/>
                <TextEquiv>
                    <Unicode>truire sa Prière pour les vivants le</Unicode>
                </TextEquiv>
            </TextLine>
            <TextLine id="r2l66" custom="readingOrder {index:65;}">
                <Coords points="2087,1681 2544,1702 2600,1684 2683,1706 2721,1685 2866,1690 2867,1650 2313,1662 2087,1637"/>
                <Baseline points="2101,1682 2138,1682 2176,1682 2213,1682 2251,1682 2288,1683 2326,1683 2363,1684 2401,1685 2438,1685 2476,1686 2513,1687 2551,1688 2588,1688 2626,1689 2663,1689 2701,1689 2738,1689 2776,1689 2813,1688 2851,1688"/>
                <TextEquiv>
                    <Unicode>chant des chansonniers y est d’une</Unicode>
                </TextEquiv>
            </TextLine>
            <TextLine id="r2l67" custom="readingOrder {index:66;}">
                <Coords points="1235,1693 2008,1711 2009,1652 1235,1650"/>
                <Baseline points="1250,1681 1287,1684 1324,1685 1361,1687 1398,1689 1436,1690 1473,1691 1510,1692 1547,1693 1584,1693 1622,1694 1659,1694 1696,1694 1733,1694 1770,1694 1808,1693 1845,1693 1882,1693 1919,1692 1956,1691 1994,1691"/>
                <TextEquiv>
                    <Unicode>ne visent pas qu’à provoquer le rire,</Unicode>
                </TextEquiv>
            </TextLine>
            <TextLine id="r2l68" custom="readingOrder {index:67;}">
                <Coords points="369,1726 1152,1735 1152,1698 1071,1682 369,1683"/>
                <Baseline points="384,1720 421,1721 459,1721 496,1721 534,1721 571,1721 609,1721 646,1722 684,1722 721,1722 759,1722 797,1722 834,1722 872,1722 909,1722 947,1722 984,1721 1022,1721 1059,1720 1097,1720 1135,1719"/>
                <TextEquiv>
                    <Unicode>découpage d’une image d’Epinal:</Unicode>
                </TextEquiv>
            </TextLine>
            <TextLine id="r2l69" custom="readingOrder {index:68;}">
                <Coords points="2093,1726 2841,1735 2872,1729 2873,1674 2687,1702 2093,1686"/>
                <Baseline points="2109,1722 2146,1721 2183,1720 2221,1720 2258,1720 2296,1721 2333,1721 2370,1722 2408,1723 2445,1724 2483,1725 2520,1726 2557,1727 2595,1727 2632,1728 2670,1728 2707,1728 2744,1727 2782,1727 2819,1726 2857,1724"/>
                <TextEquiv>
                    <Unicode>qualité supérieure au talent des re¬</Unicode>
                </TextEquiv>
            </TextLine>
            <TextLine id="r2l70" custom="readingOrder {index:69;}">
                <Coords points="1243,1732 2008,1729 2008,1692 1977,1676 1927,1698 1244,1698"/>
                <Baseline points="1258,1723 1294,1724 1331,1725 1368,1727 1404,1728 1441,1729 1478,1730 1514,1731 1551,1732 1588,1732 1625,1733 1661,1733 1698,1733 1735,1733 1771,1733 1808,1733 1845,1732 1881,1732 1918,1731 1955,1730 1992,1728"/>
                <TextEquiv>
                    <Unicode>mais tendent à nous donner une</Unicode>
                </TextEquiv>
            </TextLine>
            <TextLine id="r2l71" custom="readingOrder {index:70;}">
                <Coords points="360,1767 1149,1775 1131,1722 360,1724"/>
                <Baseline points="377,1759 414,1759 452,1759 490,1759 528,1759 566,1760 604,1760 642,1760 680,1760 718,1760 756,1760 793,1759 831,1759 869,1759 907,1758 945,1758 983,1757 1021,1756 1059,1756 1097,1754 1135,1753"/>
                <TextEquiv>
                    <Unicode>elle vaut pour les grandes person¬</Unicode>
                </TextEquiv>
            </TextLine>
            <TextLine id="r2l72" custom="readingOrder {index:71;}">
                <Coords points="2099,1763 2745,1783 2869,1763 2870,1729 2099,1723"/>
                <Baseline points="2115,1758 2152,1758 2189,1758 2226,1758 2263,1758 2300,1759 2337,1760 2374,1760 2411,1761 2448,1761 2485,1762 2522,1762 2559,1763 2596,1763 2633,1764 2670,1764 2707,1764 2744,1765 2781,1765 2818,1765 2855,1764"/>
                <TextEquiv>
                    <Unicode>vuistes. Et, à l’Européen, Gilles et</Unicode>
                </TextEquiv>
            </TextLine>
            <TextLine id="r2l73" custom="readingOrder {index:72;}">
                <Coords points="1232,1782 2012,1774 2012,1725 1972,1721 1233,1729"/>
                <Baseline points="1249,1761 1286,1762 1323,1763 1361,1764 1398,1765 1435,1766 1473,1768 1510,1769 1547,1770 1585,1770 1622,1771 1659,1772 1697,1772 1734,1772 1771,1772 1809,1772 1846,1771 1883,1770 1921,1769 1958,1767 1996,1765"/>
                <TextEquiv>
                    <Unicode>vision de g l'ample comédie aux</Unicode>
                </TextEquiv>
            </TextLine>
            <TextLine id="r2l74" custom="readingOrder {index:73;}">
                <Coords points="367,1801 1159,1809 1159,1753 367,1758"/>
                <Baseline points="381,1796 419,1797 457,1798 495,1798 533,1799 571,1799 609,1799 648,1799 686,1799 724,1798 762,1798 800,1798 838,1797 876,1797 915,1796 953,1796 991,1795 1029,1795 1067,1794 1105,1794 1144,1793"/>
                <TextEquiv>
                    <Unicode>nes, cette image au dessin äpre et</Unicode>
                </TextEquiv>
            </TextLine>
            <TextLine id="r2l75" custom="readingOrder {index:74;}">
                <Coords points="2091,1804 2496,1815 2527,1794 2852,1828 2873,1822 2874,1763 2091,1767"/>
                <Baseline points="2105,1798 2142,1798 2180,1798 2217,1798 2255,1798 2293,1799 2330,1799 2368,1799 2405,1800 2443,1800 2481,1800 2518,1801 2556,1801 2593,1802 2631,1802 2669,1803 2706,1803 2744,1804 2781,1804 2819,1805 2857,1806"/>
                <TextEquiv>
                    <Unicode>Julien achévent de continuer leur</Unicode>
                </TextEquiv>
            </TextLine>
            <TextLine id="r2l76" custom="readingOrder {index:75;}">
                <Coords points="1241,1813 1977,1821 2018,1806 2018,1753 1780,1785 1241,1773"/>
                <Baseline points="1257,1802 1294,1802 1331,1803 1368,1804 1406,1805 1443,1806 1480,1807 1517,1808 1555,1809 1592,1810 1629,1811 1666,1811 1704,1811 1741,1812 1778,1812 1815,1811 1853,1811 1890,1810 1927,1809 1964,1807 2002,1806"/>
                <TextEquiv>
                    <Unicode>cent actes divers ) que se jouent</Unicode>
                </TextEquiv>
            </TextLine>
            <TextLine id="r2l77" custom="readingOrder {index:76;}">
                <Coords points="361,1855 1045,1850 1045,1788 943,1782 900,1810 361,1812"/>
                <Baseline points="377,1836 409,1836 442,1836 474,1837 507,1837 540,1837 572,1837 605,1836 638,1836 670,1836 703,1836 736,1836 768,1836 801,1836 834,1835 866,1835 899,1835 932,1835 964,1835 997,1835 1030,1835"/>
                <TextEquiv>
                    <Unicode>à la substance, hélas! si vraie.</Unicode>
                </TextEquiv>
            </TextLine>
            <TextLine id="r2l78" custom="readingOrder {index:77;}">
                <Coords points="2093,1849 2873,1861 2873,1815 2818,1808 2616,1818 2447,1785 2094,1802"/>
                <Baseline points="2109,1838 2146,1837 2183,1837 2221,1836 2258,1836 2295,1836 2333,1836 2370,1837 2407,1837 2445,1838 2482,1839 2519,1839 2557,1840 2594,1841 2631,1842 2669,1843 2706,1843 2743,1843 2781,1844 2818,1844 2856,1843"/>
                <TextEquiv>
                    <Unicode>ascension méritée vers la grande</Unicode>
                </TextEquiv>
            </TextLine>
            <TextLine id="r2l79" custom="readingOrder {index:78;}">
                <Coords points="1236,1846 1700,1875 2019,1858 2019,1808 1985,1805 1843,1827 1670,1803 1236,1809"/>
                <Baseline points="1251,1841 1288,1841 1326,1841 1363,1842 1401,1843 1438,1844 1476,1844 1513,1845 1551,1845 1588,1846 1626,1847 1664,1848 1701,1848 1739,1849 1776,1849 1814,1850 1851,1850 1889,1850 1926,1850 1964,1850 2002,1849"/>
                <TextEquiv>
                    <Unicode>depuis toujours les hommes., et les</Unicode>
                </TextEquiv>
            </TextLine>
            <TextLine id="r2l80" custom="readingOrder {index:79;}">
                <Coords points="394,1875 1152,1890 1152,1831 1130,1825 1019,1853 394,1841"/>
                <Baseline points="408,1874 444,1874 480,1874 517,1873 553,1873 590,1873 626,1873 663,1873 699,1873 736,1873 772,1873 808,1873 845,1874 881,1874 918,1874 954,1874 991,1873 1027,1873 1064,1873 1100,1873 1137,1872"/>
                <TextEquiv>
                    <Unicode>Le sujet? C’est toute la vie d'un</Unicode>
                </TextEquiv>
            </TextLine>
            <TextLine id="r2l81" custom="readingOrder {index:80;}">
                <Coords points="2090,1890 2873,1890 2854,1846 2090,1844"/>
                <Baseline points="2106,1877 2143,1876 2181,1875 2218,1875 2256,1874 2293,1874 2331,1874 2368,1874 2406,1875 2443,1875 2481,1876 2518,1876 2556,1877 2593,1878 2631,1878 2668,1879 2706,1879 2743,1879 2781,1879 2818,1879 2856,1879"/>
                <TextEquiv>
                    <Unicode>notoriété: ce n’est pas en vain qu’on</Unicode>
                </TextEquiv>
            </TextLine>
            <TextLine id="r2l82" custom="readingOrder {index:81;}">
                <Coords points="1230,1904 1255,1901 1264,1891 1282,1901 1301,1888 1326,1901 1350,1889 1431,1892 1431,1858 1409,1858 1388,1843 1363,1855 1345,1848 1295,1854 1267,1842 1230,1842"/>
                <Baseline points="1244,1881 1272,1881 1301,1881 1330,1881 1358,1882 1387,1882 1416,1881"/>
                <TextEquiv>
                    <Unicode>femmes.</Unicode>
                </TextEquiv>
            </TextLine>
            <TextLine id="r2l83" custom="readingOrder {index:82;}">
                <Coords points="366,1922 1149,1925 1149,1873 367,1860"/>
                <Baseline points="383,1913 420,1913 458,1912 495,1912 533,1912 571,1912 608,1912 646,1912 683,1912 721,1912 759,1913 796,1913 834,1913 871,1913 909,1913 947,1914 984,1913 1022,1913 1059,1913 1097,1912 1135,1911"/>
                <TextEquiv>
                    <Unicode>bourgeois moyen. 1873-1933. Avec</Unicode>
                </TextEquiv>
            </TextLine>
            <TextLine id="r2l84" custom="readingOrder {index:83;}">
                <Coords points="2100,1924 2817,1930 2879,1918 2880,1881 2496,1893 2255,1863 2100,1884"/>
                <Baseline points="2115,1918 2152,1914 2189,1912 2227,1911 2264,1910 2302,1910 2339,1910 2376,1910 2414,1911 2451,1911 2489,1913 2526,1914 2563,1915 2601,1916 2638,1917 2676,1917 2713,1917 2750,1917 2788,1917 2825,1916 2863,1914"/>
                <TextEquiv>
                    <Unicode>apporte à distraire le public l’expé¬</Unicode>
                </TextEquiv>
            </TextLine>
            <TextLine id="r2l85" custom="readingOrder {index:84;}">
                <Coords points="1257,1922 2012,1945 2012,1896 1842,1867 1257,1895"/>
                <Baseline points="1274,1919 1310,1921 1346,1922 1382,1923 1418,1924 1455,1925 1491,1925 1527,1926 1563,1926 1599,1926 1636,1927 1672,1927 1708,1927 1744,1927 1780,1927 1817,1926 1853,1926 1889,1926 1925,1925 1961,1925 1998,1925"/>
                <TextEquiv>
                    <Unicode>A détacher: la scène due à Paul</Unicode>
                </TextEquiv>
            </TextLine>
            <TextLine id="r2l86" custom="readingOrder {index:85;}">
                <Coords points="354,1950 1103,1963 1155,1950 1155,1913 354,1919"/>
                <Baseline points="370,1956 408,1955 447,1954 485,1953 524,1953 562,1952 601,1952 639,1952 678,1952 716,1952 755,1952 793,1952 832,1952 870,1952 909,1952 947,1951 986,1951 1024,1950 1063,1949 1101,1949 1140,1947"/>
                <TextEquiv>
                    <Unicode>tout ce qui peut constituer &amp; l’idéels</Unicode>
                </TextEquiv>
            </TextLine>
            <TextLine id="r2l87" custom="readingOrder {index:86;}">
                <Coords points="2111,1965 2801,1979 2885,1964 2885,1918 2111,1921"/>
                <Baseline points="2126,1955 2163,1955 2200,1955 2237,1955 2274,1955 2311,1955 2348,1955 2386,1955 2423,1956 2460,1956 2497,1956 2534,1957 2571,1957 2608,1957 2646,1958 2683,1958 2720,1959 2757,1959 2794,1959 2831,1959 2869,1960"/>
                <TextEquiv>
                    <Unicode>rience et l. Julture d’authentiques</Unicode>
                </TextEquiv>
            </TextLine>
            <TextLine id="r2l88" custom="readingOrder {index:87;}">
                <Coords points="1232,1970 2012,1980 2012,1937 1910,1926 1233,1921"/>
                <Baseline points="1247,1958 1284,1958 1321,1959 1359,1959 1396,1960 1434,1961 1471,1962 1508,1963 1546,1963 1583,1964 1621,1965 1658,1965 1695,1966 1733,1966 1770,1967 1808,1967 1845,1967 1882,1966 1920,1966 1957,1965 1995,1964"/>
                <TextEquiv>
                    <Unicode>Achard, les trouvailles de Jean Bas¬</Unicode>
                </TextEquiv>
            </TextLine>
            <TextLine id="r2l89" custom="readingOrder {index:88;}">
                <Coords points="367,1997 1107,2001 1156,1988 1156,1951 367,1960"/>
                <Baseline points="382,1994 419,1993 457,1992 495,1991 533,1990 571,1990 609,1989 647,1989 685,1989 723,1989 761,1988 798,1988 836,1988 874,1988 912,1987 950,1987 988,1986 1026,1985 1064,1985 1102,1983 1140,1982"/>
                <TextEquiv>
                    <Unicode>d’un bourgeois: argent, considéra¬</Unicode>
                </TextEquiv>
            </TextLine>
            <TextLine id="r2l90" custom="readingOrder {index:89;}">
                <Coords points="2110,2002 2162,1999 2181,2011 2218,2018 2237,2011 2246,2021 2271,2021 2314,2002 2357,1999 2357,1956 2255,1962 2237,1953 2227,1962 2110,1965"/>
                <Baseline points="2125,1991 2152,1992 2179,1992 2206,1992 2234,1991 2261,1990 2288,1990 2315,1992 2343,1995"/>
                <TextEquiv>
                    <Unicode>comédiens.</Unicode>
                </TextEquiv>
            </TextLine>
            <TextLine id="r2l91" custom="readingOrder {index:90;}">
                <Coords points="1228,1996 1974,2014 2017,1993 2018,1965 1229,1965"/>
                <Baseline points="1243,1994 1282,1996 1322,1997 1362,1998 1402,2000 1442,2001 1482,2002 1522,2002 1562,2003 1602,2004 1642,2004 1682,2004 1722,2004 1762,2004 1802,2004 1842,2003 1882,2002 1922,2002 1962,2001 2002,2000"/>
                <TextEquiv>
                    <Unicode>tia, la scène pathétique due à Mme</Unicode>
                </TextEquiv>
            </TextLine>
            <TextLine id="r2l92" custom="readingOrder {index:91;}">
                <Coords points="366,2028 481,2055 574,2033 1146,2036 1124,1993 366,1997"/>
                <Baseline points="382,2033 419,2032 456,2030 494,2029 531,2028 569,2028 606,2028 644,2028 681,2028 719,2028 756,2028 793,2029 831,2029 868,2029 906,2029 943,2029 981,2029 1018,2028 1056,2026 1093,2025 1131,2023"/>
                <TextEquiv>
                    <Unicode>tion, en surface; au fond: cupi¬</Unicode>
                </TextEquiv>
            </TextLine>
            <TextLine id="r2l93" custom="readingOrder {index:92;}">
                <Coords points="2432,2035 2478,2048 2559,2033 2583,2049 2784,2048 2818,2033 2846,2040 2847,2000 2819,1990 2788,2002 2760,1986 2701,2001 2637,1981 2615,1994 2593,1975 2556,1993 2432,1988"/>
                <Baseline points="2446,2027 2471,2028 2497,2028 2523,2029 2548,2029 2574,2029 2600,2030 2626,2030 2651,2030 2677,2031 2703,2031 2729,2031 2754,2031 2780,2032 2806,2032 2832,2032"/>
                <TextEquiv>
                    <Unicode>GUY DORNAND.</Unicode>
                </TextEquiv>
            </TextLine>
            <TextLine id="r2l94" custom="readingOrder {index:93;}">
                <Coords points="1237,2045 1988,2061 2010,2058 2011,2006 1237,1999"/>
                <Baseline points="1252,2032 1289,2033 1326,2035 1363,2036 1400,2037 1438,2038 1475,2039 1512,2040 1549,2040 1586,2041 1624,2042 1661,2042 1698,2043 1735,2043 1772,2043 1810,2043 1847,2043 1884,2043 1921,2042 1958,2041 1996,2041"/>
                <TextEquiv>
                    <Unicode>Henriette Charasson, qu’inspire un</Unicode>
                </TextEquiv>
            </TextLine>
            <TextLine id="r2l95" custom="readingOrder {index:94;}">
                <Coords points="362,2088 418,2091 464,2069 711,2076 736,2070 736,2035 581,2037 569,2025 547,2037 501,2028 473,2044 361,2026"/>
                <Baseline points="377,2065 403,2067 430,2068 456,2068 483,2069 509,2069 536,2068 562,2068 589,2067 615,2067 642,2066 668,2065 695,2065 722,2064"/>
                <TextEquiv>
                    <Unicode>dité, sensualité.</Unicode>
                </TextEquiv>
            </TextLine>
            <TextLine id="r2l96" custom="readingOrder {index:95;}">
                <Coords points="1228,2077 1973,2100 2023,2094 2023,2023 1943,2048 1689,2027 1228,2046"/>
                <Baseline points="1244,2073 1282,2074 1320,2074 1358,2074 1396,2075 1435,2075 1473,2076 1511,2076 1549,2076 1587,2077 1626,2077 1664,2077 1702,2077 1740,2078 1778,2078 1817,2078 1855,2078 1893,2078 1931,2078 1969,2077 2008,2077"/>
                <TextEquiv>
                    <Unicode>couple de modernes Philémon et</Unicode>
                </TextEquiv>
            </TextLine>
            <TextLine id="r2l97" custom="readingOrder {index:96;}">
                <Coords points="402,2113 1148,2119 1147,2057 980,2080 770,2060 402,2079"/>
                <Baseline points="416,2106 451,2106 487,2105 523,2105 559,2105 595,2104 630,2104 666,2104 702,2104 738,2104 774,2104 809,2104 845,2103 881,2103 917,2103 953,2102 988,2102 1024,2101 1060,2100 1096,2099 1132,2098"/>
                <TextEquiv>
                    <Unicode>Allons! Ily adu bon: les e jeu¬</Unicode>
                </TextEquiv>
            </TextLine>
            <TextLine id="r2l98" custom="readingOrder {index:97;}">
                <Coords points="1231,2123 1252,2123 1262,2133 1302,2118 1382,2125 1401,2112 1416,2113 1417,2085 1386,2091 1380,2084 1343,2078 1231,2077"/>
                <Baseline points="1245,2113 1271,2112 1297,2112 1323,2113 1349,2113 1375,2114 1401,2113"/>
                <TextEquiv>
                    <Unicode>Baucis.</Unicode>
                </TextEquiv>
            </TextLine>
            <TextLine id="r2l99" custom="readingOrder {index:98;}">
                <Coords points="354,2162 1158,2146 1158,2115 1112,2103 354,2113"/>
                <Baseline points="369,2142 407,2142 446,2143 485,2143 524,2143 562,2144 601,2144 640,2145 679,2145 717,2145 756,2146 795,2146 834,2146 872,2145 911,2145 950,2145 989,2144 1027,2143 1066,2142 1105,2141 1144,2139"/>
                <TextEquiv>
                    <Unicode>nes . semblent renoncer à la con¬</Unicode>
                </TextEquiv>
            </TextLine>
            <TextLine id="r2l100" custom="readingOrder {index:99;}">
                <Coords points="1262,2159 1924,2173 2017,2165 2018,2106 1847,2099 1702,2128 1263,2097"/>
                <Baseline points="1278,2150 1314,2150 1350,2151 1386,2153 1423,2153 1459,2154 1495,2154 1531,2154 1568,2155 1604,2155 1640,2155 1676,2155 1713,2155 1749,2155 1785,2155 1821,2155 1858,2156 1894,2156 1930,2156 1966,2156 2003,2156"/>
                <TextEquiv>
                    <Unicode>Parmi les artistes, une mention</Unicode>
                </TextEquiv>
            </TextLine>
            <TextLine id="r2l101" custom="readingOrder {index:100;}">
                <Coords points="364,2190 1156,2185 1156,2148 1134,2145 364,2143"/>
                <Baseline points="379,2182 417,2183 455,2183 493,2183 531,2184 569,2184 607,2185 645,2185 683,2185 721,2186 759,2186 797,2186 835,2186 873,2185 911,2185 949,2184 987,2184 1025,2183 1063,2181 1101,2180 1139,2179"/>
                <TextEquiv>
                    <Unicode>fiserie style de Flers et Caillavet..</Unicode>
                </TextEquiv>
            </TextLine>
            <TextLine id="r2l102" custom="readingOrder {index:101;}">
                <Coords points="1229,2195 1968,2217 2014,2211 2015,2140 1758,2170 1229,2146"/>
                <Baseline points="1244,2194 1281,2193 1319,2192 1357,2192 1395,2192 1433,2192 1470,2192 1508,2192 1546,2193 1584,2193 1622,2194 1659,2194 1697,2195 1735,2195 1773,2195 1811,2195 1848,2195 1886,2195 1924,2195 1962,2194 2000,2192"/>
                <TextEquiv>
                    <Unicode>particulière s’impose en faveur de</Unicode>
                </TextEquiv>
            </TextLine>
            <TextLine id="r2l103" custom="readingOrder {index:102;}">
                <Coords points="395,2230 1157,2240 1137,2178 395,2189"/>
                <Baseline points="411,2223 447,2224 484,2224 520,2224 557,2224 593,2224 630,2224 666,2224 703,2224 739,2224 776,2224 812,2223 849,2223 885,2222 922,2221 958,2221 995,2220 1031,2219 1068,2217 1104,2216 1141,2215"/>
                <TextEquiv>
                    <Unicode>Notons le succès de qualité obtenu</Unicode>
                </TextEquiv>
            </TextLine>
            <TextLine id="r2l104" custom="readingOrder {index:103;}">
                <Coords points="1225,2252 1266,2240 1312,2256 1337,2241 1377,2257 1461,2236 1488,2255 1529,2240 1556,2256 1578,2244 1615,2251 1616,2211 1560,2197 1226,2193"/>
                <Baseline points="1242,2231 1267,2230 1293,2230 1318,2230 1344,2230 1369,2230 1395,2230 1421,2231 1446,2231 1472,2232 1497,2232 1523,2233 1548,2233 1574,2234 1600,2234"/>
                <TextEquiv>
                    <Unicode>Mlle Betty Spell.</Unicode>
                </TextEquiv>
            </TextLine>
            <TextLine id="r2l105" custom="readingOrder {index:104;}">
                <Coords points="366,2286 459,2264 1149,2261 1149,2233 1105,2224 852,2211 812,2233 366,2221"/>
                <Baseline points="382,2264 419,2264 457,2263 494,2263 532,2263 570,2263 607,2263 645,2262 683,2262 720,2262 758,2262 796,2262 833,2262 871,2261 909,2261 946,2260 984,2260 1022,2259 1059,2258 1097,2257 1135,2255"/>
                <TextEquiv>
                    <Unicode>par cette ceuvre qui fait honneur à</Unicode>
                </TextEquiv>
            </TextLine>
            <TextLine id="r2l106" custom="readingOrder {index:105;}">
                <Coords points="364,2308 1131,2310 1162,2298 1162,2251 364,2274"/>
                <Baseline points="380,2303 418,2302 456,2302 494,2302 533,2301 571,2301 609,2301 647,2301 686,2301 724,2301 762,2301 800,2300 839,2300 877,2300 915,2299 953,2299 992,2298 1030,2298 1068,2296 1106,2295 1145,2294"/>
                <TextEquiv>
                    <Unicode>la scène ou elle se joue, à notre</Unicode>
                </TextEquiv>
            </TextLine>
            <TextLine id="r2l107" custom="readingOrder {index:106;}">
                <Coords points="2415,2336 2671,2347 2706,2338 2706,2288 2607,2287 2586,2268 2558,2277 2530,2267 2487,2291 2447,2281 2416,2293"/>
                <Baseline points="2430,2313 2456,2314 2482,2314 2508,2313 2534,2313 2560,2312 2586,2312 2612,2313 2638,2315 2664,2317 2691,2322"/>
                <TextEquiv>
                    <Unicode></Unicode>
                </TextEquiv>
            </TextLine>
            <TextLine id="r2l108" custom="readingOrder {index:107;}">
                <Coords points="371,2344 1157,2344 1157,2301 371,2310"/>
                <Baseline points="387,2343 424,2342 462,2341 500,2341 537,2340 575,2340 613,2339 650,2339 688,2339 726,2339 764,2338 801,2338 839,2338 877,2337 914,2337 952,2336 990,2336 1027,2335 1065,2334 1103,2333 1141,2331"/>
                <TextEquiv>
                    <Unicode>théätre contemporain. Et applaudis¬</Unicode>
                </TextEquiv>
            </TextLine>
            <TextLine id="r2l109" custom="readingOrder {index:108;}">
                <Coords points="1501,2350 1529,2350 1548,2363 1563,2351 1572,2358 1613,2352 1665,2359 1693,2347 1715,2351 1716,2302 1685,2292 1660,2300 1648,2294 1626,2306 1608,2293 1583,2293 1567,2305 1555,2295 1503,2288"/>
                <Baseline points="1516,2345 1542,2344 1568,2344 1594,2344 1621,2346 1647,2346 1673,2347 1700,2347"/>
                <TextEquiv>
                    <Unicode>DEJAZET</Unicode>
                </TextEquiv>
            </TextLine>
            <TextLine id="r2l110" custom="readingOrder {index:109;}">
                <Coords points="356,2382 1167,2387 1167,2343 1117,2337 356,2348"/>
                <Baseline points="373,2380 414,2379 455,2379 496,2378 537,2378 578,2377 619,2377 660,2377 701,2377 742,2377 783,2377 824,2377 865,2377 906,2377 947,2377 988,2377 1029,2377 1070,2378 1111,2378 1152,2378"/>
                <TextEquiv>
                    <Unicode>sons les interprêtes, si nombreux,</Unicode>
                </TextEquiv>
            </TextLine>
            <TextLine id="r2l111" custom="readingOrder {index:110;}">
                <Coords points="363,2416 456,2438 493,2416 1093,2422 1155,2413 1155,2376 703,2391 589,2366 363,2394"/>
                <Baseline points="378,2417 416,2416 454,2415 492,2414 530,2414 568,2414 606,2414 644,2414 682,2414 720,2414 758,2414 796,2415 834,2415 872,2415 910,2415 948,2415 986,2415 1024,2415 1062,2415 1100,2414 1139,2413"/>
                <TextEquiv>
                    <Unicode>qu'il nous faut nous borner à citer</Unicode>
                </TextEquiv>
            </TextLine>
            <TextLine id="r2l112" custom="readingOrder {index:111;}">
                <Coords points="1282,2447 1325,2472 1928,2472 1956,2463 1957,2407 1719,2421 1691,2402 1431,2415 1366,2395 1282,2413"/>
                <Baseline points="1296,2449 1328,2449 1360,2450 1392,2451 1424,2451 1457,2452 1489,2452 1521,2453 1553,2453 1585,2454 1618,2454 1650,2454 1682,2454 1714,2454 1746,2455 1779,2455 1811,2455 1843,2455 1875,2455 1907,2455 1940,2455"/>
                <TextEquiv>
                    <Unicode>( Tauras pas la reine 9</Unicode>
                </TextEquiv>
            </TextLine>
            <TextLine id="r2l113" custom="readingOrder {index:112;}">
                <Coords points="362,2468 662,2446 804,2467 863,2442 1139,2472 1160,2469 1160,2407 489,2415 470,2434 362,2415"/>
                <Baseline points="377,2454 415,2454 453,2454 492,2453 530,2454 569,2454 607,2454 645,2454 684,2454 722,2455 761,2455 799,2455 837,2455 876,2455 914,2455 953,2454 991,2454 1029,2453 1068,2452 1106,2451 1145,2448"/>
                <TextEquiv>
                    <Unicode>M. Jacques Baumer, au réalisme</Unicode>
                </TextEquiv>
            </TextLine>
            <TextLine id="r2l114" custom="readingOrder {index:113;}">
                <Coords points="362,2488 672,2514 823,2491 895,2516 953,2491 1158,2489 1157,2465 860,2442 814,2467 362,2457"/>
                <Baseline points="379,2491 417,2491 455,2492 493,2492 531,2492 570,2493 608,2493 646,2493 684,2493 722,2493 761,2493 799,2492 837,2492 875,2491 913,2491 952,2490 990,2490 1028,2489 1066,2488 1104,2487 1143,2485"/>
                <TextEquiv>
                    <Unicode>exact et intelligent, Mme Yolande</Unicode>
                </TextEquiv>
            </TextLine>
            <TextLine id="r2l115" custom="readingOrder {index:114;}">
                <Coords points="1262,2511 1441,2523 1680,2511 1680,2470 1584,2469 1569,2481 1541,2465 1402,2463 1389,2476 1359,2460 1263,2471"/>
                <Baseline points="1278,2503 1303,2504 1329,2506 1355,2506 1380,2508 1406,2508 1432,2509 1457,2509 1483,2510 1509,2510 1534,2510 1560,2510 1586,2510 1611,2509 1637,2509 1663,2508"/>
                <TextEquiv>
                    <Unicode>Télégraphions: </Unicode>
                </TextEquiv>
            </TextLine>
            <TextLine id="r2l116" custom="readingOrder {index:115;}">
                <Coords points="1667,2533 1708,2514 1745,2527 1841,2515 1955,2525 2020,2504 2020,2466 1983,2457 1906,2475 1810,2462 1736,2477 1717,2465 1668,2465"/>
                <Baseline points="1682,2511 1708,2511 1735,2510 1762,2510 1789,2510 1816,2510 1843,2510 1869,2511 1896,2511 1923,2511 1950,2512 1977,2512 2004,2511"/>
                <TextEquiv>
                    <Unicode>Vaudeville pas</Unicode>
                </TextEquiv>
            </TextLine>
            <TextLine id="r2l117" custom="readingOrder {index:116;}">
                <Coords points="370,2538 1147,2537 1153,2490 905,2510 370,2495"/>
                <Baseline points="385,2530 422,2531 460,2531 498,2531 535,2532 573,2532 611,2532 648,2532 686,2531 724,2531 762,2531 799,2531 837,2530 875,2530 912,2530 950,2529 988,2529 1025,2528 1063,2528 1101,2527 1139,2527"/>
                <TextEquiv>
                    <Unicode>Laffon, Mme Germaine Auger, M.</Unicode>
                </TextEquiv>
            </TextLine>
            <TextLine id="r2l118" custom="readingOrder {index:117;}">
                <Coords points="1234,2556 1292,2575 1469,2548 1985,2567 2007,2564 2008,2512 1553,2521 1234,2497"/>
                <Baseline points="1248,2546 1285,2546 1322,2546 1359,2547 1396,2547 1434,2548 1471,2549 1508,2549 1545,2550 1582,2551 1620,2552 1657,2552 1694,2552 1731,2553 1768,2553 1806,2553 1843,2552 1880,2551 1917,2551 1954,2549 1992,2547"/>
                <TextEquiv>
                    <Unicode>mort. René Pujol suit.., la tradition..</Unicode>
                </TextEquiv>
            </TextLine>
            <TextLine id="r2l119" custom="readingOrder {index:118;}">
                <Coords points="365,2578 1021,2593 1021,2537 365,2535"/>
                <Baseline points="381,2572 412,2572 443,2572 474,2572 506,2572 537,2572 568,2572 599,2572 631,2571 662,2571 693,2571 724,2571 756,2571 787,2571 818,2570 849,2570 881,2570 912,2569 943,2569 974,2569 1006,2568"/>
                <TextEquiv>
                    <Unicode>Palau et la belle Junie Astor.</Unicode>
                </TextEquiv>
            </TextLine>
            <TextLine id="r2l120" custom="readingOrder {index:119;}">
                <Coords points="1266,2583 1464,2612 1573,2591 1925,2606 2009,2585 2009,2551 1266,2555"/>
                <Baseline points="1281,2586 1316,2586 1352,2586 1387,2587 1423,2587 1459,2588 1494,2588 1530,2589 1565,2590 1601,2590 1637,2591 1672,2591 1708,2592 1743,2592 1779,2592 1815,2592 1850,2592 1886,2591 1921,2590 1957,2588 1993,2587"/>
                <TextEquiv>
                    <Unicode>„„La tradition qui assura la for¬</Unicode>
                </TextEquiv>
            </TextLine>
            <TextLine id="r2l121" custom="readingOrder {index:120;}">
                <Coords points="1232,2624 1647,2646 1709,2625 2012,2630 2012,2596 1233,2578"/>
                <Baseline points="1247,2622 1284,2623 1321,2624 1359,2626 1396,2626 1434,2627 1471,2628 1508,2628 1546,2629 1583,2629 1621,2629 1658,2629 1695,2629 1733,2629 1770,2629 1808,2629 1845,2629 1882,2629 1920,2629 1957,2630 1995,2630"/>
                <TextEquiv>
                    <Unicode>tune des anciennes Variétés, du</Unicode>
                </TextEquiv>
            </TextLine>
            <TextLine id="r2l122" custom="readingOrder {index:121;}">
                <Coords points="1227,2676 1661,2664 1809,2684 1840,2660 1976,2680 2016,2665 2017,2624 1228,2632"/>
                <Baseline points="1244,2660 1281,2662 1319,2663 1357,2664 1395,2665 1433,2666 1471,2666 1508,2667 1546,2667 1584,2667 1622,2668 1660,2668 1698,2668 1736,2668 1773,2668 1811,2668 1849,2669 1887,2669 1925,2669 1963,2669 2001,2670"/>
                <TextEquiv>
                    <Unicode>Palais-Royal et de Déjazet méme,</Unicode>
                </TextEquiv>
            </TextLine>
            <TextLine id="r2l123" custom="readingOrder {index:122;}">
                <Coords points="553,2709 649,2720 717,2697 844,2711 862,2698 881,2713 918,2697 955,2709 954,2650 886,2642 806,2655 772,2634 707,2657 673,2636 645,2655 552,2659"/>
                <Baseline points="569,2690 595,2691 621,2692 648,2693 674,2693 701,2693 727,2693 754,2692 780,2692 806,2691 833,2690 859,2689 886,2688 912,2687 939,2686"/>
                <TextEquiv>
                    <Unicode>VIEUX-COLOMBTER</Unicode>
                </TextEquiv>
            </TextLine>
            <TextLine id="r2l124" custom="readingOrder {index:123;}">
                <Coords points="1232,2709 2006,2714 2006,2677 1839,2661 1232,2669"/>
                <Baseline points="1249,2705 1286,2704 1323,2704 1360,2704 1397,2704 1434,2705 1471,2705 1508,2705 1545,2706 1582,2706 1620,2706 1657,2706 1694,2707 1731,2707 1768,2707 1805,2707 1842,2706 1879,2706 1916,2705 1953,2704 1991,2703"/>
                <TextEquiv>
                    <Unicode>ce berceau de Tire au flanc. Remar¬</Unicode>
                </TextEquiv>
            </TextLine>
            <TextLine id="r2l125" custom="readingOrder {index:124;}">
                <Coords points="1222,2761 1924,2758 2017,2732 2016,2698 1221,2708"/>
                <Baseline points="1237,2745 1275,2745 1313,2745 1351,2745 1389,2745 1428,2745 1466,2745 1504,2745 1542,2745 1580,2745 1619,2745 1657,2745 1695,2745 1733,2745 1771,2745 1810,2744 1848,2744 1886,2743 1924,2742 1962,2741 2001,2740"/>
                <TextEquiv>
                    <Unicode>quons, à propos de cette fantaisie</Unicode>
                </TextEquiv>
            </TextLine>
            <TextLine id="r2l126" custom="readingOrder {index:125;}">
                <Coords points="1230,2794 1979,2795 2010,2785 2010,2739 1775,2760 1230,2745"/>
                <Baseline points="1245,2783 1282,2783 1320,2783 1357,2783 1395,2782 1432,2782 1470,2783 1507,2783 1545,2783 1582,2783 1620,2783 1657,2783 1695,2783 1732,2783 1770,2783 1807,2783 1845,2783 1882,2783 1920,2783 1957,2783 1995,2783"/>
                <TextEquiv>
                    <Unicode>joyeuse, ce que gagna son auteur au</Unicode>
                </TextEquiv>
            </TextLine>
            <TextLine id="r2l127" custom="readingOrder {index:126;}">
                <Coords points="573,2799 657,2824 759,2811 796,2824 845,2811 858,2823 932,2820 932,2765 888,2762 867,2746 768,2756 755,2743 718,2759 684,2746 656,2765 573,2777"/>
                <Baseline points="588,2800 613,2802 638,2803 663,2803 688,2804 713,2804 738,2803 764,2803 789,2802 814,2802 839,2802 864,2802 889,2802 915,2803"/>
                <TextEquiv>
                    <Unicode>( Liebelei )</Unicode>
                </TextEquiv>
            </TextLine>
            <TextLine id="r2l128" custom="readingOrder {index:127;}">
                <Coords points="1233,2832 1917,2841 2017,2812 2017,2781 1497,2796 1234,2767"/>
                <Baseline points="1250,2819 1287,2818 1325,2817 1362,2817 1400,2817 1437,2817 1475,2818 1512,2818 1550,2819 1587,2820 1625,2821 1662,2822 1700,2822 1737,2823 1775,2824 1812,2824 1850,2825 1887,2825 1925,2825 1962,2825 2000,2824"/>
                <TextEquiv>
                    <Unicode>contact du cinéma: la science du</Unicode>
                </TextEquiv>
            </TextLine>
            <TextLine id="r2l129" custom="readingOrder {index:128;}">
                <Coords points="414,2863 560,2849 585,2874 671,2877 974,2853 1160,2877 1160,2822 1073,2794 779,2833 473,2797 414,2816"/>
                <Baseline points="429,2855 464,2856 500,2856 536,2857 571,2857 607,2858 643,2858 678,2858 714,2858 750,2858 786,2858 821,2858 857,2858 893,2857 928,2857 964,2856 1000,2855 1035,2855 1071,2853 1107,2852 1143,2850"/>
                <TextEquiv>
                    <Unicode>Mme Suzanne Clauser vient</Unicode>
                </TextEquiv>
            </TextLine>
            <TextLine id="r2l130" custom="readingOrder {index:129;}">
                <Coords points="357,2900 1149,2904 1148,2848 907,2874 356,2841"/>
                <Baseline points="371,2894 409,2896 447,2897 485,2898 523,2899 561,2900 599,2900 638,2900 676,2900 714,2900 752,2899 790,2899 828,2898 866,2897 905,2896 943,2896 981,2895 1019,2894 1057,2893 1095,2893 1134,2892"/>
                <TextEquiv>
                    <Unicode>d’adapter les trois actes du grand</Unicode>
                </TextEquiv>
            </TextLine>
            <TextLine id="r2l131" custom="readingOrder {index:130;}">
                <Coords points="1270,2900 2016,2906 2016,2878 1914,2844 1845,2869 1527,2841 1425,2872 1270,2872"/>
                <Baseline points="1286,2895 1321,2896 1357,2897 1393,2897 1428,2898 1464,2898 1500,2898 1535,2899 1571,2899 1607,2899 1643,2899 1678,2898 1714,2898 1750,2898 1785,2898 1821,2898 1857,2898 1892,2897 1928,2897 1964,2897 2000,2897"/>
                <TextEquiv>
                    <Unicode>Quant à vous dire pourquoi une</Unicode>
                </TextEquiv>
            </TextLine>
            <TextLine id="r2l132" custom="readingOrder {index:131;}">
                <Coords points="359,2939 591,2961 1154,2942 1154,2896 359,2895"/>
                <Baseline points="376,2936 414,2937 452,2938 490,2938 528,2939 566,2939 604,2939 642,2939 680,2939 718,2939 757,2938 795,2938 833,2937 871,2937 909,2936 947,2935 985,2934 1023,2932 1061,2931 1099,2930 1138,2929"/>
                <TextEquiv>
                    <Unicode>écrivain autrichien Arthur Schnitz¬</Unicode>
                </TextEquiv>
            </TextLine>
            <TextLine id="r2l133" custom="readingOrder {index:132;}">
                <Coords points="1228,2949 2017,2953 2017,2906 1337,2912 1228,2890"/>
                <Baseline points="1245,2937 1282,2936 1320,2936 1358,2936 1396,2936 1434,2937 1471,2937 1509,2937 1547,2938 1585,2938 1623,2939 1660,2939 1698,2939 1736,2940 1774,2940 1812,2940 1849,2940 1887,2940 1925,2939 1963,2938 2001,2937"/>
                <TextEquiv>
                    <Unicode>jolie fille a été élue miss Paris aux</Unicode>
                </TextEquiv>
            </TextLine>
            <TextLine id="r2l134" custom="readingOrder {index:133;}">
                <Coords points="359,2977 1127,2986 1148,2983 1148,2927 594,2956 359,2940"/>
                <Baseline points="375,2976 414,2976 454,2977 494,2977 534,2977 574,2977 614,2978 654,2978 694,2978 734,2978 774,2978 814,2978 854,2978 894,2977 934,2976 974,2975 1014,2973 1054,2972 1094,2970 1134,2968"/>
                <TextEquiv>
                    <Unicode>ler, cette Liebelei, cetté &amp; amöu¬</Unicode>
                </TextEquiv>
            </TextLine>
            <TextLine id="r2l135" custom="readingOrder {index:134;}">
                <Coords points="1224,2993 1926,2977 2010,3002 2010,2943 1224,2940"/>
                <Baseline points="1239,2975 1276,2975 1314,2974 1352,2974 1390,2974 1428,2975 1465,2975 1503,2976 1541,2976 1579,2977 1617,2978 1654,2978 1692,2979 1730,2979 1768,2979 1806,2979 1843,2978 1881,2977 1919,2976 1957,2974 1995,2972"/>
                <TextEquiv>
                    <Unicode>lieu et place de sa sceur et ce qui en</Unicode>
                </TextEquiv>
            </TextLine>
            <TextLine id="r2l136" custom="readingOrder {index:135;}">
                <Coords points="370,3019 1147,3016 1146,2963 803,2991 370,2982"/>
                <Baseline points="386,3014 423,3015 460,3015 497,3016 535,3016 572,3016 609,3016 646,3016 684,3016 721,3016 758,3016 795,3015 833,3015 870,3014 907,3014 944,3012 982,3012 1019,3011 1056,3010 1093,3009 1131,3008"/>
                <TextEquiv>
                    <Unicode>rette) qu'un film a rendue notoire.</Unicode>
                </TextEquiv>
            </TextLine>
            <TextLine id="r2l137" custom="readingOrder {index:136;}">
                <Coords points="1243,3021 2001,3024 2001,2987 1927,2978 1243,2978"/>
                <Baseline points="1260,3013 1296,3012 1332,3012 1369,3012 1405,3013 1441,3014 1478,3014 1514,3015 1550,3016 1587,3016 1623,3017 1659,3018 1696,3018 1732,3018 1768,3017 1805,3017 1841,3015 1877,3014 1914,3011 1950,3008 1987,3004"/>
                <TextEquiv>
                    <Unicode>découle.., Non. Allez donc rire vous¬</Unicode>
                </TextEquiv>
            </TextLine>
            <TextLine id="r2l138" custom="readingOrder {index:137;}">
                <Coords points="1240,3061 2005,3061 2005,3027 1968,3017 1241,3017"/>
                <Baseline points="1255,3052 1291,3051 1328,3051 1365,3051 1402,3051 1438,3051 1475,3052 1512,3053 1549,3053 1585,3054 1622,3055 1659,3055 1696,3056 1732,3056 1769,3057 1806,3057 1843,3057 1879,3056 1916,3055 1953,3054 1990,3053"/>
                <TextEquiv>
                    <Unicode>mème à Déjazet. Vous y laisserez le</Unicode>
                </TextEquiv>
            </TextLine>
            <TextLine id="r2l139" custom="readingOrder {index:138;}">
                <Coords points="366,3066 1143,3057 1142,2992 824,3026 366,3023"/>
                <Baseline points="382,3057 419,3056 456,3056 493,3055 531,3055 568,3055 605,3055 642,3055 680,3055 717,3055 754,3055 791,3055 829,3054 866,3054 903,3054 940,3053 978,3053 1015,3052 1052,3051 1089,3050 1127,3049"/>
                <TextEquiv>
                    <Unicode>Et l’on assiste à ce fait curieux:</Unicode>
                </TextEquiv>
            </TextLine>
            <TextLine id="r2l140" custom="readingOrder {index:139;}">
                <Coords points="1233,3104 1428,3087 1530,3113 1577,3091 1864,3116 2010,3092 2010,3061 1933,3051 1716,3065 1587,3039 1500,3066 1234,3064"/>
                <Baseline points="1250,3089 1287,3089 1324,3089 1361,3089 1399,3089 1436,3090 1473,3090 1511,3090 1548,3090 1585,3091 1623,3091 1660,3091 1697,3092 1734,3092 1772,3092 1809,3093 1846,3093 1884,3094 1921,3094 1958,3094 1996,3095"/>
                <TextEquiv>
                    <Unicode>souvenir de la crise au vestiaire.</Unicode>
                </TextEquiv>
            </TextLine>
            <TextLine id="r2l141" custom="readingOrder {index:140;}">
                <Coords points="357,3099 1146,3099 1145,3044 1118,3041 592,3072 357,3050"/>
                <Baseline points="371,3097 410,3097 450,3097 490,3097 530,3097 570,3096 610,3096 650,3096 690,3096 730,3095 770,3095 810,3094 850,3094 890,3093 930,3093 970,3092 1010,3091 1050,3090 1090,3089 1130,3088"/>
                <TextEquiv>
                    <Unicode>c’est que la version théätrale de</Unicode>
                </TextEquiv>
            </TextLine>
            <TextLine id="r2l142" custom="readingOrder {index:141;}">
                <Coords points="1236,3142 1313,3136 1323,3145 1357,3129 1378,3142 1443,3132 1493,3138 1521,3132 1521,3095 1449,3101 1422,3086 1409,3098 1360,3098 1347,3089 1236,3102"/>
                <Baseline points="1253,3129 1278,3129 1303,3129 1328,3129 1354,3129 1379,3128 1404,3128 1430,3128 1455,3128 1480,3128 1506,3130"/>
                <TextEquiv>
                    <Unicode>Ainsi soit-il.</Unicode>
                </TextEquiv>
            </TextLine>
            <TextLine id="r2l143" custom="readingOrder {index:142;}">
                <Coords points="363,3139 1149,3142 1148,3096 362,3099"/>
                <Baseline points="377,3135 414,3135 452,3134 490,3134 528,3134 566,3134 604,3134 641,3133 679,3133 717,3133 755,3133 793,3132 831,3132 869,3131 906,3131 944,3130 982,3129 1020,3128 1058,3127 1096,3126 1134,3124"/>
                <TextEquiv>
                    <Unicode>l’ceuvre originale nous déçoit pres¬</Unicode>
                </TextEquiv>
            </TextLine>
            <TextLine id="r2l144" custom="readingOrder {index:143;}">
                <Coords points="1262,3169 1955,3180 2011,3161 2011,3109 1931,3133 1668,3117 1262,3141"/>
                <Baseline points="1278,3168 1313,3167 1349,3167 1385,3166 1421,3166 1457,3167 1493,3167 1529,3168 1565,3168 1601,3169 1637,3170 1672,3170 1708,3170 1744,3171 1780,3171 1816,3170 1852,3170 1888,3169 1924,3168 1960,3166 1996,3164"/>
                <TextEquiv>
                    <Unicode>Ala semaine prochaine le plaisir</Unicode>
                </TextEquiv>
            </TextLine>
            <TextLine id="r2l145" custom="readingOrder {index:144;}">
                <Coords points="361,3174 1151,3193 1150,3137 361,3140"/>
                <Baseline points="376,3180 414,3177 452,3176 490,3174 528,3173 566,3172 604,3171 642,3171 680,3171 718,3171 756,3170 794,3170 832,3170 870,3170 908,3170 946,3170 984,3170 1022,3170 1060,3169 1098,3168 1136,3167"/>
                <TextEquiv>
                    <Unicode>que, après qu’on a vu la version ci¬</Unicode>
                </TextEquiv>
            </TextLine>
            <TextLine id="r2l146" custom="readingOrder {index:145;}">
                <Coords points="1243,3212 2013,3209 2013,3162 1605,3183 1243,3160"/>
                <Baseline points="1257,3210 1295,3208 1334,3206 1373,3205 1412,3205 1451,3205 1490,3205 1529,3206 1568,3207 1607,3207 1645,3208 1684,3209 1723,3210 1762,3210 1801,3210 1840,3210 1879,3209 1918,3208 1957,3206 1996,3203"/>
                <TextEquiv>
                    <Unicode>d’analyser comme il sied deux spec¬</Unicode>
                </TextEquiv>
            </TextLine>
            <TextLine id="r2l147" custom="readingOrder {index:146;}">
                <Coords points="361,3231 383,3237 435,3216 562,3230 599,3218 618,3233 645,3218 723,3233 785,3220 784,3174 361,3173"/>
                <Baseline points="377,3211 403,3213 429,3213 455,3214 481,3215 507,3215 533,3215 559,3215 586,3214 612,3214 638,3214 664,3213 690,3212 716,3212 742,3212 769,3211"/>
                <TextEquiv>
                    <Unicode>nématographique.</Unicode>
                </TextEquiv>
            </TextLine>
            <TextLine id="r2l148" custom="readingOrder {index:147;}">
                <Coords points="1231,3245 1516,3267 1720,3246 1800,3268 1847,3243 2007,3249 2008,3209 1231,3214"/>
                <Baseline points="1247,3247 1284,3246 1321,3246 1358,3245 1395,3246 1433,3246 1470,3246 1507,3247 1544,3247 1581,3248 1619,3249 1656,3249 1693,3250 1730,3250 1767,3250 1805,3249 1842,3249 1879,3248 1916,3247 1953,3244 1991,3242"/>
                <TextEquiv>
                    <Unicode>tacles qui seront sans doute parmi</Unicode>
                </TextEquiv>
            </TextLine>
            <TextLine id="r2l149" custom="readingOrder {index:148;}">
                <Coords points="408,3260 646,3241 782,3271 872,3248 1150,3270 1150,3192 828,3190 738,3231 689,3207 407,3222"/>
                <Baseline points="422,3251 457,3251 493,3252 529,3252 564,3252 600,3252 636,3251 671,3251 707,3251 743,3250 779,3250 814,3250 850,3249 886,3248 921,3248 957,3247 993,3247 1028,3246 1064,3245 1100,3245 1136,3244"/>
                <TextEquiv>
                    <Unicode>Serait-ce un point nettement</Unicode>
                </TextEquiv>
            </TextLine>
            <TextLine id="r2l150" custom="readingOrder {index:149;}">
                <Coords points="1233,3294 1685,3304 1799,3280 1982,3303 2006,3297 2007,3250 1515,3265 1233,3245"/>
                <Baseline points="1247,3284 1284,3284 1321,3284 1358,3283 1396,3284 1433,3284 1470,3284 1507,3284 1545,3285 1582,3285 1619,3285 1656,3286 1694,3286 1731,3287 1768,3287 1805,3287 1843,3287 1880,3288 1917,3288 1954,3288 1992,3287"/>
                <TextEquiv>
                    <Unicode>les meilleurs de la saison: Maria,</Unicode>
                </TextEquiv>
            </TextLine>
            <TextLine id="r2l151" custom="readingOrder {index:150;}">
                <Coords points="360,3306 397,3315 441,3293 564,3302 629,3289 673,3311 725,3292 753,3313 852,3282 852,3254 638,3240 614,3255 425,3262 360,3241"/>
                <Baseline points="377,3290 402,3290 428,3290 453,3291 479,3291 504,3291 530,3291 555,3291 581,3291 606,3291 632,3290 657,3290 683,3290 708,3290 734,3289 759,3289 785,3289 810,3289 836,3289"/>
                <TextEquiv>
                    <Unicode>marqué par l’écran?</Unicode>
                </TextEquiv>
            </TextLine>
            <TextLine id="r2l152" custom="readingOrder {index:151;}">
                <Coords points="1241,3332 1924,3340 1999,3328 1999,3291 1241,3292"/>
                <Baseline points="1257,3322 1293,3322 1329,3322 1366,3322 1402,3322 1438,3322 1475,3322 1511,3323 1547,3323 1584,3323 1620,3324 1656,3324 1693,3324 1729,3324 1765,3324 1802,3324 1838,3324 1874,3324 1911,3323 1947,3323 1984,3322"/>
                <TextEquiv>
                    <Unicode>de M. Alfred Savoir, aux Ambassa¬</Unicode>
                </TextEquiv>
            </TextLine>
            <TextLine id="r2l153" custom="readingOrder {index:152;}">
                <Coords points="396,3324 1127,3346 1160,3340 1160,3266 1052,3289 931,3268 888,3294 853,3275 755,3305 396,3300"/>
                <Baseline points="413,3331 449,3332 486,3332 522,3332 559,3332 596,3331 632,3331 669,3331 706,3330 742,3329 779,3329 816,3328 852,3328 889,3327 926,3327 962,3326 999,3326 1036,3325 1072,3325 1109,3325 1146,3324"/>
                <TextEquiv>
                    <Unicode>Ceci soit dit sans désobliger</Unicode>
                </TextEquiv>
            </TextLine>
            <TextLine id="r2l154" custom="readingOrder {index:153;}">
                <Coords points="1239,3364 1341,3383 1372,3364 2003,3369 2003,3329 1966,3323 1239,3330"/>
                <Baseline points="1254,3361 1290,3361 1327,3362 1364,3362 1400,3362 1437,3362 1474,3362 1510,3362 1547,3361 1584,3361 1621,3361 1657,3361 1694,3360 1731,3360 1767,3360 1804,3360 1841,3360 1877,3361 1914,3361 1951,3362 1988,3363"/>
                <TextEquiv>
                    <Unicode>deurs, et Dröle d’Epoque, la revue de</Unicode>
                </TextEquiv>
            </TextLine>
            <TextLine id="r2l155" custom="readingOrder {index:154;}">
                <Coords points="352,3391 652,3363 683,3385 779,3365 1017,3388 1159,3362 1159,3337 351,3323"/>
                <Baseline points="367,3369 405,3369 444,3369 483,3369 522,3368 561,3368 600,3368 638,3368 677,3367 716,3367 755,3367 794,3367 833,3366 872,3366 910,3365 949,3365 988,3364 1027,3364 1066,3363 1105,3363 1144,3362"/>
                <TextEquiv>
                    <Unicode>l’adaptatrice qui a réalisé une tra¬</Unicode>
                </TextEquiv>
            </TextLine>
            <TextLine id="r2l156" custom="readingOrder {index:155;}">
                <Coords points="1225,3412 1906,3425 2008,3397 2008,3363 1225,3357"/>
                <Baseline points="1241,3398 1278,3399 1316,3399 1353,3399 1391,3400 1429,3400 1466,3401 1504,3401 1542,3401 1579,3401 1617,3401 1655,3401 1692,3401 1730,3401 1768,3401 1805,3401 1843,3400 1881,3400 1918,3399 1956,3398 1994,3397"/>
                <TextEquiv>
                    <Unicode>MM. Dorin et Colline, aux Capu¬</Unicode>
                </TextEquiv>
            </TextLine>
            <TextLine id="r2l157" custom="readingOrder {index:156;}">
                <Coords points="360,3417 1096,3416 1152,3407 1152,3367 1016,3386 994,3367 360,3370"/>
                <Baseline points="374,3410 412,3409 450,3408 488,3408 526,3407 564,3407 602,3407 641,3407 679,3407 717,3407 755,3407 793,3407 831,3407 869,3407 908,3407 946,3407 984,3406 1022,3406 1060,3405 1098,3404 1137,3403"/>
                <TextEquiv>
                    <Unicode>duction fidele et heureuse, et sans</Unicode>
                </TextEquiv>
            </TextLine>
            <TextLine id="r2l158" custom="readingOrder {index:157;}">
                <Coords points="1235,3464 1253,3464 1275,3449 1287,3455 1294,3449 1337,3455 1346,3449 1383,3446 1383,3406 1352,3412 1337,3406 1331,3412 1312,3400 1288,3396 1269,3409 1235,3409"/>
                <Baseline points="1249,3438 1279,3439 1309,3438 1339,3438 1369,3440"/>
                <TextEquiv>
                    <Unicode>eines.</Unicode>
                </TextEquiv>
            </TextLine>
            <TextLine id="r2l159" custom="readingOrder {index:158;}">
                <Coords points="370,3451 1150,3445 1149,3414 960,3401 880,3420 370,3411"/>
                <Baseline points="384,3450 421,3449 459,3448 496,3448 534,3447 571,3447 609,3446 646,3446 684,3446 721,3446 759,3446 797,3445 834,3445 872,3445 909,3444 947,3443 984,3443 1022,3442 1059,3441 1097,3439 1135,3438"/>
                <TextEquiv>
                    <Unicode>sous-estimer la troupe qui incarne</Unicode>
                </TextEquiv>
            </TextLine>
            <TextLine id="r2l160" custom="readingOrder {index:159;}">
                <Coords points="365,3490 1120,3494 1154,3479 1154,3445 365,3447"/>
                <Baseline points="379,3487 416,3487 454,3486 492,3486 530,3486 568,3486 606,3486 644,3485 682,3485 720,3485 758,3485 795,3485 833,3485 871,3485 909,3485 947,3484 985,3483 1023,3483 1061,3482 1099,3481 1137,3479"/>
                <TextEquiv>
                    <Unicode>les personnages de Schnitzler. Car</Unicode>
                </TextEquiv>
            </TextLine>
            <TextLine id="r2l161" custom="readingOrder {index:160;}">
                <Coords points="356,3535 848,3522 959,3545 1145,3515 1144,3478 355,3498"/>
                <Baseline points="370,3528 408,3527 446,3527 484,3526 522,3526 560,3525 598,3525 636,3524 674,3524 712,3523 750,3523 788,3522 826,3522 864,3521 902,3521 940,3520 978,3520 1016,3519 1054,3519 1092,3518 1130,3518"/>
                <TextEquiv>
                    <Unicode>c’esß, autour de Mmne Ludmilla Pi¬</Unicode>
                </TextEquiv>
            </TextLine>
            <TextLine id="r2l162" custom="readingOrder {index:161;}">
                <Coords points="1530,3551 1551,3552 1558,3546 1564,3552 1586,3550 1600,3566 1613,3557 1625,3567 1641,3552 1682,3544 1685,3467 1651,3459 1641,3465 1620,3443 1614,3449 1592,3445 1577,3451 1549,3437 1534,3437"/>
                <Baseline points="1546,3528 1576,3540 1606,3543 1636,3539 1666,3536"/>
                <TextEquiv>
                    <Unicode></Unicode>
                </TextEquiv>
            </TextLine>
            <TextLine id="r2l163" custom="readingOrder {index:162;}">
                <Coords points="361,3564 925,3583 971,3557 1150,3562 1150,3518 361,3530"/>
                <Baseline points="378,3566 415,3566 453,3565 491,3565 529,3565 567,3565 605,3564 643,3564 681,3564 719,3564 757,3563 794,3563 832,3563 870,3562 908,3562 946,3561 984,3561 1022,3560 1060,3559 1098,3558 1136,3557"/>
                <TextEquiv>
                    <Unicode>toeff, interpréte sensible, artiste</Unicode>
                </TextEquiv>
            </TextLine>
            <TextLine id="r2l164" custom="readingOrder {index:163;}">
                <Coords points="359,3602 619,3613 646,3594 761,3620 912,3592 1145,3619 1144,3560 1122,3558 358,3568"/>
                <Baseline points="375,3606 412,3605 450,3605 488,3605 525,3605 563,3605 601,3604 638,3604 676,3603 714,3603 752,3603 789,3602 827,3601 865,3600 902,3599 940,3598 978,3597 1015,3596 1053,3595 1091,3594 1129,3592"/>
                <TextEquiv>
                    <Unicode>consommée, un groupe d’acteurs</Unicode>
                </TextEquiv>
            </TextLine>
            <TextLine id="r2l165" custom="readingOrder {index:164;}">
                <Coords points="367,3648 1119,3655 1159,3642 1159,3617 914,3593 763,3621 648,3594 366,3617"/>
                <Baseline points="381,3647 419,3647 457,3647 495,3646 533,3646 571,3645 609,3645 647,3644 685,3643 723,3642 762,3641 800,3641 838,3640 876,3639 914,3638 952,3638 990,3638 1028,3637 1066,3637 1104,3638 1143,3638"/>
                <TextEquiv>
                    <Unicode>excellents: MM. Marcel Herrand,</Unicode>
                </TextEquiv>
            </TextLine>
            <TextLine id="r2l166" custom="readingOrder {index:165;}">
                <Coords points="1480,3602 1496,3603 1546,3658 1570,3669 1638,3666 1659,3683 1691,3656 1713,3658 1717,3577 1684,3569 1667,3581 1647,3567 1608,3587 1558,3547 1513,3566 1483,3559"/>
                <Baseline points="1494,3643 1519,3646 1545,3649 1570,3652 1596,3653 1621,3655 1647,3655 1672,3655 1698,3652"/>
                <TextEquiv>
                    <Unicode></Unicode>
                </TextEquiv>
            </TextLine>
            <TextLine id="r2l167" custom="readingOrder {index:166;}">
                <Coords points="366,3684 1152,3687 1151,3646 1092,3641 365,3650"/>
                <Baseline points="382,3684 419,3683 457,3683 494,3682 532,3682 570,3681 607,3681 645,3681 683,3680 720,3680 758,3680 796,3680 833,3679 871,3679 909,3678 946,3678 984,3677 1022,3677 1059,3675 1097,3674 1135,3673"/>
                <TextEquiv>
                    <Unicode>Balpêtré, Mlle Agnés Capri, si pé¬</Unicode>
                </TextEquiv>
            </TextLine>
            <TextLine id="r2l168" custom="readingOrder {index:167;}">
                <Coords points="368,3726 1148,3736 1147,3680 1110,3677 368,3685"/>
                <Baseline points="384,3725 421,3723 458,3722 496,3721 533,3719 571,3719 608,3718 646,3718 683,3717 721,3717 758,3717 795,3717 833,3717 870,3718 908,3718 945,3718 983,3718 1020,3718 1058,3717 1095,3717 1133,3717"/>
                <TextEquiv>
                    <Unicode>tillante d’esprit, si vivante, et MM.</Unicode>
                </TextEquiv>
            </TextLine>
            <TextLine id="r2l169" custom="readingOrder {index:168;}">
                <Coords points="1247,3754 1984,3771 2002,3703 1841,3694 1786,3722 1739,3700 1414,3701 1247,3726"/>
                <Baseline points="1264,3751 1300,3752 1336,3753 1372,3754 1408,3754 1445,3754 1481,3754 1517,3755 1553,3754 1589,3754 1626,3754 1662,3754 1698,3754 1734,3753 1770,3753 1807,3753 1843,3752 1879,3752 1915,3752 1951,3752 1988,3752"/>
                <TextEquiv>
                    <Unicode>Par ailleurs, le Casino de Paris</Unicode>
                </TextEquiv>
            </TextLine>
            <TextLine id="r2l170" custom="readingOrder {index:169;}">
                <Coords points="365,3774 510,3759 640,3775 779,3764 779,3726 364,3725"/>
                <Baseline points="381,3761 406,3762 432,3762 457,3762 483,3762 508,3761 534,3761 559,3760 585,3759 610,3758 636,3757 661,3757 687,3756 712,3756 738,3757 764,3758"/>
                <TextEquiv>
                    <Unicode>Salon et Dagand.</Unicode>
                </TextEquiv>
            </TextLine>
            <TextLine id="r2l171" custom="readingOrder {index:170;}">
                <Coords points="1224,3794 2013,3808 2013,3774 1951,3758 1224,3754"/>
                <Baseline points="1239,3791 1278,3792 1318,3794 1358,3795 1398,3796 1438,3796 1478,3797 1518,3797 1558,3797 1598,3796 1638,3796 1678,3796 1718,3795 1758,3795 1798,3795 1838,3795 1878,3795 1918,3795 1958,3795 1998,3795"/>
                <TextEquiv>
                    <Unicode>s’efforce à faire patienter ses habi¬</Unicode>
                </TextEquiv>
            </TextLine>
            <TextLine id="r2l172" custom="readingOrder {index:171;}">
                <Coords points="393,3796 462,3817 638,3798 1142,3812 1141,3750 1086,3738 959,3765 393,3762"/>
                <Baseline points="409,3799 444,3800 480,3801 516,3802 552,3802 588,3802 624,3801 660,3801 696,3800 732,3799 768,3798 803,3797 839,3796 875,3795 911,3794 947,3794 983,3793 1019,3792 1055,3792 1091,3792 1127,3793"/>
                <TextEquiv>
                    <Unicode>Mais qu’y peuvent les acteurs ?</Unicode>
                </TextEquiv>
            </TextLine>
            <TextLine id="r2l173" custom="readingOrder {index:172;}">
                <Coords points="1231,3845 2014,3833 2014,3802 1859,3793 1231,3798"/>
                <Baseline points="1245,3833 1282,3834 1320,3835 1358,3836 1395,3836 1433,3837 1471,3837 1508,3837 1546,3837 1584,3837 1622,3836 1659,3836 1697,3836 1735,3835 1772,3835 1810,3835 1848,3834 1885,3834 1923,3833 1961,3833 1999,3833"/>
                <TextEquiv>
                    <Unicode>tués (en attendant la revue ou Céli¬</Unicode>
                </TextEquiv>
            </TextLine>
            <TextLine id="r2l174" custom="readingOrder {index:173;}">
                <Coords points="363,3859 469,3840 809,3857 954,3826 1149,3850 1149,3803 1093,3794 363,3801"/>
                <Baseline points="378,3835 415,3837 453,3839 491,3841 529,3841 567,3842 604,3842 642,3842 680,3842 718,3841 756,3841 793,3840 831,3839 869,3839 907,3838 945,3837 982,3837 1020,3837 1058,3837 1096,3837 1134,3838"/>
                <TextEquiv>
                    <Unicode>Un film bien congu, bien réalisé,</Unicode>
                </TextEquiv>
            </TextLine>
            <TextLine id="r2l175" custom="readingOrder {index:174;}">
                <Coords points="1220,3895 2022,3880 2021,3843 1220,3839"/>
                <Baseline points="1237,3870 1275,3872 1313,3874 1352,3875 1390,3876 1429,3876 1467,3876 1505,3876 1544,3876 1582,3875 1621,3875 1659,3874 1697,3873 1736,3873 1774,3872 1813,3872 1851,3872 1889,3872 1928,3872 1966,3874 2005,3875"/>
                <TextEquiv>
                    <Unicode>mene tentera la gageure d’une nou¬</Unicode>
                </TextEquiv>
            </TextLine>
            <TextLine id="r2l176" custom="readingOrder {index:175;}">
                <Coords points="360,3893 1056,3899 1152,3892 1152,3837 360,3838"/>
                <Baseline points="375,3883 413,3881 451,3880 489,3880 527,3879 565,3879 603,3879 641,3879 679,3879 717,3879 756,3879 794,3879 832,3879 870,3879 908,3879 946,3879 984,3879 1022,3878 1060,3877 1098,3876 1137,3874"/>
                <TextEquiv>
                    <Unicode>exprime davantage, en quelques</Unicode>
                </TextEquiv>
            </TextLine>
            <TextLine id="r2l177" custom="readingOrder {index:176;}">
                <Coords points="356,4011 2042,3991 2042,3947 1754,3924 356,3931"/>
                <Baseline points="373,3987 455,3987 538,3987 621,3987 703,3987 786,3987 869,3987 951,3986 1034,3986 1117,3986 1200,3985 1282,3985 1365,3984 1448,3984 1530,3983 1613,3982 1696,3982 1778,3981 1861,3981 1944,3981 2027,3980"/>
                <TextEquiv>
                    <Unicode>Kalntihliaullultaaltuauauualat 1s Kliallaule</Unicode>
                </TextEquiv>
            </TextLine>
            <TextEquiv>
                <Unicode>Kaulialiaaulaulualuu LEs HommEs De Jock Kiluuuumuuuuauuaaaum.
T003
LES SPECTACLES
mrenrnen
images, qu'un dialogue; et il a plus
velle carrière) en offrant à Marie
tôt fait de créer une atmosphére. II
Dubas la vedette délaissée par Jo¬
a T’avantage du mouvement, de l’air
Nu Chéätre
séphine. Une heure de tour de chant
qui semble circuler, qui circule au¬
permet à la trépidante artiste de
tour de ses personnages.
cueillir des lauriers que d’aucuns lui
Mais ceci ne détournera pas les
refusent. Peut-étre risque-t-elle de
spectateurs d’apporter le légitime
A L’ATHENEE
ternir sa popularité lorsqu'elle se
09
tribut de leur présence au spectacle
lance dans le genre dramatique. Son
u Vieux-Colombier.
tempérament, bien plutôt que celui
(Prière pour les vivants 9
d’une tragédienne lyrique, est d’une
La surabondance des générales en
fantaisiste. Alors, pourquoi préten¬
GRANn-Gurcnor
ces premiers jours d’octobre — et
dre rivaliser avec Damia, Germaine
aussi l'abondance des matières
Lix, ou avec le souvenir vivace de la
nous contraint à passer en revue,
poignante Yvonne Georges #. I
( Quinze couples „
avec un pénible laconisme, les pié¬
nous parait que Marie Dubas n’est,
ces nouvelles.
dans son répertoire nouveau, nulle
Fini le genre Grand-Guignol. Du
En premier lieu, une piéce de M.
part plus à l’aise, nulle part meil¬
moins, fini sur la scène ou il prit son
essor.
Jacques Deval, qui confirme une
leure que dans le Caboulot, ou elle
fois de plus sa réputation d’homme
sait exprimer la poésie des vers de
Le spectacle de la salle de la rue
Francis Carco.
de théätre et d’observateur. &amp; Amer
Chaptal est d’unc formule neuve :
savoir celui que tire du voyage.. 5
Aux Deux-Anes, à la Lune-Rousse,
quinze dialogues demandés à des
175
Pauteur de Marie-Galante. Qu'im¬
des revues retapées ou nouvelles
auteurs différents. Au fond, une
porte qu'il ait adopté, pour cons¬
tiennent l’affiche, mais le tour de
manière de revue dont les sketches
truire sa Prière pour les vivants le
chant des chansonniers y est d’une
ne visent pas qu’à provoquer le rire,
découpage d’une image d’Epinal:
qualité supérieure au talent des re¬
mais tendent à nous donner une
elle vaut pour les grandes person¬
vuistes. Et, à l’Européen, Gilles et
vision de g l'ample comédie aux
nes, cette image au dessin äpre et
Julien achévent de continuer leur
cent actes divers ) que se jouent
à la substance, hélas! si vraie.
ascension méritée vers la grande
depuis toujours les hommes., et les
Le sujet? C’est toute la vie d'un
notoriété: ce n’est pas en vain qu’on
femmes.
bourgeois moyen. 1873-1933. Avec
apporte à distraire le public l’expé¬
A détacher: la scène due à Paul
tout ce qui peut constituer &amp; l’idéels
rience et l. Julture d’authentiques
Achard, les trouvailles de Jean Bas¬
d’un bourgeois: argent, considéra¬
comédiens.
tia, la scène pathétique due à Mme
tion, en surface; au fond: cupi¬
GUY DORNAND.
Henriette Charasson, qu’inspire un
dité, sensualité.
couple de modernes Philémon et
Allons! Ily adu bon: les e jeu¬
Baucis.
nes . semblent renoncer à la con¬
Parmi les artistes, une mention
fiserie style de Flers et Caillavet..
particulière s’impose en faveur de
Notons le succès de qualité obtenu
Mlle Betty Spell.
par cette ceuvre qui fait honneur à
la scène ou elle se joue, à notre

théätre contemporain. Et applaudis¬
DEJAZET
sons les interprêtes, si nombreux,
qu'il nous faut nous borner à citer
( Tauras pas la reine 9
M. Jacques Baumer, au réalisme
exact et intelligent, Mme Yolande
Télégraphions: 
Vaudeville pas
Laffon, Mme Germaine Auger, M.
mort. René Pujol suit.., la tradition..
Palau et la belle Junie Astor.
„„La tradition qui assura la for¬
tune des anciennes Variétés, du
Palais-Royal et de Déjazet méme,
VIEUX-COLOMBTER
ce berceau de Tire au flanc. Remar¬
quons, à propos de cette fantaisie
joyeuse, ce que gagna son auteur au
( Liebelei )
contact du cinéma: la science du
Mme Suzanne Clauser vient
d’adapter les trois actes du grand
Quant à vous dire pourquoi une
écrivain autrichien Arthur Schnitz¬
jolie fille a été élue miss Paris aux
ler, cette Liebelei, cetté &amp; amöu¬
lieu et place de sa sceur et ce qui en
rette) qu'un film a rendue notoire.
découle.., Non. Allez donc rire vous¬
mème à Déjazet. Vous y laisserez le
Et l’on assiste à ce fait curieux:
souvenir de la crise au vestiaire.
c’est que la version théätrale de
Ainsi soit-il.
l’ceuvre originale nous déçoit pres¬
Ala semaine prochaine le plaisir
que, après qu’on a vu la version ci¬
d’analyser comme il sied deux spec¬
nématographique.
tacles qui seront sans doute parmi
Serait-ce un point nettement
les meilleurs de la saison: Maria,
marqué par l’écran?
de M. Alfred Savoir, aux Ambassa¬
Ceci soit dit sans désobliger
deurs, et Dröle d’Epoque, la revue de
l’adaptatrice qui a réalisé une tra¬
MM. Dorin et Colline, aux Capu¬
duction fidele et heureuse, et sans
eines.
sous-estimer la troupe qui incarne
les personnages de Schnitzler. Car
c’esß, autour de Mmne Ludmilla Pi¬

toeff, interpréte sensible, artiste
consommée, un groupe d’acteurs
excellents: MM. Marcel Herrand,

Balpêtré, Mlle Agnés Capri, si pé¬
tillante d’esprit, si vivante, et MM.
Par ailleurs, le Casino de Paris
Salon et Dagand.
s’efforce à faire patienter ses habi¬
Mais qu’y peuvent les acteurs ?
tués (en attendant la revue ou Céli¬
Un film bien congu, bien réalisé,
mene tentera la gageure d’une nou¬
exprime davantage, en quelques
Kalntihliaullultaaltuauauualat 1s Kliallaule</Unicode>
            </TextEquiv>
        </TextRegion>
    </Page>
</PcGts>
