3392 4320
2348 152 2720 228 Insertionspreis:
2290 206 2764 261 Die 3spaltige Petitzeile
2302 256 2755 305 oder deren Raum 50 Pf.
2304 287 2760 351 für Lokal-Inserate 25 Pf.
2326 331 2751 383 Anzeigen nehmen an
2304 363 2773 430 unsere Expedition sowie
2436 410 2641 460 sümtliche
794 416 2311 502 Krarter-HeroNt
2333 422 2735 510 Annoncen-Bureanx.
2323 489 2750 546 Redaktion und Expedition:
2475 534 2515 558 ——
2306 523 2754 589 FRANKFURT a MALN
2328 574 2494 620 Trutz 43.
2488 570 2743 630 Telephon B.
887 550 2332 640 Kleine ChroniK. (XXX. Jahrgang.)
2386 611 2701 653 Telegramm-Adresse!
2408 635 2725 712 Finanshereid.
745 696 1927 748 nkfurt am Main, Freitag, 23. September
2525 696 2728 757 1910.
804 776 1785 840 führte die Regie. Ein besonders schönes Bild
1778 793 2766 862 sie dem Tonfall der Sprache folgen und braucht
818 834 1747 904 gab der Burghof des ersten Aktes. J. M.
1852 846 2760 894 dem Wort niemals Gewalt an zu tun, wie
1774 871 2757 923 Puccini, der den Husten seiner Mimi in auf¬
1216 878 1387 938 Oper.
874 899 1730 974 Schnitzler-Neumann: Liebelei.
1778 922 2759 980 geblasenen Arien besingen lässt. Wenn auch der
1790 954 2771 1008 grossen Menge einstweilen die Vertonung allzu
881 949 1787 1009 Die neuzeitliche Opernliteratur ist um ein
704 968 821 1030 ns-
1789 1006 2757 1049 prosaischer Konversationsphrasen Anlass zu Aus¬
822 993 1790 1043 lebenskräftiges Werk bereichert worden und wir
709 1014 807 1058 ster
1786 1044 2767 1093 stellungen gibt, muss man doch den Mut und
717 1051 807 1102 Ge¬
804 1033 1775 1103 Frankfurter sind dabei gewesch. Der ausser¬
1783 1077 2774 1130 den Takt anerkennen, mit dem Neumann diese
717 1087 1773 1136 rtejordentliche Erfolg von Franz Neumanns Liebelei
1779 1113 2770 1165 heiklen Stellen gelöst hat. Dem Orchester liegt
821 1122 1787 1171 wird hoffentlich zeigen, dass mah auch von der
708 1132 810 1181 ler¬
1786 1160 2756 1212 sowohl die Untermang der Dialogs als in erster
811 1166 1787 1218 vielgeschmähten „Provinz“ aus Deutschlands
702 1162 806 1221 gen
1777 1194 2763 1250 Linie die Schilderung der reichen Gefühlswelt
813 1191 1779 1251 Schaubühnen erobern kann, wein sie der fort¬
704 1215 764 1257 V0
806 1233 2759 1284 schreitenden Jugend den Weg in die Oeffentlich-Pob, die Neumann in melodischem Flusse und bei
815 1275 2756 1317 keit bahnt. Um einen künstlerischen Fortschrift faller Eigenart nie Fatravaganter Harmonik er¬
706 1242 800 1348 rilht
805 1317 2756 1374 handelt es sich aber auch bei dem Werke unseres 1 blühen lässt. Sobald auch auf der Bühne der
1786 1350 2762 1411 Konversationsstil dem sentimentalen oder drama¬
804 1352 1780 1414 beliebten Kapellmeisters. Schon die Behandlung
1777 1391 2769 1452 tischen Pathos Platz macht, vereinen sich die
810 1395 1789 1449 des Orchesters und die Frische der musikalischen
1784 1433 2757 1485 Singstimmen mit den Instrumenten zu charakteri¬
805 1438 1789 1503 Erfindung heben es weit über das Niveau der
1779 1472 2765 1512 stischen Motiven. Man könnte sagen, durch den
813 1478 1781 1523 „Kapellmeistermusik“ in die Sphäre eines aus
692 1484 806 1567 telm
1779 1509 2765 1578 Alltag des Sprechgesanges bricht sich die Poesie
814 1514 1785 1580 innerer Notwendigkeit geschaffenen gediegenen
1789 1550 2762 1614 Bahn. Den Handelnden tritt das Herz in den
807 1546 1783 1619 Kunstwerks. Das kann um so freudiger aner¬
697 1575 812 1652 der
1779 1583 2770 1639 Mund und sie singen in der wahren Stimme
815 1593 1778 1654 kannt werden, als „Liebelei“ erst Neumanns
687 1627 807 1681 des¬
1787 1629 2757 1684 des Gefühls, d. h. mit dem Orchester in melo¬
809 1634 1780 1683 dritte Oper ist, sodass von diesem bedeut¬
1778 1672 2368 1724 disch-musikalischen Formen.
686 1663 806 1723 Hei¬
815 1679 1781 1726 samen Ausgangspunkte eine erfolgreiche Ent¬
682 1712 805 1764 unge
1848 1711 2767 1760 Der erste Akt der „Liebelei“ bietet neben
822 1708 1779 1751 wicklung zu erwarten stcht. Das eigene Neue
676 1744 810 1802 lahm
1779 1732 2767 1800 Unklängen von prickelnden Walzerweisen und
821 1750 1673 1807 in den musikalischen Ausdrucksformen,
1672 1751 1786 1806 das
683 1790 811 1845 ück¬
809 1783 1306 1840 Neumann neben der
1779 1788 2763 1855 anheimelnden Wiener - Leichtsinn - Motiven
1294 1795 1783 1847 virtucsen und doch
689 1829 811 1887 inst,
1788 1834 2766 1883 einen lyrischen Ruhepunkt in dem schlich¬
803 1829 1781 1890 diskreten Beherrschung der modernen musikali¬
1773 1860 1888 1913 ten
2265 1867 2470 1925 doppelt
1909 1865 2040 1923 und
2061 1867 2279 1922 darum
681 1870 814 1923 unft
2516 1872 2765 1936 wirksamen
813 1873 1766 1932 schen Machtmittel bringt, ist die Lösung des
1778 1891 1926 1950 Lied
1916 1906 2295 1965 der Christine.
686 1906 824 1966 haft
2293 1894 2762 1961 Er findet seinen
816 1909 1776 1970 Verhältnisses zwischen Ton und Wort. Wagner,
1774 1947 2763 1994 Höhepunkt in der dramatisch bedeutenden, im
695 1947 818 1996 inne
809 1954 1772 2000 als der Erste die Forderung der Einheit von
695 1989 805 2038 1er
1776 1994 2759 2040 Grade der Steigerung vielleicht sogar etwas
809 1988 1769 2044 Musik und Dichtung in die Praxis umsetzend,
1776 2024 2760 2071 übernommenen Forderungsszene, die durch ein
699 2024 1770 2086 icht Ischuf Text und Ton gleichzeitig. Ihm sind viele
714 2068 805 2120 in
1775 2063 2756 2117 rhytmisch ungemein packendes Unheilmotiv vor¬
807 2070 1770 2114 neuzeitliche Komponisten gefolgt, ohne die Voll¬
1787 2106 2765 2147 bereitet ist. Nach diesem in der Hauptsache den
707 2098 1781 2160 der Tkommenheit des Meisters zu erreichen, für den
1775 2143 2761 2193 Stil einer modernen ###schen Oper verkörpern¬
697 2150 1776 2200 en“ Jzwischen Sprache und Musik dieselbe automati¬
1783 2188 2763 2226 den Auftakt steigert sich der zweite Akt in dem
689 2189 1779 2243 enn I'sche Verbindung bestand, wie sie für den ge¬
1785 2225 2763 2283 gemütvollen Heim des Geigers Weyring zu lei¬
685 2229 1777 2280 Vor-Twöhnlichen Sterblichen Gedanke und Wort ver¬
1782 2256 2760 2308 denschaftlicher Liebeslyrik, steigert vielleicht
708 2256 1779 2308 auf [bindet. Nach den ersten Misserfolgen verzichtete
1772 2293 2756 2349 etwas zu stark. Denn nach dem in den Details
688 2294 1775 2356 irde, denn auch das komponierende Deutschland auf
1778 2343 2756 2394 prächtig gearbeiteten Zwischenspiel (Duell und
691 2348 1770 2393 des Iden dichterischen Lorbeer. Aber die Schickaneder
1788 2377 2766 2441 Tod Fritzens), das um zu ergreifen geschlosse¬
676 2371 1786 2441 inge- Iund Daponte blieben endgültig von der Bühne
676 2416 2769 2475 anze verbannt. Der Librettist ist tot, es lebe der iner gegliedert, ökonomischer gesteigert sein
1772 2452 2750 2508 müsste, bewegt sich derndritte Akt zu sehr auf
679 2461 1771 2505 ängt Ikongeniale Dichter! Mit der selbständigen Be¬
1785 2500 2753 2539 einem Gefühlsniveau, als“dass er noch ein Mehr
686 2493 1770 2560 jenes deutung des Opernbuches wächst nun auch die
1775 2538 2756 2594 bringen könnte. Es mag daran auch der Umstand
695 2543 1777 2605 des Schwierigkeit einen Dichter zu finden, dessen
1770 2566 2764 2631 Sghuld sein, dass wohl keine Sängerin nach dem
675 2579 1783 2636 einer! Werke dem Komponisten so sehr aus der Seele
1781 2621 2759 2670 anstrengenden ersten Akte Kraft zu einer reali¬
682 2617 1766 2671 tslos Igeschrieben ist, dass dieser seiner Individualität
1770 2655 2751 2704 stischen Gestaltung leidenschaftlicher Verzweif¬
691 2663 1771 2716 ent-Inur geringen Zwang anzutun braucht, um den
1775 2697 2758 2751 lung behält. So bietet der letzte Akt wohl einen
683 2690 1762 2745 Not-[musikalischen Gedanken dem dichterischen an¬
1777 2731 2763 2802 würdigen ergreifenden Ausklang, nicht aber einen
686 2735 1775 2790 kstejzupassen. Neumann fühlte sich von dem
1781 2776 2560 2828 wuchtigen abschliessenden Höhepunkt.
694 2777 1778 2830 Ab-wienerischen Milieu, dem tiefen Stimmungsge¬
682 2810 1774 2880 eber Thalt der Schnitzlerschen „Liebelei“ so stark an¬
1826 2818 2743 2877 Die Wiedergabe der Oper war unter der fein¬
688 2851 1765 2905 urch gezogen, dass er dies abgeschlossene Drama.
1779 2859 2745 2919 sinnigen Leitung des Herrn Dr. Rottenberg
696 2890 1764 2947 ge-Idem Beispiele Straussens folgend, Wort für Wort
1777 2907 2756 2959 eine ganz vorzügliche. Am rechten Orte stand
704 2934 800 2991 er¬
799 2934 1766 2979 vertonte. Während sich aber bei dem Komponi¬
1772 2952 2753 2998 vor allem Frl. Sellin, die weder an Süsse der
698 2976 1772 3028 des Isten der Wildeschen und Hoffmannsthalschen
1777 2980 2750 3029 Stimme, noch an rührender Mädchenhaftigkeit
679 3021 1761 3068 auchMuse die gehobene, blumige Sprache den geläu¬
1776 3024 2757 3060 der dankbaren Rolle Christinens etwas schuldig
682 3054 1764 3110 tlich!figen musikalischen Formen noch leidlich an¬
1769 3057 2763 3116 blieb. Stimmlich glänzend disponiert bewältigte
700 3092 1764 3137 Er- Pschmiegt, komponierte er ein in naturalistischer
1777 3101 2745 3165 Herr Gentner die heikelsten Stellen der
698 3128 1775 3188 Ge-!Prosa abgefasstes Drama. Zu diesem Ende
1785 3135 2750 3191 Tenorpartie, und deren sind nicht wenige, dank
690 3162 1769 3221 vor Imusste er die letzte Folgerung aus der Entwick¬
1773 3179 2748 3223 seiner Kunst der Stimmbehandlung, sodass man
685 3212 1759 3269 vor-lung des VVerhältnisses von Ton und Wort ziehen,
1769 3220 2742 3265 sich weder der physischen, noch der musikalisch¬
683 3258 1760 3310 wohllsich gewissermassen einen neuen Stil schaffen.
1774 3259 2750 3308 geistigen Anstrengungen bewusst wurde, die ihm
671 3288 814 3353 hoß
805 3291 1770 3338 Trotzdem wir von einem modernen Tonsetzer
1775 3297 2753 3348 wie allen Mitwirkenden Vorbereitung und Aus¬
681 3326 817 3391 Lei¬
803 3325 1758 3382 nicht geneigt sind, anzunehmen, dass er sich
1775 3335 2761 3376 führung des Werkese bereiteten. Anerkannt
681 3368 800 3425 ache
809 3369 1766 3427 einzig und allein von seinem dichterischen Vor¬
1770 3372 2754 3434 soll auch werden, dass er sich darstellerisch bei
710 3407 797 3458 ter
808 3409 1768 3456 wurf, mag er noch so bedeutend sein, in eine
1772 3409 2748 3466 der Gestaltung der seinem Stimmtimbre sehr zu¬
699 3445 761 3509 g
802 3446 1764 3490 neue Bahn drängen lässt, werden wir die in der
1775 3456 2745 3508 sagenden Gestalt mit feinem Takt stets im
720 3488 807 3543 rn.
800 3487 1757 3537 Liebelei geführte Tonsprache doch wohl kaum
1769 3483 2752 3549 Rahmen des Konversationsstückes hielt, wie ihm
717 3526 803 3582 en
808 3530 1768 3590 restlos als Neumanns musikalisches Glaubensbe¬
1765 3532 2743 3576 überhaupt aufdringliche Tenormanieren fremd
714 3563 789 3615 H.
807 3567 1762 3624 kenntnis ansprechen und demgemäss würdigen
1771 3574 2749 3623 sind. Ganz prächtig wirkte mit seinem weichen
701 3603 805 3653 us¬
800 3607 1760 3662 dürfen. Immerhin kennzeichnet sie die starke
1775 3612 2746 3666 Organ Herr Schneider als Weyring, in Maske
694 3630 800 3690 Zru¬
798 3648 1771 3698 Eigenart des jungen Komponisten hinreichend,
1773 3648 2751 3700 und Auffassung vielleicht die abgerundetste Lei¬
682 3676 799 3744 nste
798 3675 1776 3734 um zu beweisen, dass er nicht nur ein virtuoser
1762 3694 2748 3743 stung des Abends. Das muntere Paar Breiten¬
689 3721 806 3778 und
797 3722 1767 3781 Musiker sondern auch ein ernster Denker ist,
1768 3725 2746 3779 feld-Doninger hätte man sich kaum besser
655 3747 790 3812 Drach.
798 3762 1758 3816 dem neben der genialen Intuition die geistige
1767 3765 2748 3829 wünschen können. Die Interpretation der vom
654 3783 792 3857 S war
808 3794 1758 3856 Durchdringung der Form und des Stoffes eigen
1774 3804 2747 3871 Komponisten sehr lustig charakterisierten Klatsch¬
634 3821 798 3888 lie ans
800 3845 1758 3888 ist, ohne dass er sein Werk zum Schaden der
1771 3845 2739 3896 base durch Frau Wellig könnte einige Dämpf¬
623 3868 800 3928 b Kind
812 3880 2740 3945 Wirksamkeit mit technischem Ballast beschwert.1ungen vertragen. Der Intendant hatte für
605 3909 811 3967 lzvollem
850 3921 2754 3961 Um zwischen dem Realismus der Sprache und keine geschmackvolle Inszenierung gesorgt. Der
598 3950 800 4005 licht, nur
803 3948 1771 4026 dem stets idealisierenden Ausdruck der Musik
1763 3960 2746 4013 enthusiastische Beifall forderte neben dem Kom¬
584 3981 797 4045 Ezähmter
801 3996 2745 4070 die Brücke zu schlagen, löst Neumann die Be-Iponisten, dem Leiter und den Darstellern mit
582 4031 793 4089 & Herren
800 4044 2544 4082 handlung der Singstimme vom Orchester los. Recht auch Schnitzler vor di Rampe.
565 4074 1784 4138 FHeinel Er gibt ihr eine eigenartige Linienführung, lässt!
2476 4073 2693 4145 B. F. G.
