3484 4224
291 175 713 255 Liebelei
278 238 693 292 — —  —
825 179 1264 268 box 13/3
1567 102 2702 184 sie im Fluge auffängt, retiet und sich mit ihr triumphie¬
1569 147 2703 220 rend aus dem Staube macht, so kann kaum noch ein
1553 190 2701 260 Zweifel darüber obwalten, daß man auch den Tod des
1549 214 2707 301 inzwischen an einem Degenstich verblutenden Martin nicht
1548 268 2700 347 weiter tragisch zu nehmen braucht, wenngleich er dieses
1560 316 2708 391 Sterben mit tiefsinniger Rede begleitet: „Es ist bitter,
1553 347 2706 432 allein zu sterben, wenn man eine Viertelstunde vorher
1558 398 2702 479 noch geliebt, wohlhabend und der herrlichsten Hoffnungen
1548 444 2708 522 voll war.“ Der Tod des betrogenen Betrügers: Er verriet
1549 492 2687 566 die reizende Sophie, sein Herz gehörte einer anderen, der
1542 539 2699 611 er in die Arme eilen wollte. Und jählings eilte er dem
1549 569 1930 635 Tod in die Arme.
1642 599 2699 678 Ein für allemal: Wir lieben Spässe nicht, die sich um
1550 654 2700 740 das traurigste Ding im Leben, das Sterben, noch so witzig
1559 711 2684 767 ranken. Aber Schnitzler liebte ja dieses nahe Neben¬
1552 754 2687 821 einanderstellen spassiger Lebens- und Todesszenen und
1548 785 2693 865 bezog daraus wiederholt jene Kontraste, die in Wirklich¬
1542 827 2697 917 keit zwar schon manchmal bestehen, aber humoristisch
1541 864 2691 947 niemals sind. Freilich gab er diesem Humor immer einen
1537 920 2118 979 bitter mahnenden Unterton.
1637 969 2680 1044 Eine Aufführung dieses Puppenspieles im Theater
1538 993 2691 1080 ist ein nicht ungefährliches Wagnis. Der Regisseur Paul
1540 1054 2683 1120 Kalbeck findet den einzig möglichen Stil dafür. Er
1543 1085 2693 1154 gibt der Dichtung eine zarte Spieldosenmusik mit auf den
1536 1137 2684 1192 Weg und läßt sie „zwischen Trug und Wahrheit“ hin¬
1539 1180 2685 1236 gaukeln wie einen windgetriebenen Schmetterling. Die
1543 1223 2694 1301 drei Schauspieler, welche die Aufführung tragen, gehen
1542 1272 2684 1346 mit feinem Verständnisse auf diesen Ton ein, auf den
1534 1296 2671 1386 Ton der tragischen Groteske. Prachtvoll Herr Neu¬
1541 1347 2682 1438 gebauer als der breit bramarbasierende, brutal nach
1539 1387 2676 1465 seinem Glück greifende Cassian, von einer süß ver¬
1542 1431 2684 1504 träumten, dabei verderblich lockenden Anmut Fräulein
1544 1487 2677 1568 Czepa als Sophie. Hans Thimig aber, äußerlich
1539 1536 2679 1606 wie innerlich zunächst auf „Harlekin“ kostümiert, zahlt mit
1544 1574 2682 1653 ergreifender Wehmut die Zeche des ganzen Spasses.
1540 1601 2692 1697 Unbeschreiblich, wieviel Leid und Trauer doch im Antlitz
1535 1656 2058 1720 dieses „Komikers“ wohnt.
1613 1707 2670 1773 Dann folgte, als weitaus bedeutsamerer Teil des
1533 1748 2675 1827 Abends, das Schauspiel „Liebelei“, von unterschied¬
1541 1781 2693 1865 lichen Aufführungen des Burgtheaters und des Deutschen
1536 1826 2671 1901 Volkstheaters her bekannt. Schwerlich aber sah man es
1538 1880 2680 1927 je in einer so schönen, wie nun die des Josefstädter
1537 1917 2680 1988 Theaters ist (Regie Kalbeck). Oft erhobene Einwände
1538 1963 2690 2037 gegen das verspielt an der Oberfläche der Gefühle ver¬
1536 2011 2676 2081 weilende (erst zum Schlusse jäh und tödlich in die Tiefe
1539 2054 2666 2128 stoßende) Schauspiel mögen hier unterdrückt werden. Der
1543 2090 2680 2151 Vorübergang von vier Jahrzehnten hat bewirkt, daß selbst
1537 2142 2675 2205 Dinge, die damals auf kühne Weise neu schienen, heute
1531 2184 2682 2269 versöhnlichen Altersstaub tragen. Stark an diesem Schau¬
1525 2212 2680 2315 spiel ist immer noch seine wienerische Atmo häre, die
1546 2302 2687 2425 Zeichnung seiner Figuren. Was für ein echtpisierendes
1553 2345 2679 2439 Blut diese in sich haben, wird in so großer, erster Be¬
1561 2388 2688 2492 setzung doppelt offenbar. Da ist der alte Musiker Weyring
1562 2448 2686 2530 (ein Verwandter von Schillers Musikus Miller). An der
1557 2476 2665 2562 Burg svielte ihn als letzte seiner Rollen Girardi. Jetzt
1567 2510 2702 2619 stattet ihn Hugo Thimig mit einer unerhörten Fulle
1553 2570 2694 2659 menschlich echtester und theatralisch wirksamster Züge aus,
1557 2606 2701 2710 die Angst und der Schmerz des Vaters um sein leid¬
1568 2643 2705 2759 gefoltertes Kind sind atembeklemmend. Was verschlägt es,
1568 2693 2713 2790 daß der sächsische Tonfall dieses Künstlers sich in das
1570 2736 2705 2837 Wiener Stück nicht einfügen will? Hans Thimig
1560 2778 2712 2893 bringt für den jungen Fritz die zunächst nötige Leicht¬
1574 2816 2706 2913 lebigkeit und Unbekümmertheit nicht auf, um so schöner
1576 2866 2711 2969 und glaubhafter aber dann die Todesahnung, den schon
1577 2905 2720 3005 dem Jenseits verhafteten Blick. Den leichten Sinn der
1587 2947 2731 3060 jungen Wiener (von einst), das „Fesche“ dieser Lebe¬
1583 2991 2714 3094 jünglinge und Flaneure — der junge Herr Schnitzler
1584 3039 2719 3145 als Theodor bringt es vollender auf die Bühne. Fräulein
1583 3092 2713 3181 Czepa als Schlagermizzi: Vielleicht um eine Spur zu
1591 3114 2729 3218 nobel, zu wenig kuraschiert, zuviel gute Kinderstube be¬
1591 3170 2717 3265 weisend, aber freilich bezaubernd. Echteste Vorstadt in
1588 3214 2726 3293 Erscheinung, Sprache, Spiel: Frau Rosar als Strumpf¬
1589 3238 2733 3358 wirkersgattin Binder. Herr Hübner als fremder Herr
1596 3297 2719 3398 beschränkt sich weise darauf, keine andere Dämonie zu
1599 3335 2732 3437 spielen, als die des Schicksals. Wuchtigsten Akzent aber
1606 3383 2735 3483 erhielt der Abend durch Frl. Wessely, die Christine.
1612 3425 2730 3528 Zwei Akte lang scheue Verhaltenheit, mädchenhafte Karg¬
1612 3469 2732 3567 heit in Aeußerungen ihres Liebesgefühles. Dann aber, da
1614 3509 2738 3620 sie die Nachricht vom Tode des Geliebten erfährt, nein:
1602 3567 2733 3653 errät, da sie hört, daß er im Duell wegen einer anderen
1612 3603 2745 3692 Frau fiel, bricht Liebe und Schmerz zugleich in einem so
1608 3632 2757 3738 elementaren Aufschrei hervor, daß man überwältigt ist
1615 3699 2749 3788 von der grandiosen Wirklichkeitsnähe solcher Kunst.
1621 3724 2761 3824 Großer Beifall lohnte ihr, daß sie uns dieses Erlebnis
1612 3812 1909 3877 beschert hatte.
1728 3845 2053 3950 — Gusfun A.
