3436 4224
431 160 817 237 Liebelei
945 159 1392 263 box 10/3
250 166 829 284 5. Tenenng
785 948 903 1034 —
339 1043 1447 1142 Max Karfunkel's Nachrichten-Bureau, Argus“
410 1139 1394 1220 Berlin C., Poststrasse 29. Telephon V. 1227.
1189 1198 1376 1279 Paris.
781 1206 1096 1280 New-Vork.
431 1205 662 1282 London.
361 1255 1486 1324 (Liest alle Zeitungen der Welt und liefert aus denselben
535 1313 1264 1391 Ausschnitte über jeden Gegenstand.)
622 1473 1056 1579 Schlesische Ztg.
604 1554 1164 1644 Bres1au
743 1881 1094 1983 9-FEB. 96
650 1983 843 2043 r
309 2028 1609 2087 — Die zu Ende gehende Woche hat einmal wieder dem Deutschen
302 2069 1620 2155 Theater einen nach den letzten wiederholten Fehlschlägen doppelt
317 2117 1611 2177 vollkommenen Erfolg gebracht. Es verdankt ihn dem rührenden
321 2163 1614 2228 modernen Sittendrama „Liebelei“ des wiener Schriftstellers Arthur
322 2227 1618 2276 Schnitzler und mindestens ebenso seiner Darstellung durch Frau
319 2259 1615 2334 Sorma, Gisela Schneider, Marie Meyer, die Herren Reicher,
316 2303 1627 2379 Rittner, Jarno und Nissen. Den Gegenstand bildet die alte, aber
322 2376 1633 2429 immer neue und immer moderne und „zeitgemäße" Geschichte von
315 2395 1620 2476 dem reichen Jüngling (diesmal eine echt wienerische Pflanze), der
315 2455 1611 2515 durch die interessante, „dämönische“ Frau eines Anderen in ein
329 2500 1624 2574 geheimes, leidenschaftliches, aber ihn selbst quälendes, mit bangen
333 2563 1621 2609 Ahnungen erfüllendes Liebesverhältniß verstrickt worden ist und
332 2589 1614 2664 seinerseits von einem einfachen, armen, holden Geschöpfe, mit dem
327 2643 1625 2721 er „zur Erholung“ von jenen Aufregungen angebändelt hat, noch
331 2690 1624 2757 viel heißer und treuer geliebt wird. Er ist dieser ernsten, schwer¬
332 2738 1627 2811 müthigen, freudlos bei dem guten alten Vater, dem Geiger im
327 2792 1620 2854 Orchester eines kleinen Theaters, lebenden jungen Näherin und
322 2845 1628 2916 Notenabschreiberin alles. Bei ihm allein ist Seligkeit und ohne
337 2880 1627 2949 ihn der Tod für sie, während ihre Freundin, die kleine muntere
340 2949 1627 3000 Modistin, sich gar keine Illusionen und Gedanken darüber macht,
335 2969 1618 3040 daß ihr eigenes Verhältniß zu dem lustigen Freunde jenes Herrn
341 3024 1623 3099 Fritz höchstens für ein paar Monate geknüpft ist und sie dann
335 3067 1630 3139 einer anderen den Platz räumen wird. Fritz besucht jenes scheue,
346 3117 1636 3192 stille, heiß liebende Kind in ihrer Wohnung zum ersten Mal, um
346 3179 1632 3226 Abschied zu nehmen, ohne ihr zu sagen, daß er Wien nur ver¬
339 3214 1633 3287 fäßt, um der Pistole des Rächers seiner Ehre gegenüber zu treten.
344 3257 1636 3337 Die Nachricht, daß der Geliebte gefallen ist, treibt das Mädchen
345 3327 1633 3374 in den selbstgewählten Tod. Das Ganze ist ein Lebensbild,
354 3358 1620 3441 kin Sitten= und Seelengemälde von ebenso anmuthiger als er¬
346 3403 1623 3475 greifender Wahrheit, das in seiner hiesigen ganz vollendeten Dar¬
339 3449 1635 3518 stellung die Zuschauer freudig überraschte, innig fesselte und immer
342 3499 1635 3570 wieder zum wärmsten Beifall und zu zahlreichen Hervorrufen des
337 3563 715 3646 Verfassers hinriß.
1372 3585 1532 3673 L. P
2337 1124 2496 1217 32
1862 1231 2991 1324 Max Karfunkel's Nachrichten-Bureau, Argus“
1939 1301 2935 1390 Berlin C., Poststrasse 29. Telephon V, 1227.
1967 1362 2191 1439 London.
2714 1373 2904 1452 Paris.
2318 1369 2659 1452 New-York.
1884 1440 2997 1511 (Liest alle Zeitungen der Welt und liefert aus denselben
2077 1481 2788 1559 Ausschnitte über jeden Gegenstand.)
2007 1723 2767 1823 Neuer Theater- Diener
2444 1858 2730 1958 Berlin
2503 1992 2806 2098 9. 2.96.
1928 2073 2994 2200 Das „Deutsche Theater“ hat Dank der gusge¬
1851 2162 2994 2237 zeichneten Darstellung mit der bereits am Burgtheater
1855 2204 2988 2290 gegebenen Novität „Liebelei“ v. M. Schnitzler sinen
1853 2259 2994 2333 großen Erfolg erzielt. Mit seinem Schauspiel hat der
1855 2293 2985 2396 Autor ein starkes Talent bekundet; es ist ein warm
1855 2355 2603 2430 pulsirendes Temperament, es ist
2602 2363 2990 2439 Race in diesem
1859 2396 2989 2484 Werk. Die ergreifendste Darstellungskunst kam dem
1859 2437 2988 2528 Dichter zu Hilfe. Frau Agnes Sorma spielte die
1859 2494 2976 2579 neue Rolle mit unnachahmlicher genialer Größe. Wir
1845 2548 2974 2635 verweisen auf den ausführlichen Bericht in dieser Nummer.
1846 2609 2985 2687 Die ganze Aufführung war eine der besten, die das
1839 2662 2981 2753 „Deutsche Theater“ seit Langem geboten hat. Als Mo¬
1836 2692 2975 2782 distin Mizi war Gisela Schneider von einer pracht¬
1831 2734 2980 2818 vollen Frische und appetitlichstem Humor, und Herr
1841 2787 2974 2869 Jarno als echt Weaner'sches Früchtl bot eine köstliche
1834 2833 2980 2918 Leistung von flottester Liebenswürdigkeit. Rudolf Ritt¬
1836 2904 2974 2977 ner spielte den Fritz mit schlichtester Natürlichkeit, und
1833 2942 2973 3032 der alte Musikant war in der aus dem Leben schöpfen¬
1837 2994 2975 3097 den Kunst Reicher's eine so echt wirkende Gestalt,
1837 3037 2973 3138 daß man sich unwillkürlich fragte: „Wo hast Du nur
1839 3081 2959 3180 den Alten schon gesehen?“ Die Episode des Gatten
1823 3139 2960 3223 brachte Hermann Nissen zu eindringlichster Wirkung. Der
1822 3187 2939 3274 Novität voran ging der unverwüstliche „Zerbrocheen Krug“.
1832 3237 2965 3331 Hermann Müller hat als Dorfrichter Adam eine ganz
1825 3276 2969 3384 vortreffliche Leistung geboten und in vielen Zügen diesen
1820 3334 2993 3433 alten Sünder und Dorftyrannen ausgezeichnet getroffen.
