3484 4256
405 159 745 235 iebelei
891 153 1342 259 box 13/8
296 209 758 280 ne elte e enen en enene
1926 992 2894 1095 Bereitd in dei Bahe Eitzage "
228 1002 1475 1091 .... der Spfeeprovinzen Eschleße=die Situng-um 804 Uhr Abende.
2748 1074 2893 1160 WS
1277 1072 1587 1169 S
217 1165 1915 1246 sauch nur den Tag zu zu lassen und die sogar gern auf eine künstliche Manier
1939 1175 3142 1232 verzerrenden Kraft zwei Züge zusämmenfaßt, die sich in
730 1216 1923 1279 nachlässig ist. Dieses schlanke Prinzlein war dem plumpen,
1934 1208 3143 1284 der Persönlichkeit des Dichters wund rlich genug mischten
223 1240 497 1336 n ich auch!“
738 1269 1918 1334 immer armseligen David von ganzer Seele gut. Ich er¬
1939 1274 3143 1332 und kreuzten. In seinen jungen Tagen, da das Elend
724 1314 1923 1375 innere mich noch vortrefflich jenes grauen Oktobertages, da
244 1294 711 1394 Talent war weitaus
1938 1316 3143 1391 ihn zu dem Sänger der Noth reifen ließ, der er schließ¬
729 1365 1921 1436 wir an unserem gewohnten Tische im Café Ruthmayr
222 1356 704 1433 eniger, denn seine Be¬
1936 1371 3137 1437 lich geworden, schien er nichts Anderes zu sein, als ein
727 1407 1920 1476 saßen. Wir hatten just von der Kunst des Leitartikels ge¬
220 1403 705 1484 beltmännischen Anmuth,
1939 1426 3139 1477 mährischer Bauernstudent. Talent, Bildung, hohe geistige
250 1454 712 1531 in seine Ibsen'schen
724 1464 1916 1530 sprochen, und David erhob sich, um mir den jüngsten
1947 1468 3152 1531 Kultur — dies Alles konnte den Erdgeruch des Kuhlandes
731 1511 1917 1586 Leitartikel Veigelsberg's, den er im „Pester Lloyd“ gelesen
233 1505 721 1587 Dergleichen hätte sich
1937 1503 3138 1574 nicht bannen, der ihn umwitterte. Umso befremdlicher war
727 1553 1921 1628 hatte, als Muster vorzuweisen. Er suchte das Blatt auf
222 1552 711 1618 en. Warum das aus¬
1945 1572 3137 1626 es, wenn gelegentlich bei ihm der Sohn des Rabbiners
728 1602 1924 1656 einem fernen Tische. Herzl und ich — wir folgten seinen
218 1596 720 1685 gelegentliche Aeußerung
2007 1605 3140 1668 allerdings eines Dorfrabbiners — vorschlug und durch
720 1640 1921 1704 vierschrötigen Bewegungen mit den Blicken. Denn David's
235 1653 716 1731 Lebens, als er seine
1940 1648 3152 1711 ihn das Satirische in etwas — Saphirisches umgestülpt
725 1702 1928 1762 Wesen, in dem sich schon damals eine Knorre an die an¬
1945 1701 3028 1770 wurde. Nur Wenige wissen, daß David ein unterhalt
268 1694 707 1781 er noch einmal all
240 1725 280 1772 1
718 1753 1929 1806 dere setzte, interessirte uns, seit wir seine ersten Erzählungen
227 1748 714 1829 roßes, ein unsterbliches
1947 1752 3015 1814 Tischredner war und über den schlagfertigsten Witz ver
726 1807 1937 1876 gelesen hatten. Ich neigte mich zu Herzl und flüsterte
1941 1801 3043 1863 Als er von einem Chefredakteur, unter dessen Leitun
217 1802 718 1876 Fahr hindurch rang er
717 1841 914 1927 ihm zu:
1941 1844 3152 1929 mehrere Jahre gearbeitet hatte, Abschied nahm, sagte er ihm
217 1845 708 1914 der Miene legte er mir
817 1869 1928 1972 „Weißt Du, wie Ferdinand Groß David neunt? Es
1941 1901 2204 1980 humorvoll:
214 1885 714 1962 ht glaubte er, daß ich
2033 1928 3131 2024 „Schneiden thut weh — kleben Sie wohl!“ Snier
731 1930 1935 2006 ist ein köstliches Wort. Stelle Dir vor — er sagt, David
225 1940 714 2014 s Bühnenstückes sicherer
733 1992 1365 2065 sei ein — Steinklopferjainkef.“
220 1996 714 2063 Vielleicht wollte er mich
2031 1989 3150 2056 Der Chefredakteur war überhaupt für ihn eine Ziel¬
809 2016 1934 2108 Herzl lachte kurz und wurde dann sehr ernst. Mit
225 2041 713 2126 ingen und sich in ihr
1944 2032 3153 2103 scheibe für Bolzen und Pfeile aller Art. Er hat mir selbst
748 2085 1934 2164 einem bedeutsamen Blick aus seinen großen spanischen
1943 2088 3150 2153 erzählt, daß er einem Journalleiter, der ihm für einen
742 2134 1110 2216 Augen sagte er:
1960 2131 3148 2203 Roman zu wenig bot, eine sonderbare Lektion ertheilte.
219 2117 711 2215 hier in der Faust hab'
812 2163 1926 2266 „Der arme Teufel! Er wird es nicht lange machen.“
1955 2190 3151 2269 Als gälte es, auch einmal mit der Armuth zu protzen,
227 2184 719 2261 einem dumpferen Tone
818 2235 1721 2298 „Wie meinst Du das?“ fragte ich betreten.
1945 2235 2682 2321 sagte er dem vermögenden Manne:
221 2238 713 2304 fertig zu werden, lieber
2033 2270 3150 2351 „Sie dürfen mich nicht demüthigen, denn ich bin reicher,
824 2265 1934 2368 „Er wird wie jedes große Talent in der Jugend
220 2280 718 2355 en, daß ich drei Jahre
735 2316 914 2415 sterben.“
212 2334 723 2417 abe. Und ich sage Ihnen
1953 2331 3150 2390 viel reicher als Sie. Ich kann nämlich mit zehn Gulden.
814 2356 1490 2465 „Woher willst Du das wissen?“
1961 2379 3152 2441 einen ganzen Monat auskommen. Das können Sie nicht.
206 2380 722 2450 gun ist er nicht nieder¬
1964 2430 3150 2496 Darum bin ich unabhängig und ein Dichter, während Sie
825 2430 1210 2513 „Du wirst sehen.“
202 2434 712 2513 bei diesen Worten auf,
1944 2473 2790 2556 der Sklave einer Zeitung sein müssen!“
816 2462 1929 2566 „Was fehlt ihm denn? Er ist doch ein Riesenmensch
213 2479 718 2563 err zu werden weiß —
2018 2510 3151 2594 David fühlte sich eben. Als er zu Grabe getragen
813 2528 1076 2610 ein Bauer.“
227 2532 507 2615 der Brust.
1951 2567 3147 2645 wurde, da konnte Jedermann dessen inne werden, daß das
816 2551 1926 2661 Aber Herzl krümmte den Finger der rechten Hand
243 2568 726 2650 Hinscheiden prophezeite,
1946 2620 3147 2685 hochgespannte Selbstbewußtsein des Dichters seine guten
212 2603 1266 2700 Damals freilich, vor mehr] und wies auf die Brust.
1968 2668 3150 2739 Gründe gehabt hat. Er war Jemand. Das mußte an jenem
829 2675 1173 2745 „Hier sitzt es!“
217 2678 727 2747 weit von seinen messia¬
1960 2715 3144 2789 frostigen Novembertage auch dem Zweifler deutlich sein —
819 2705 1286 2797 Und so war es auch.
202 2722 722 2802 hoch nichts als ein geist¬
1951 2774 3158 2835 dem Spötter sogar. Denn dem Tode ist eine läuternde
827 2747 1936 2852 Die Leute, von denen da die Rede ist, weilen nicht
211 2773 724 2849 nahte, gab sich willig dem
1952 2820 3157 2887 Kraft eigen. So lange David noch mit plumpen,
738 2799 1939 2898 mehr unte den Lebenden. Und gar seltsam muthet es
195 2821 724 2882 ividualität hin. In seinen
1950 2879 3149 2930 schiefen Schritten durch das Leben wandelte, aus den kürz¬
742 2869 1943 2930 mich an, wenn ich mir vorstelle, daß Herzl in jenem
203 2871 718 2942 euilletons für das „Ber¬
1952 2923 3142 2980 sichtigen Augen mühsam hervorblinzelnd, mit dem stumpfen
735 2911 1933 2990 Augenblicke auch sein eigen Todesurtheil ausgesprochen
201 2917 718 3001 schäftigung aber bestand
1949 2960 3155 3037 Gehör mühsam in die Welt horchend, da machte sich
739 2964 1927 3034 hat. Denn es war ihm bestimmt noch vor Dem zu sterben,
206 2958 720 3041 rksamkeit, mit der er sich
1960 2999 3155 3094 Mancher, der ihm das Wasser nicht reichen konnte, über
740 3009 1939 3091 dessen Ende er vorhersagte. Und bei ihm saß das Uebel
204 3015 719 3095 ferei entfernt, die einige
1953 3062 3154 3132 ihn lustig, weil er nichts Anderes sein wollte, als ein.
739 3065 1241 3143 an derselben Stelle...
202 3058 726 3138 Er hätte nie gedacht, ein
1956 3096 3154 3161 Dichter. Aber als die Schollen dumpf auf seinen Sarg
817 3085 1932 3174 Steinklopferjainkef — diese Groteske übt heute den
219 3113 718 3189 Muster französischer Ro¬
1964 3151 3190 3220 fielen, da fühlten alle Anwesenden, daß die Wirklichkeit,
736 3154 1944 3234 Eindruck einer Blasphemie. Das bleiche Dulderantlitz ver¬
211 3160 726 3241 zielmehr bemühte er sich,
1961 3223 3158 3278 dieses Menschen Schein gewesen, daß die Vernichtung erst
736 3201 1883 3294 bietet jeden Spott, ja sogar jeden Scherz. Und gewiß.¬
236 3211 725 3283 die einen entschieden
1944 3253 2773 3323 ihm seine wahre Gestalt verliehen hat.
737 3252 1944 3321 die Karikatur ist weit davon entfernt, eine Charakteristik
233 3256 735 3343 Es war halt nicht die
195 3315 346 3397 sich sch
568 3312 1975 3402 #ersen zu sein. Dennoch ist nicht zu verkennen, daß sie mit ihrer
