3436 4256
1275 190 1354 289 7
900 188 1294 313 box 10
403 224 787 303 Liebelei
218 233 852 344 5. Lisseier
808 988 1249 1092 Telefon 12801.
2185 1025 2627 1128 Telefon 12801.
518 1099 1552 1181 Unternehmen für Zeitungs-Ausschnitte.
1902 1117 2917 1211 Unternehmen für Zeitungs-Ausschnitte.
1402 1148 1606 1229 Ausschmn
2760 1161 2985 1250 Ausschnilt
679 1161 1615 1326 „OBSERVER“ Nr. 4
393 1204 645 1326 105
307 1217 3100 1375 I. Sster. behördl. cone. Burenn für Zeitungeberichte u. Personalaach e 105 „OBSERVER“ Nr. 24
1674 1317 3133 1435 I. österr. behördl. conc. Bureau für Zeitungsberichte Personalnachrichten
469 1372 1579 1476 Wien, IX/1. Türkenstrasse 17.
1847 1401 2989 1504 Wien, IX/1 Türkenstrasse 17.
688 1466 1415 1543 Filiale in Budapest: „Figyelö“ —
2064 1476 2879 1588 — Filiale in Budapest: „Figyele“ —
390 1523 1645 1623 Vertretungen in Berlin, Chicugo, London, Newyork, Paris, Stockhol
1770 1559 3053 1662 Vertretungen in Berlin, Chicago, London, Nowyork, Paris, Stockholm.
287 1645 1655 1736 Ausschnitt aus: Caskoscne Bee.
1673 1618 3143 1754 Ausschmi aus: rese aetenedter
1155 1726 1635 1862 Saen J
283 1787 685 1892 vom 6/6%%,
1684 1818 2122 1960 vom 6762))
558 1916 1583 2022 — Residenztheater. Am Sonnabend jetzte Frl.
421 1966 1579 2076 „Irene Triesch vom Stadttheater in Frankfurt a. M. ihr
1929 1974 3043 2069 Residenztheater. Die am Sonnabend vor erbau¬
1808 2033 3032 2088 ungswürdig leerem Hause sich abspielende, durch eine Neueinstudir¬
440 2024 1569 2125 am Donnerstag bider mit Zola's „Therese Raquin“ be¬
1821 2067 2732 2154 und vorbereitete Aufführ#### von Arthm Schnitzler
430 2065 1579 2175 gonnenes Gastspiel mit der Rolle der Christine Weiring
1823 2115 2696 2177 stellte die neue Gastin der Residenztheaterbühne, F
429 2114 1570 2228 in Arthur Schnitzler's gutem Schauspiele „Liebelei“ fort
1822 2158 2680 2204 vom Stadttheater in Frankfurt a. M., die
427 2153 1562 2264 und errang damit einen wohlverdienten, besseren Erfolg
1825 2185 2709 2253 Monats als Thérêse Raqjuin nicht ungünstig del
1813 2218 2723 2274 eine weitaus dankbarere und werthvollere, aber d
417 2222 1566 2316 als bei ihrem ersten Auftreten. Leider ging das Stück
1814 2255 2756 2319 Darstellerin kaum voll entsprechende Aufgabe. Die
424 2263 1558 2350 vor recht schwach besuchtem Hause in Scene, die warme
1820 2290 2803 2352 mit besonderer Liebe und Sorgfalt gezetchnete Rolle
432 2301 1564 2412 Antheilnahme der Zuschauer an den so einfachen und doch
1892 2335 2816 2394 rtrauensvollen, hingebenden, mit der ganzen Inbr
416 2355 1568 2434 sehr spannenden Vorgängen auf der Bühne leistete einen
1914 2375 2786 2432 zlich erwachenden jugendlichen Frauenherzens liebend
1931 2402 2193 2464 er Christine per
2205 2405 2764 2479 angt gebieterisch nlch einer Da
425 2414 1560 2500 zwar geringen, aber gern gegebenen Ersatz dafür; der
1922 2441 2130 2502 end, Lieblick
2234 2445 2735 2519 zermanisch=schlichte Innigkeit.
2933 2428 3023 2521 der
418 2461 1546 2553 gute Griff, den das Residenztheater und Frl. Triesch in
1906 2481 2123 2533 keit in beson
2224 2489 2350 2544 Maße
2410 2482 2742 2555 Gebote stehen. V
2920 2504 3028 2549 iesen
417 2498 1552 2593 der Wahl der „Liebelei“ gethan hatten, hätte mehr Besuch
1839 2518 2136 2573 Eigenschaften bi
2236 2528 2747 2588 die Gastin nur blu wenig f
1822 2554 2185 2615 ihrer Aufgabe mit
2197 2555 2780 2627 insbesondere ließ es dieselbe an
420 2549 1550 2632 verdient, er war aber wohl nicht rechtzeitig genug bekannt
2893 2579 3028 2628 warm¬
1813 2601 2823 2664 quellenden Herzenstönen, die nicht nur im Busen ih
2872 2599 3031 2663 liebe¬
417 2589 1552 2692 geworden. Die gastirende Künstlerin überraschte wiederum
1806 2636 3023 2710 erfahrenen Partners (Fritz) etwas wie eine Ahnung von echter,
414 2633 1540 2723 durch die Einfachheit und Unmittelbarkeit ihrer Dar¬
1817 2674 3020 2736 wahrer, beglückender Frauenliebe aufdämmern lassen, sondern auch
417 2678 1543 2783 stellungskunst, die sich auf ergreifendste Weise am Schlusse
1816 2707 3020 2788 im Zuschauer erst das Verständniß für die tiefinnerlichen Herzens¬
1804 2735 2646 2814 vorgänge des liebenden jungen Mädchens erc
411 2734 1542 2831 des zweiten Aufzuges, wo Fritz von Christine vor seinem
2681 2750 3029 2822 ießen müssen, oft
1816 2784 2572 2843 recht empfindlich fehlen. Weit besser, n
2672 2796 2914 2853 uch nicht an
402 2792 1542 2860 Zweikampfe Abschied nimmt, ohne daß diese um sein Vor¬
1805 2821 2298 2882 elementare Ueberzeugungst
2447 2831 2613 2883 rSorma
2735 2835 3025 2900 gleichen Rolle
408 2833 1544 2931 haben weiß und am Ende des Stückes nicht minder
1811 2858 2266 2911 heranreichend, gelangen
2450 2867 2733 2924 ndie tragischen
2713 2867 2907 2923 Momente
1876 2901 2273 2951 tzten Aktes: der jähe
394 2884 1546 2972 zeigte, wo sie erfährt, daß Fritz um einer anderen willen
2436 2909 3029 2963 beim plötzlichen Aufleuchten der
1917 2925 2276 2994 ißheit, daß der Gelie
391 2915 1543 3012 im Duell gefallen ist. Nach jedem der drei Akte wurde
2449 2940 2713 2997 erzens todt, im
1946 2961 2330 3029 sei um der Liebe zu
2438 2983 2748 3037 Anderen willen,
2827 2873 2925 3039 10
392 2964 1527 3071 der Darstellerin großer und lebhafter Beifall gespendet.
2037 3010 2703 3073 mimische Ausdruck der Erkenntniß, da
2817 3016 2915 3082 die
389 3009 1534 3120 Um das gute Gelingen der Aufführung mühten sich redlich
2094 3051 2987 3121 nichts als ein Spielzeug, ein Zeitvertreib für den
390 3064 1525 3165 und mit bestem Erfolge die Herren Ignaz Janda, der
2097 3086 2974 3152 ngebeteten gewesen sei. Der Gesammteindruck, der
1834 3046 1902 3165 M0
258 3096 394 3184 Für
2116 3115 2934 3184 Gastin erweckte, war der einer spielgewandt
377 3111 1668 3208 die Rolle des alten Vaters Weiring sehr gut gab, und jclusive
1818 3141 1945 3206 denker
3004 3154 3116 3226 sive
2119 3148 2874 3233 Steigerungen und theatralische Wirkungen
1723 3152 1818 3243 Für
380 3149 1645 3251 1 Hans Siebert in seiner vorzüglichen Verkörperung des Porto.
1816 3192 1986 3246 bedachte
2109 3207 2857 3258 stlerin, die nirgends zu viel thut un
2998 3208 3106 3254 rto.
348 3188 1644 3301 2 Fritz Lobheimer; nicht minder verdienen Herr Karl Witt 'ahlbar
1818 3225 2057 3289 dringlich wie
2989 3243 3111 3297 hlbar
2122 3240 2836 3299 die aber andererseits der naiven Ursprüt
285 3235 1523 3351 . 16 als Theodor Kaiser, Frl. Else Nordegg als Mizzi Schlager
1511 3273 1673 3339 Voraus
1814 3270 2721 3333 und Lebenswärme, wie sie gerade die tragen
2996 3282 3140 3352 oraus.
1810 3311 2693 3377 Schnitzler'schen Liebelei“ erheischt, in mehr als zu
380 3314 1650 3415 und Frl. Julie Kronthal als Frau Binder volle An¬ te ist
1741 3342 1823 3392 „
1814 3346 2500 3411 entbehrt. Die fast dürchwes neue Be
2915 3346 3186 3412 len ist das
272 3353 389 3422 Ahon
384 3350 1653 3455 erkennung; Herr Alfred Lewent faßte seinen kurzen Part teht es
1800 3382 2480 3440 mit den Damen Nordego (Mizzi), Kro
2843 3391 3185 3460 und den ht es den
373 3386 1597 3501 als betrogener Ehemann etwas zu theatralisch und kon¬ gn.
1721 3415 2483 3492 Ab Herren Siebert (Fritz), Witt (Theodor)
259 3395 710 3523 # ventionell auf.
2833 3444 3033 3497 is Vater)
1729 3450 2511 3526 ab, war als eine sehr glückliche zu bezeichner
2622 3457 3008 3528 ei flottem Zusammen¬
1802 3501 3008 3569 spiel das ebenso zeitgemäße als lebensvolle Schnitzler'sche Schauspiel
1783 3534 2828 3617 auf's Neue einer tiefer berührenden Wirkung zuführte.
