3484 4224
443 192 827 272 Liebelei
920 196 1404 294 box 12/1
274 200 877 312 5. Mennnnn cen
1141 794 1538 891 Telephon 12.801.
1321 906 1387 968 4 *
998 940 1089 1004 —
588 946 1353 1057 „OBSENVER
435 1018 1532 1103 1. österr. beh. konz. Unternehmen für Zeitungs¬
645 1094 1321 1147 Ausschnitte und Bibliographie.
623 1130 1393 1224 Wien, I., Concordiaplats 4.
834 1200 1161 1274 Vertretungen
442 1240 1546 1312 in Berlin, Brüssel, Budapest, Chicago, Cieveland, Christiania,
454 1292 1549 1353 Genf, Kopenhagen, London, Madrid, Mailand, Minncapolis,
457 1329 1541 1398 New-York, Paris, Rom, San Francisco, Stockholm, St. Peters¬
849 1379 1146 1435 burg, Toronto.
818 1414 1199 1480 Ouellenangabe ohne Gewähr.)
449 1481 850 1567 Ausschnitt aus:
856 1475 1534 1578 eager Rauests Nachiiehter
674 1545 977 1631 25 1 1911
456 1611 620 1666 vom:
754 1684 1326 1778 Theater und Musik
608 1768 1516 1839 Berliner Oper. Die dreiaktige Oper „Liebe¬
565 1807 1519 1878 „kei“ des Frankfurter Theaterkapellmeisters Franz
567 1855 1517 1910 Neumann ging hier in der Komischen Oper,
567 1907 1518 1956 wie schon telegraphisch gemeldet, unter tumultuari¬
573 1940 1517 1987 schem Beifall zum ersten Male in Szene. Wie
568 1982 1505 2027 bereits von anderer Seite den Lesern der Münchner
566 2014 1512 2063 Neuesten Nachrichten mitgeteilt wurde, hat der
568 2045 1520 2103 Komponist das bekannte Stück von Artur Schnitzler
570 2093 1520 2145 fast wortgetreu in Musik gesetzt.—Die Schnitzter¬
578 2132 1516 2183 sche Dichtung welche vor mehr als 10 Jahren über
578 2172 1511 2231 beinahe sämtliche Bühnen des In= und Auslandes
569 2214 1519 2262 ging, wirkte, abgesehen von der feindifferenzierten
572 2252 1521 2302 Psochologie des Stoffes, nicht zum mindesten durch
573 2287 1517 2339 den zierlich geschlifsenen Dialog. der bei aller ge¬
570 2301 1533 2374 legentlichen wienerischen Alltäglichkeit des Aus¬
578 2367 1527 2419 drucks dem Milien der Handlung jene Intimität
586 2413 1524 2456 verlieh, die der tragischen Liebesgeschichte den be¬
572 2448 1524 2498 sonderen Unterton verlieh. Die ästhetisierende
568 2490 1526 2543 graziöse Plauderkunst Schnitzlers musikalisch aus¬
572 2537 1526 2575 zudeuten, ist ein Unterfangen, das selbst in kon¬
571 2558 1517 2635 genialer Vertonung komisch anmuten muß. Nun
583 2597 1520 2655 ist aber Franz Neumann alles andere, nur kein
574 2644 1518 2694 genialer Tonsetzer. Er ist ein guter Musiker, der
586 2675 1524 2736 alles gelernt hat was man füglich lernen kann, der
592 2716 1528 2771 sich in den Partituren seiner komponierenden Kol¬
587 2755 1515 2808 legen fleißig umgesehen und anscheinend den Jung¬
580 2804 1522 2849 italienern, insbesondere Puccini eine große Liebe
584 2834 1524 2889 entgegenbringt. Mit diesem Können, mit dieser
588 2882 1530 2928 von der Musiksonne Italiens mehr oder weniger
581 2923 1526 2967 beschienenen Phantasie ist Franz Neumann diesem
588 2993 1526 3044 und hat all die Zierlichkeiten der Schnitzlerschen
571 3032 1541 3096 Sprache, all die aus dem Milieu heraus geborenen
561 3127 1497 3198 Platituden musikalisch faustdick unterstrichen und
554 3172 1496 3231 vergröbert. Daß dadurch der Stimmungszauber
572 3208 1498 3261 der Dichtung vollständig in die Brüche gehen mußte,
577 3242 1508 3299 ag auf der Hand, daß aber durch die alles brutali¬
572 3287 1500 3346 ierende Komposition den handelnden Personen,
567 3324 1504 3381 nsbesondere der Christine, eine ganz andere Phy¬
574 3376 1514 3434 iogriomic gewaltsam aufgedrückt wurde, das war
574 3414 1514 3466 ärgerlich und ist auf alle Fälle verurteilenswert.
571 3436 1511 3506 Diese Oper hat für die Kunst und ihre Entwick¬
560 3476 1519 3542 lung keinen Wert, doch verdient sie unser Interesse
560 3524 1507 3579 deshalb, weil sie mit drastischer Deutlichkeit die
568 3554 1517 3616 Kunstgattung „Oper“ als das Produkt der Lüge
572 3604 1523 3655 geißelt die es wirklich ist. Möglich ist es, daß dieses
562 3638 1512 3691 Moment dereinst eine Erinnerung an diese thea¬
564 3673 1528 3726 tralische Eintagsfliege zuläßt. Die Aufführung
578 3713 1528 3772 selbst war gut. Es war die letzte Inszenierungs¬
569 3762 1533 3808 leistung des Direktors Gregor, dessen Abgang von
575 3783 1527 3849 hier trotz seiner kontramusikalischen, andexerseits
571 3808 1545 3903 aber außerordentlich ideenreichen Regiekunst leb¬
577 3880 967 3941 haft bedauert wird.
1043 3877 1513 3960 Adolf Göttmany
595 3930 1559 3985 Berlin. „asabangen Oe fanba.
2265 762 2894 996 „OUOR. 2
2800 840 2951 939 D.
2045 805 3184 1120 —.—
2203 880 2862 1106 de Pe erthen
2003 951 2500 1099 Sbunth, bant vehmn
2010 993 2409 1094 dent Kopenhrch, 1.
2392 981 2704 1103 eengen
1984 1024 2357 1125 Vow- Work, Bracke
2493 1061 2561 1156 N
2361 1075 2432 1153 110
1958 1156 2340 1239 Ansschultt aus:
2726 1214 2840 1303 Ge
1943 1265 2870 1368 ven: 25 Jl 191PuSRaHsene Welt
2464 1333 2714 1418 Berlin
2246 1461 2731 1557 Aus Berlin.
2293 1539 3241 1613 Franz Neumann's „Liebelei“ kam am letzten
1802 1532 2232 1614 Komische Oper
2286 1577 3238 1659 Freitag in der Komischen Oper zur Aufführung.
1727 1596 2256 1669 Neumann's „Liebelei“.
2252 1650 3246 1709 Nach den kritischen Betrachtungen, die Hugo
1730 1684 3253 1729 Schlemüller in Nr. 39 und Karl Wolff in Nr. 51 des vorigen Jahrgangs
1722 1734 3239 1797 dieser neuen Oper gewidmet haben, bleibt hier wenig zu sagen übrig. Franz
1717 1770 3249 1855 Neumann ist ein geschickter Musiker, leidet aber besonders stark unter den
1724 1837 3240 1908 Nachteilen dieses Vorzugs. Er ist eben so geschickt, dass er garnicht merkt,
1726 1876 3250 1957 wie leicht er sich die Sache macht. Ihm schwebte das Ziel eines deutschen
1727 1932 3261 2015 Opern-Konversationsstils vor, zudem hatte ihm wohl die leichte Grazie von
1722 1968 3232 2061 Puccini's „Bohème“ — mutatis mutandis. — als Nachahmungs-Möglichkeit vor¬
1716 2018 3237 2100 geschwebt, und so begann er die Worte des Arthur Schnitzlerschen Dialogs so
1724 2087 3245 2154 unbekümmert durchzumusizieren, wie man in übermttiger—Läune auch eine
1724 2135 3233 2177 Komposition der Speisekarte improvisieren mag. Seine treffliche Orchestrations¬
1719 2179 3247 2239 technik und sein an und für sich gesunder musikalischer Sinn liessen ihn die
1714 2226 3230 2295 gefährlich nahen Klippen der Geschmacklosigkeit umschiffen, aber zu Fein¬
1720 2280 3241 2341 sinnigem und Bedeutungsvollem konnte er auf dem eingeschlagenen Wege erst
1714 2335 3232 2405 recht nicht kommen. Wo die Dichtung ihn zum Rührenden zwingt, worsie in
1730 2439 3248 2531 aller Einfachheit doch eine echte tragische Note verlangt, wird des Komponisten
1737 2491 3255 2588 Attitude vollends ganz Hohlheit, und der Orchestersatz zwischen dem zweiten
1730 2553 3252 2628 und dritten Akt muss selbst dem Nachsichtigen als vollendeter „Kitsch“ er¬
1740 2583 3255 2694 scheinen, Trotzdem, oder auch deswegen, wird die Oper „Liebelei“ auf einen
1725 2632 2353 2711 Zeit lang ihr Publikum finden.
1837 2693 3252 2803 An dem bescheidenen Masstabe unserer Komischen Oper gemessen, wary
1718 2721 3249 2848 die Aufführung nicht schlecht, nur dass Maria Labia als Christine ganz und gar¬
1723 2778 3249 2883 nicht am Platze war. Diese gewaltsame tragische Pose sucht man gewiss
1715 2833 3229 2930 unter sämtlichen Wiener Musikantentöchtern ganz vergeblich. Und zu welch'
1711 2870 3238 2985 einer harten, unangenehm-metallischen, explosiven Tongebung hat der vierjährige
1714 2921 3232 3024 Dienst an der Komischen Oper die einst schöne, hoffnungsvolle Stimme der
1708 2984 3238 3089 Labia erzogen! Am besten trafen den leichten Ton der Schnitzlerschen Dichtung
1715 3024 3239 3119 Susanne Bachrich als Mizi und Richard Wissiak, an die der Komponist keine
1714 3072 3227 3185 besonderen gesanglichen Anforderungen stellt. Herr von Reznicek dirigierte
1705 3143 3223 3229 mit Hingebung. Für die Inszenierung zeichnete Hans Gregor, also war er wohl
1711 3167 3234 3261 auch für das helle Tageslicht verantwortlich, das im zweiten Akt, der doch am
1701 3234 3239 3320 Abend spielt, durch die Scheiben strömte. Und dabei pflegt doch grade die
1710 3276 2678 3371 halbdunkle Bühne sonst Gregors Vorliebe zu sein.
