3484 4224
482 157 862 235 Liebelei
1003 158 1454 256 box 10/3
303 165 902 278 5. LiaLSTeT
2500 804 3396 873 „wahtennru
2364 816 2474 892 0-
477 871 3402 929 Abe sie siel doch wenig ins Gewicht gegen= tion gegenüber diesem Gesetzwerk bereits zu wie der Sozialdemokrat Stadthagen, an die
2468 904 3396 955 Schmerzenskinde unserer Juristen noch allerh
485 914 2481 975 über der erfreulichen Erscheinung, daß sich bei solcher Vollendung gebracht, daß wir uns zu
2463 935 3406 1008 häßliche Auswüchse bemerken, die sie in, der K
476 951 2477 1012 allen anderen Parteien, auch soweit sie anfäng= jedem Zugeständniß verstehen könnten, das nur
2464 986 3406 1038 mission gemächlich beschneiden wollen. In die
475 1002 2465 1086 lich im Einzelnen schwerwiegende Bedenken gegen einigermaßen mit unserer Ueberzeugung in Ein¬
2462 1029 3411 1111 Weise wird die Debatte wohl noch einige T#
472 1046 2473 1108 den Entwurf erhoben hatten, diesem gegenüber klang zuringen ist; wenn wir auch vielleicht
2458 1072 2805 1144 sich fortwälzen.
475 1098 1265 1154 ein erfreulicher Umschwung vollzog.
1481 1101 2478 1164 zum Schluß zu der resignirenden Erkenntniß
1247 1100 1485 1158 Ein Um¬
2547 1092 3399 1172 Die Konservativen möchten Herrn Stö
1475 1136 2482 1216 gegenüber dem bürgerlichen Gesetzbuch gelangen
480 1143 1488 1217 schwung der von der weitsehenden und vernünf¬
2472 1138 3407 1218 gern zu einem völligen Rücktritt aus dem vol
1489 1189 2475 1246 werden: Ich habe schon so viel für Dich ge¬
479 1196 1479 1257 tigen Anschauung ausging, daß nichts thörichter
2467 1205 3403 1252 schen Leben veranlassen. Nachdem die „Kreuzz
1471 1235 2471 1311 than, daß mir zu thun fast nichts mehr übrig
478 1249 1482 1315 wäre, als deshalb, weil man nicht Alles er¬
2470 1247 3384 1302 und der „Reichsbote“ schon allerlei zarte o
1489 1285 1648 1359 bleibt!
2467 1280 3384 1345 auch unzarte Winke gegeben haben, kommen
467 1275 1330 1347 reichen kann, nichts erreichen zu wollen.
1550 1305 3402 1384 Möchten doch Alle zu dem Standpunkt, auch die „Dresd. Nachr.“, das Organ der säch
570 1314 1490 1385 Leider haben nicht alle Parteien sich der
2470 1418 3413 1481 daß man auf einer Sekundärbahn weiter beför
1483 1419 2480 1477 Schnitzler ein großes, psychologisch glücklich arbeitendes
490 1426 1480 1520 Theater, Kunst u. Wissenschaft.
2484 1454 3372 1533 wurde. Alle Augenblicke wurde angehalten
1479 1471 2475 1528 Talent zu, bewundere die Symphonie seiner Empfin¬
2482 1499 3410 1568 ein Schoppen Interesselosigkeit genehmigt. Beobac
1480 1506 2484 1578 dungen, die in seinem Werk harmonisch zusammenklingen,
546 1498 1491 1566 A. Dl—r. Die neuerlichen klassischen Anwandlungen
2477 1551 3390 1615 ließ sich die dramatische Gegend dabei ganz nett,
1481 1557 2485 1618 und stehe mit Andacht vor der Poesie der Liebe, die der
472 1544 1490 1618 des Deutschen Theaters, über die wir verschiedene Bulletins
2474 1607 3406 1660 wirklich interessant waren nur die paar Höhepunkte, d
1491 1614 2480 1680 „Liebelei“ sozusagen die erloschenen Augen zudrückt.
480 1605 1488 1676 herausgaben, haben sich zu einer Kongestion heftigster Art
2477 1644 3394 1706 erster die Scene zwischen dem Gatten und seinem
1482 1659 2478 1715 „Liebelei“ schließt mit einem Schmerzensschrei wahrer
476 1656 1480 1726 gewendet, die nur durch eine kalte Kompresse etwas be¬
2483 1694 3411 1752 schänder, deren zweiter und letzter die Liebesklage der
1484 1698 2488 1760 Liebe, und diese Liebe ist's, die dem Stück und seiner
482 1702 1486 1768 hoben werden konnte. Die von Premièrenfiebern ange¬
2482 1719 3403 1796 lassenen Christine im dritten Akt ist. Anfangs d
1492 1748 2489 1802 Moral, wenn davon überhaupt zu reden — ein Ende
475 1737 1483 1802 griffenen Köpfe erhielten eine kühle Kleistvorstellung zur
2478 1784 3402 1846 dritten Akts überkam mich die dreimal heilige Furcht,
1480 1792 2477 1854 mann. Zuvor der skelettirte Inhalt: Einer jener Luxus¬
480 1807 1484 1852 Beruhigung. „Der zerbrochene Krug“, über den Direktor
2476 1811 3408 1892 er mit Mord und Selbstmord enden würde. Und si
1476 1837 2491 1902 studenten, deren Hauptbeschäftigung das Studium des
465 1843 1490 1901 Brahm, der Evangelist Kleist's, einst so viel Hohes pfal¬
2486 1880 3407 1937 füllte sich; Schnitzler konnte es sich nicht entgehen 1#
1488 1883 2485 1941 Weltgenusses ist, hat ein Verhältniß mit einer Frau pou¬
482 1882 1493 1946 mirte, wurde einem modernen Schauspiel, „Liebelei“ be¬
2482 1913 3413 1979 den alten, niederträchtig trivialen Todesausgang ##
1474 1916 2490 2004 pa#ser le temps. Die zeitweilige Muße, die solch ein
480 1933 1491 1988 titelt. beigegeben. Das Shakespeare'sche Wort zu paro¬
2486 1949 3400 2023 führen. Ein Mädel, gesund, ja geistesstark in all
1483 1972 2484 2036 Verhältniß auferlegt, läßt ihn eine Spielerei mit einer
476 1969 1495 2034 diren, „lachte Brahm mit dem einen Auge Schnitzler und
2477 2013 3402 2076 Anschauungen, empfindet bei der Todesnachricht ihres
1497 2020 2483 2081 armen Musikantentochter Namens Louise Millerin,
480 2026 1484 2098 weinte mit dem anderen Kleist.“ Mit dem Krug wurde
2476 2066 3411 2134 liebten, daß „sie ihm nichts“ war, daß er
1481 2060 2485 2128 pardon Christine Weiring beginnen. Das Mädel,
483 2070 1486 2128 eine Art Libation dem „alten Modernen“, mit der
2488 2090 3402 2163 ihr sprach, wie von seinem Zimmer, seinen Frem
1483 2113 2484 2173 ein jungblütiges Hausmütterchen, nimmt die Sache ernst.
476 2113 1488 2177 „Liebelei“ ein — Hochachtungsschluck dem „neuen Moder¬
2477 2145 3402 2225 seinen Cigarren u. s. w. und im Schmachgefühl dieser
1479 2161 2490 2216 Gerade zur Zeit, wo der Luxusstudent dem Gatten tödtliche
480 2153 1480 2220 nen“ gebracht. Der Vorläufer, gewissermaßen der Johannes
2480 2204 3372 2268 achteten Stellung zu ihrem Ideal, will sie zu#f
1481 2200 2492 2269 Rechenschaft geben soll, überkommt auch ihn etwas wie
466 2206 1481 2265 der Täufer der Modernen, Kleist, erhielt seinen Einakter
2485 2246 3405 2303 Grabe; man verweigert ihr dieses billige Bitten, austa
1491 2254 2481 2302 Liebe zu dem armen Ding — doch er geht und
481 2249 1492 2310 mit dem Vermerk „gut“ zurück, und als Prämie wurde
2484 2280 3412 2354 dahin zu geleiten, eine Austobung ihres #
1489 2297 2482 2363 fällt dem Pistolenschützen Hymens zum Opfer. Das Mädel
481 2298 1499 2360 ihm eine Besetzung zweiter Klasse zu Theil. Herr
2483 2329 3397 2390 schmerzes zu gestatten!! Warum weiß ich nicht; i
1495 2337 2488 2394 oder besser „die Kleine“, erfährt davon erst, als alles vor¬
476 2342 1491 2414 Müller=Hanno hatte als Dorfrichter Adam eine
2487 2374 3404 2453 scheinlich nur darum, um ihren Sprung in's Wasse
1491 2382 2484 2443 bei, ihr „Fritz“ begraben ist, und stürzt sich aus dem Bache
470 2388 1496 2442 eigene Auffassung; ohne der Komik Dörings, noch der
2483 2423 3382 2488 „dramatische Nothwendigkeit“ erscheinen zu lassen!
1481 2435 2489 2492 ihrer Thräuen in die in der Nähefließende Donan. Dieses ernste
472 2440 1493 2494 Charakteristik Krauses ganz ebenbürtig zu sein, bot er doch
2489 2456 3399 2532 ist meines Erachtens eine Schwäche der Dichtung,
1485 2482 2486 2529 Liebespärchen aus Zeitvertreib hat der Verfasser mit einem
483 2483 1484 2546 eine achtungswerthe Leistung. Nach meinem Geschmack
2486 2522 3389 2580 sie kein Mittel weiß, ihre bis dahin gesunde, wenn
1493 2526 2489 2580 andern, lockren Liebelei=Duo kontrastirt. Die Sceuen dieser
474 2527 1492 2590 „vergeistigte“ er den Adam zu sehr. Pfiffig und dick¬
2488 2558 3401 2621 schwärmerische Heldin von dem „Wasser“ fern zuh
1491 2574 2488 2630 beiden Paare sind kunstgerecht gemischt. Späßchen folgt
475 2576 1489 2629 schädelig ist ein Bauer vom Schlage Adams; das Müller¬
2478 2612 3406 2673 Das ist eine Schwäche, ja ein Bruch im Empfinde
1485 2621 2481 2682 auf Ernst und umgekehrt. Der erste Akt zeigt ein Jung¬
484 2625 1495 2676 sche Kolorit deckt diesen Rembrandt=Buren nicht ganz
2482 2659 3403 2717 die bedeutende Arbeit, daß dieser „Klage des gekrä
1486 2664 2483 2725 gesellenheim mit obligatem, unvorbereitetem Souper und
475 2664 1490 2729 Von den übrigen Kleist=thätigen Darstellern lebt in meiner
2481 2703 3398 2765 Herzens“ kein Trost zu finden, nicht einmal der B
1492 2705 2485 2768 den beiden süß und bitter girrenden Pärchen. Sie fliegen
484 2716 1496 2762 Erinnerung noch die Frieb, ist mir die Schramm
2488 2755 3398 2811 des Grabes als eine äußere Ablenkung zu ermög
1490 2748 2487 2810 auf, als der „Gatte“ eintritt und seine Hörner an seinem
472 2753 1494 2819 noch gegenwärtig. Friede deshalb mit den Herrschaften,
2488 2798 3398 2849 war! Christine war bisher nicht als „vom Stamm
1498 2800 2491 2866 Gegner wetzt. Die Scene zwischen dem Betrogenen und
471 2806 1500 2872 die ihr Bestes gaben und mit Anstand die schwere Prüfung
2494 2841 3404 2899 Asra“ gezeichnet; trotz aller tiefen und wahrende
1486 2842 2486 2903 dem Ehebanditen war von fast unheimlicher Wirkung.
478 2855 1500 2905 „den zerbrochenen Krug“ gauz zu halten, bestanden. Ar¬
2493 2874 3382 2941 schaft schmeckt „diese Limonade matt“ liebe
1496 2893 2482 2943 Hier habe ich gleich Herrn Nissen den Preis des Er¬
473 2897 1488 2957 thur Schnitzler hatte es dagegen besser, ihm strahlte
2484 2912 3380 2999 Die Darstellung hat des Erfolges besten Theil für
1488 2945 2484 2992 folges des ersten Aktes in Hochachtung zu überreichen.
479 2945 1493 3012 das lachende Auge des Direktors in huldvollst gewährter
2490 2981 3382 3031 Anspruch zu nehmen! Frau Agnes Sorma
1484 2987 2481 3056 Die Rolle ist nur episodisch, aber sie ließ den Prometheus¬
479 2991 1497 3044 erster Besetzung! Oder hatte Direktor Brahm die woh
2482 3027 3392 3085 diese Christine. Selten wirkte das große, reiche
1493 3029 2490 3087 funken des echten Talents Nissens hell erstrahlen!
484 3035 1495 3097 begründete Befürchtung, daß eine laue Darstellung das
2484 3072 3383 3126 der schönen Frau so einheitlich, wie in dieser
1494 3076 2490 3137 Schon im ersten Akt erzählt der Verfasser Feuilletons,
474 3080 1489 3137 Werk gefährden könne, da es viel, viel mimischen Rück¬
485 3135 3377 3174 grats bedarf? Von ganzem Herzen gestehe ich Herrn und das größte Wohlwollen wird nicht leugnen können, Diese rührende Einfachheit und dieser sich allmähli
525 3160 3403 3239 Das „Veriner Prendenbiant is durch Vertrag mit den „Verein Vierliner Gastbofsbesitzer“ in einer den Zinmern de Heleis ensprecheih
540 3236 3388 3326 Hotels jedem Gast auf's Zimmer gelegt. — Das „Berliner Fremdenblatt“ ist das einzige Blatt, das in den Hotels an die Fremden vertheilt werden
998 3287 3391 3363 den Hotels erhält. Auch ist das „Berliner Fremdenblatt“ das officielle Organ der „Centralstelle für den Berli
568 3345 1423 3578 Oledt Fusé(
792 3520 1739 3679 10 4
