3484 4224
1003 141 1433 248 box 10/4
490 146 838 229 Liebelei
292 154 877 277 5. LI
2615 254 3180 393 1Jaho 6½ 4.
555 334 1824 447 3 „Liebelei“ von Arthur Schnitzler. Ein Gemisch von
1857 216 2605 460 oluc Mede
2851 375 3288 490 G%
576 429 1814 505 *'Hochzeiten, Kindtaufen, Küssen, Trennungen und Tod
1844 455 2056 530 evue.
2194 422 2757 533 9 Delereun
2924 454 3079 570 169
588 465 1827 583 dieses Leben! Was ist hier groß, was ist klein?
1839 569 3071 652 sein mag. Und man fühlt es deutlich, als das Mädchen,
599 553 1831 639 Und giebt das Leben absolute Tragik oder abso¬
1835 633 3057 701 nachdem sie den Geliebten zum Abschied geküßt hat, ihm
592 634 1827 698 lute Komik? Gibt es etwas Großes, das nicht aus
604 696 1827 771 Kleinigkeiten gemischt wäre, etwas Kleines, das nicht mit
1833 709 3074 779 plötzlich nachstürzt auf den Flur. Wer hat nicht schon
359 634 596 818 Zece
1831 755 3075 837 einmal irgend etwas Ernstes, Großes, das geschehen
603 766 1841 845 Großem verknüpft wäre? Es gibt nichts Großes
1840 813 3075 888 war, in leisen Schwingungen vorausgefühlt? Und am
603 824 1844 898 und nichts Kleines, nichts Absolutes. Absolute Tragik
336 808 575 926 02#0
1841 860 3076 931 deutlichsten kündet sich der Tod an. Technisch ist die
602 872 1831 962 und absolute Komik gibt es nur auf der Bühne und auf
1838 925 3064 1010 Stimmung, die über dem zweiten Akt liegt, nicht so vol¬
607 945 1829 997 der alten Bühne, fügen wir hinzu, wo das Leben von
317 800 590 1054 2
1842 980 3065 1058 lendet wiedergegeben, wie im ersten: die Abschiedsscene
596 992 1824 1071 den Lampen an den Soffiten beleuchtet wurde — künstlich
1840 1047 3069 1124 hat zu langsames Tempo und büßt daher ihre Wirkung ein.
608 1051 1825 1118 — nicht von der Sonne. Es gibt nur eins — das Leben,
1847 1112 3067 1179 Im dritten Akt: der Tod. Das Unglück ist hereingebrochen.
597 1111 1838 1181 das keine Höhen und Tiefen kennt, nichts, nur das eine
1848 1170 3071 1235 Es ist ein einziger Schmerzensschrei. Wofür diese Leiden?
608 1169 1836 1250 Gesetz — die Bewegung — wie die Natur. Man lebt
1848 1218 3077 1295 Warum? Das Leben zeigt seine dunkle rätselhafte Tiefe.
603 1234 1826 1292 es, wie man unter dem Himmel lebt, unter dem man
1843 1274 3078 1351 Der Schmerz ist hier mit einer Schärfe gezeichnet, die
601 1288 1839 1367 steht, der jetzt blaut und dann dunkelt voll schwerer Wol¬
1847 1339 3073 1413 in die Seele schneidet. Ein Mädchen verliert den, der
606 1342 1832 1427 ken. Warum? Wer fragt darnach? Und es wäre auch
1837 1407 3075 1474 ihr ganzes Sein besaß, für den sie atmete und lebte.
603 1407 1835 1469 unnütz, denn es ist Alles so unmotiviert wie möglich.
1855 1452 3074 1532 Ein Zufall ist es, eine alltägliche Geschichte. Zufällig ist er
606 1472 1826 1541 Das Leben hat nur eine Antwort, wie auch die Natur,
1851 1505 3071 1578 im Duell erschossen und nicht ein Anderer und ihr ganzes
611 1529 1828 1597 für Alles: es ist, weil es ist. Und nun stellen Sie sich
1850 1575 3073 1640 Leben fällt in Staub. Warum?... Wie der Vorhang über
603 1578 1841 1658 den modernen Dichter vor, der diesen forteilenden Strom
1854 1629 3080 1713 diese Schmerzen fällt, vibriert es in allen Nerven. Es
614 1644 1840 1717 für einen Abend in die Koulissen bannen muß, so wie er
1847 1689 3039 1767 ist, als ob man in einen tiefen Abgrund geblickt hätte. —
595 1689 1849 1767 ist, in seiner ganzen Zügellosigkeit. Wieviel schwieriger
1861 1756 3072 1826 Etwas Zaghaftigkeit merkt man dem Autor an in seiner
612 1757 1842 1825 ist seine Aufgabe als die der alten Schule, welche in ihr
1848 1805 3077 1881 Zeichnung. Er bringt in seine Darstellung ein Motiv,
612 1810 1838 1882 Konterfei irgend eine Färbung, irgend eine tendenziöse
1859 1862 3085 1940 das die Stimmung alteriert. Das Mädchen fühlt sich
602 1871 1843 1953 Verschiebung hineinbringen konnte, hier eine Linie zu¬
1854 1932 3064 2005 schmerzlich gekränkt, weil das Duell für eine andere statt¬
607 1931 1858 2004 rechtrückte, dort abrundete, damit das Bild genau auf die
1856 1988 3075 2062 gefunden hat. Wozu? Genug, daß sie leidet, genug, daß der
605 1988 1850 2073 Devise paßte. Es war so etwas wie die alten Bilder,
1844 2034 3075 2122 Schmerz gezeichnet ist, wozu philosophieren? — Das Stück
602 2065 1840 2129 wo gleich unten die Erklärung zu lesen war „Treue
1852 2104 3084 2177 verlangt natürlich eine glänzende Darstellung. Und sie war
616 2113 1840 2188 Liebe“ oder „Verlassen“. Gibt es aber Schablonen im
1848 2159 3077 2248 es auch. Wunderbar, ganz wunderbar war Frl. Witt in der
606 2163 1847 2230 Leben? Heute muß man es treffen in seiner ganzen
1855 2211 3081 2304 schmerzlichen Seene des dritten Aktes und der erste Akt
609 2223 1847 2303 Unmotiviertheit — eine Kette von Zufällen, nur muß man
1850 2282 3082 2361 verdankte dem virtuosen Spiel des Herrn Stahl seine
605 2294 1837 2363 es atmen können, sehen können und fühlen durch alle Ner¬
1855 2342 3072 2414 volle Wirkung. Frl. Timling und Herr Klein sekundier¬
602 2341 1838 2425 ven. „Liebelei“ ist ein interessantes Muster dieser Schö¬
1861 2410 3077 2475 ten und das Ensemble war so ein vollkommen harmoni¬
605 2411 1844 2481 pfungsart. Wo findet man hier Konflikte? Was ist hier
1853 2461 3076 2546 sches. Frl. Witt hatte die letzte große Seene und fand Laute
603 2464 1848 2551 motiviert? Nichts. Im ersten Akt: ein Abend, den ein
1865 2517 3085 2595 für den Schmerz, daß eine einzige tiefe Bewegung durch
611 2544 1837 2602 Paar junge Leute mit zwei jungen Mädchen lustig ver¬
1854 2575 3084 2655 das ganze Theater ging. Der Beifall wurde dafür auch
621 2566 1853 2658 bringen, mit denen sie ein Frühlingsverhältnis angeknüpft
1849 2652 3087 2721 zu einer stürmischen Ovation. Es giebt Höhen der Kunst,
605 2638 1856 2725 haben — sorglos — nur weil sie jung sind und ihre
1862 2700 3076 2760 die man nicht mehr analysieren und messen kann: man
615 2691 1845 2774 Gefährtinnen auch. Man lacht, ist lustig, man läßt hun¬
2770 2739 3006 2842 C. St—ge.
1849 2761 2334 2849 kann nur bewundern.
606 2760 1853 2838 dert Dummheiten los. Jemand setzt sich ans Klavier,
608 2832 1862 2896 man tanzt einen Walzer. Dann singt man Etwas. Kurz
2285 2801 2658 2924 S
610 2877 1863 2954 es ist ein Abend, wie ihn Jeder erlebt hat ganz so oder unter
625 2943 1857 3025 ähnlichen Umständen. Es wird an der Hausthür geklin¬
2087 2927 2841 3052 Neues über den Mars.
1106 3003 1859 3084 Wie schade! Es ist eine Duell¬
621 2999 1114 3072 gelt. Eine Störung!
1119 3056 1858 3138 Die Beteiligten erzählen nichts
622 3059 1126 3138 fordertilig, eine ernste.
1935 3057 3079 3157 Der italienische Gelehrte Schiaparelli, der zu den be¬
1129 3107 1849 3176 Aber ein Schatten fällt auf die
622 3112 1122 3191 von dem Zwischenfall.
1866 3138 3068 3197 deutendsten Astronomen der Neuzeit gehört, hat im ver¬
616 3172 1860 3246 Stimmung und der Abend geht matt zu Ende. Eine Stille
1858 3189 3084 3254 flossenen Jahre zwei höchst interessante Studien über
614 3233 1855 3307 lagert sich über den lustigen Anfang, der Humor strömt
1857 3229 3083 3311 den Mars veröffentlicht, die im astronomischen Kalender
1864 3302 3084 3350 für 1896, herausgegeben an der Sternwarte in Wien,
611 3279 1862 3366 nicht mehr. Diese Stimmung, die sich unbewußt dem
1862 3328 3082 3399 in deutscher Uebersetzung erschienen sind. Da es den
619 3351 1858 3427 Einen und dem Anderen mitteilt und dann verbreitet, ist
1861 3385 3081 3456 Zwecken unserer Zeitschrift nicht entspricht, die Studien
617 3405 1852 3490 lebensvoll gezeichnet. So geht der Akt zu Ende.
1864 3433 3075 3496 Schiaparellis in extenso zu bringen, so beschränken wir
627 3456 1856 3543 Der zweite Akt bringt am Ende Abschiedsstimmung.
1866 3489 3082 3553 uns auf die Wiedergabe einer höchst sachlich concipierten
618 3528 1847 3592 Natürlich ahnt Niemand den Ausgang, Niemand glaubt
1866 3531 3073 3596 Besprechung von Dr. J. Palisa, welche mit großer Ge¬
1866 3579 3073 3641 nauigkeit die hauptsächlichsten Momente wiedergiebt. Der
627 3583 1860 3649 im Grunde an den tragischen Verlauf und das Mädchen
1865 3633 3088 3710 Mars ist schon lange Gegenstand eifrigster Beobachtungen
617 3640 1855 3713 weiß nichts von dem Zweikampf. Aber es vibriert etwas
1877 3684 2075 3758 gewesen.
628 3700 1847 3774 in jedem Worte, in jeder Bewegung, es liegt wie ein Ge¬
1935 3688 3072 3788 Wenn man um die Zeit der größten Annäherung des
630 3760 1847 3829 heimnis ausgebreitet und das Kommende nistet bereits
1872 3761 3080 3840 Mars an die Erde denselben mit einem besseren Fernrohre
625 3819 1848 3894 in den Wänden. Man fühlt es durch, es schimmert durch
1874 3827 3082 3888 betrachtet, so findet man, daß seine Oberfläche durchaus
622 3882 3092 3967 jedes Wort, das gesprochen wird, so gleichgültig es auch nicht in einerlei Licht und Farbe erscheint, sondern daß
