3484 4224
398 138 829 208 Liebelei
235 125 1389 243 5. Liesste box 10/3
703 747 3342 787 Aienderem Anderenselts erichien es Hammer immer wiederkehrt, wechseln mit einander konnen, und damit hier später die Krausnick= gegeben,
3160 751 3346 794 und auch
2233 770 3153 806 1 Straße durchgelegt werde. Trotzdem die Gemeinde
1321 781 2248 836 ab. Unter den Portalverdachungen liest man die
3146 774 3358 833 er bis gest
403 760 1330 836 aber auch unzweifelhaft, daß die Kurpfuscherei im
1325 799 3161 854 Namen der einzelnen Gruppen. Die gewaltigen nun 50000 Mark weniger als den Kostenpreis
3144 808 3357 874 ist auch an
416 808 1347 873 Ganzen dadurch eine erhebliche Stärkung erfahren
409 854 3354 887 würde. Während sie jetzt ein im Dunkeln schleichen= eisernen Stützen sind mit zierlichen Capitälen und ] forderte. wurde der Antrag abgelehnt, vom Ste#
2233 914 3150 972 klaschsüchtige Nachbarin, die vergebens den philo¬
3137 912 3357 971 heute no
1322 916 2242 967 Schlager, eine frohlebige Modistin, die sich nicht
495 928 1251 1012 Kunst und Wissenschaft.
3151 962 3363 1014 halben Ja
2244 958 3149 1017 sophischen Vater gegen die verliebte Tochter
1312 941 2239 1005 I viel von moralischen Scrupeln anfechten läßt
2231 992 2570 1047 aufhetzen will.
1318 993 2234 1044 die Freundin Theodors — und die ernstere, senti¬
3143 989 3358 1045 der im 9
2557 985 3149 1058 Zum Schluß kommt Fritz,
464 990 1322 1055 J. K. Im Residenz=Theater hat der neue
1332 1034 2237 1092 mentale Christine kommen nun, von Theodor ein¬
2233 1032 3153 1086 um sich von Christine zu verabschieden, da
3144 1020 3360 1087 und lieben
410 1019 1326 1083 Schwank „Hotel zum Freihafen“ gestern
2231 1073 3155 1126 er eine „Reise“ antreten muß. Der dritte Akt
1331 1068 2247 1121 geladen, in die Wohnung von Fritz. Mit dem
3149 1069 3363 1126 gleichen
410 1072 1330 1126 (Mittwoch) bei seiner Erstaufführung viele, laute
3145 1109 3357 1164 volksthüm
2234 1098 3158 1174 I spielt in demselben Zimmer. Theodor bringt die
1322 1111 2246 1163 fröhlichen, nach echter Junggesellenart improvi¬
411 1117 1346 1168 Ausbrüche der Heiterkeit hervorgerufen, für die
2241 1140 3149 1205 Nachricht, daß Fritz vor zwei Tagen im Duell
3147 1140 3356 1206 einzige, d
1321 1147 2245 1212 sirten Mahl, das nun anfängt, setzt die Hand¬
406 1151 1337 1206 man an den Aktschlüssen durch lebhaften Beifall;
2246 1184 3159 1239 gefallen ist. Christine stürzt verzweifelt aus dem
1335 1188 2175 1239 lung des Stückes ein. Die Handlung
3146 1184 3369 1239 starb 1851
413 1175 1337 1240 dankte. Ein sogenannter „Lacherfolg“ im richtigsten
3150 1224 3362 1287 ein ern##
1322 1212 2238 1294 dieser Begriff läßt sich kaum auf das Werk von
2240 1213 3146 1275 Zimmer. Der alte Musiker bricht zusammen.
402 1223 1336 1274 Sinne des Wortes. Was über das Stück zu sagen
3146 1257 3355 1318 wo die 1
2242 1262 3158 1317 „Sie kommt nicht mehr wieder —“ murmelt er
1325 1258 2238 1306 Schnitzler anwenden. Es hat drei Akte, jeder
401 1260 1328 1319 ist, sei bis morgen aufgeschoben, eine wirkliche
3139 1295 3337 1357 Georgs,
2232 1285 3159 1355 trostlos, und der Vorhang fällt, bedeckend  ein
1335 1299 2243 1347 Akt jedoch ist ein Ganzes, ein abgeschlossenes
399 1294 1334 1360 Kritik verträgt die ausgelassene Burleske, die mit
3141 1330 3357 1396 muthigen
2230 1334 3153 1390 Bild des Schmerzes und des Jammers. Was
1332 1334 2245 1388 Bild für sich. Nur ein sehr dünner Faden leitet
396 1331 1338 1400 den derbsten Mitteln arbeitet und zu den ge¬
2240 1363 3156 1433 enthielt nun das Schauspiel? Wollte der Autor
3143 1370 3333 1437 stellung,
1335 1366 2244 1428 von einem Bild in das andere hinüber. Die
400 1374 1338 1447 wagtesten Requisitenspäßen greift, natürlich nicht.
2240 1411 3149 1467 etwas beweisen oder ein Problem aufstellen?
1330 1396 2239 1465 einzel#n Bilder selbst aber sind stabile Zustands¬
3158 1410 3367 1471 sucht hät
2243 1445 3156 1511 Der Schluß giebt keine Antwort. Und auch der Autor
1332 1443 2245 1505 schilderungen ohne Pointen. Es sind Stimmungs¬
3156 1452 3358 1514 freundlich
473 1443 1334 1513 W. R. Deutsches Theater. Zum ersten
2244 1479 3153 1541 könnte schwerlich die Antwort geben. Er zeichnete
1336 1488 2241 1546 studien, novellistische Skizzen in dialogischer Form.
3160 1498 3353 1546 Deppe al
418 1488 1338 1554 Male: „Liebelei“, Schauspiel in drei Akten von
2237 1518 3150 1580 Skizzen, weil sie ihm interessant schienen; er griff
3156 1524 3364 1590 brucksfähi
1322 1533 2238 1588 Man wird unwillkürlich an die feinen Skizzen von
403 1535 797 1592 Arthur Schnitzler.
835 1538 1343 1589 Vorher, neu einstudirt:
1335 1576 2241 1618 Kielland erinnert, von denen jede ein völlig ab¬
2236 1571 3364 1622 einige Gestalten aus dem Volke, einige Wiener! — wir be
411 1568 1331 1624 „Der zerbrochene Krug“, Lustspiel in einem
2234 1598 3154 1659 Typen und zeichnete sie mit der Schärfe des Be¬
1323 1600 2251 1657 geschlossenes Stimmungsbild, eine stabile Zustands¬
3143 1605 3362 1667 Fortschritt
419 1616 1335 1680 Aufzuge von Heinrich von Kleist. (Vorbericht
1331 1637 2241 1704 schilderung bildet. Bei Kielland und bei Schnitzler
2242 1642 3158 1701 obachters und dem Können des Dichters. Im
3148 1651 3363 1706 scher, selb
413 1654 1030 1717 siehe gestrige Morgen=Ausgabe.)
1323 1681 2243 1743 macht sich der auffällige Mangel an dramatischer
2237 1683 3157 1742 Uebrigen kümmerte er sich weder um die Form
3154 1688 3370 1754 dieser En#
459 1682 1332 1731 In der ersten Scene des Schauspiels „Liebelei“
2248 1721 3153 1783 noch um künstlerische Anforderungen, noch darum,
1330 1718 2250 1773 Bewegung fühlbar; bei Beiden aber tritt als
3153 1720 3332 1786 Fleißes.
415 1726 1331 1784 hält der flotte, leichtlebige Student Theodor seinem
1328 1744 2252 1817 markantestes Moment die scharfe Beobachtung
2246 1763 3151 1810 ob sein Werk ein abgeschlossenes Kunstwerk oder
3158 1745 3373 1829 voll. Fri
412 1769 1332 1816 etwas ernsteren Freunde Fritz eine kleine Stand¬
1332 1792 2244 1854 des Lebens hervor und das starke Talent,
2246 1800 3151 1847 ein skizzenhafter Torso ist. So ist „Liebelei“ nur
3144 1800 3363 1863 alten, zum
404 1808 1332 1854 rede. Fritz liebt nämlich eine verheirathete Frau,
3150 1831 3362 1902 erste Mal
412 1840 1332 1895 die sehr interessant ist und eine „dämonische Na¬
2237 1797 3153 1928 Snsitnlerische nurdbente — Acstnr ist
1323 1831 2239 1936 von Poeste über das Ausagiche Jau0)
3157 1869 3325 1938 mißten.
410 1875 1337 1938 tur“ besitzt. Theodor ärgert sich über diese Liebe.
2244 1901 3149 1970 keineswegs aber ein Drama und noch viel weniger
1338 1903 2247 1968 heben und doch in den Grenzen der Lebens¬
3146 1903 3370 1980 Frl. Pohl
403 1920 1337 1975 Laß ab davon, sie ist Dir nicht gesund — meint
2249 1946 3158 2000 ein wirksames Theaterstück. Es ist ein Literatur¬
1332 1957 2241 2003 wahrheit zu bleiben. Und wie man beim Lesen
405 1950 1336 2016 er ungefähr. Es ist überhaupt thöricht, sich in
3150 1961 3326 2023 sprach.
2248 1979 3160 2045 werk für Literaten. Das Publikum des Deutschen
1331 1987 2244 2044 der Kielland'schen Skizzen oft fragt, was der
3148 1994 3365 2047 Fall. Ein
415 1984 1335 2053 eine „interessante" Frau, in ein „dämonisches Weib“.
1327 2023 2247 2082 Dichter eigentlich sagen wollte, so fragt man
2245 2033 3150 2087 Theaters erkannte in dem sonderbaren Werke
3151 2035 3367 2087 nicht schaf
403 2027 1331 2085 zu verlieben. Eine Frau soll weder interessant noch
1331 2059 2251 2124 auch beim Schluß des Schauspiels von Schnitzler,
2238 2051 3147 2120 wohl auch nur das hoffnungsreiche Talent an und
3150 2076 3366 2124 und glück
406 2071 1337 2129 dämonisch sein, sie soll nichts Tragisches an sich
2245 2105 3154 2163 bereitete ihm einen Erfolg. Der Autor muß aber
1335 2099 2251 2158 was uns denn dieses Schauspiel eigentlich be¬
3150 2119 3365 2170 des Geling
420 2098 1333 2165 habn, sie soll vor Allem gemüthlich, froh¬
1328 2144 2251 2209 weisen soll. Der Schluß des ersten Aktes bringt
2245 2138 3154 2207 diesen mit der Darstellung theilen, die in jeder Rolle
3154 2143 3362 2201 alten Stad
416 2154 1332 2201 launig, unterhaltend sein und zu leben verstehen.
1333 2189 2242 2236 den einzigen dramatischen Moment des Stückes.
2239 2184 3152 2246 vorzüglich war. Frau Sorma, Frau Schneider,
417 2188 1330 2244 Und dann — überhaupt die Liebe! Das ist nichts
3144 2186 3371 2242 Frischund
1327 2217 2251 2281 Der Gatte jener Frau, die Fritz liebt, kommt un¬
2236 2224 3156 2269 Frau Marie Meyer und die Herren Jarno,
3149 2212 3368 2282 Georg un
411 2224 1334 2287 für einen jungen Mann; eine ernste Liebe ist eine
3144 2257 3353 2319 und inch
1324 2257 2248 2315 erwartet zu später Stunde in die Wohnung von
2243 2267 3156 2311 Rittner, Reicher und Nissen verkörperten die
413 2269 1333 2321 drückende Fessel, eine Aufregung ohne Ende. Da¬
1321 2285 2252 2360 Fritz. Der Mann hat die Briefe des Liebhabers
2252 2305 3154 2353 Wiener Typen mit jeuer Kunst, die uns als volle
3154 2300 3359 2363 heit sang
405 2298 1340 2362 gegen aber so eine kleine Liebelei mit einem
1337 2329 2246 2388 bei seiner Frau gefunden. Die kurze Scene
2236 2340 3153 2397 Natur erscheint. — Im „zerbrochenen Krug“ der
3149 2328 3361 2391 Liebenau.
409 2338 1337 2401 Mädchen, daß die Sache nicht ernst nimmt, so ein
1336 2377 2238 2432 zwischen Gatten und Liebhaber eröffnet nun die
2250 2371 3156 2425 vorher gegeben wurde, bot Herr Müller als Dorf¬
414 2385 1338 2434 kleines Spiel, das man heute anfängt und nach
2241 2394 3154 2471 richter Adam eine ganz treffliche Leistung, während
1334 2408 2254 2470 Aussicht auf ein Duell, das in zwei Tagen statt¬
3154 2383 3358 2471 Reichtihtn
407 2422 1331 2483 einigen Tagen oder Wochen schmerzlos, ohne jede
1338 2445 2251 2503 finden soll. Die kleine Dosis Handlung, die diese
2240 2453 3156 2511 Frau Marie Meyer nicht den rechten Ton für
3141 2439 3360 2516 vorgetraß
876 2448 1332 2515 ja, das ist das Rechte.
412 2456 847 2514 Aufregung abschließt
1337 2490 2246 2546 Scene zur Folge hat, spielt sich aber im Zwischen¬
2242 2487 3151 2547 die Martha Rull finden konnte. Recht gut waren
3149 2484 3368 2560 an dieser
412 2503 1336 2552 Aber selbst dann, wenn man ganz ernstlich ver¬
1323 2518 2247 2592 Akt, zwischen dem zweiten und dem dritten Akte
2236 2528 3153 2590 Herr Biensfeldt als Ruprecht und Herr Fischer als
3157 2530 3358 2592 Platze, dil
419 2519 1339 2584 liebt ist, ist eine kleine Liebelei daneben auch ganz
2254 2560 2568 2629 Schreiber Licht.
1330 2559 2253 2613 ab. Der zweite Aufzug spielt in der Wohnung
3153 2573 3358 2628 die äußer
418 2561 1338 2635 nett. Es ist eine Erholung von den geistigen
1323 2595 2257 2671 des Musikers, des Vaters von Christine. Man
2289 2600 3158 2673 Mx. Br. Das Königliche Opernhaus brachte
3142 2599 3361 2662 vergißt.
417 2615 1334 2660 Strapazen der ernsten, der „großen“ Liebe. Fritz
1335 2646 2244 2698 sieht hier Christine wie Egmonds Clärchen oder
2242 2633 3151 2699 mitten in den ernsten Wagner'schen und
3154 2636 3359 2706 sagten He
422 2644 1328 2706 soll sich nun von diesen Strapazen er¬
1326 2680 2239 2735 wie Gretchen himmelhoch jauchzend, zu Tode be¬
2237 2683 3158 2744 Meyerbeer'schen Partituren Lortzing's heiteren
408 2689 1332 2751 holen. Er hat vor Kurzem ein hübsches,
3055 2723 3161 2785 Es
1332 2722 2238 2776 trübt, den ganzen Tag zum Fenster schauend und
2237 2721 3044 2771 und gemüthvollen „Waffenschmied“.
3144 2614 3365 2776 M
412 2718 1336 2794 liebenswürdiges Mädchen kennen gelernt, die
1329 2754 2245 2816 nur des Liebsten gedenkend, den sie wirklich tief
3159 2767 3364 2822 seine Leist
2239 2748 3159 2822 war der Abend einer anheimelnden Erholung
413 2757 1345 2811 Tochter eines alten Violinspielers und die
1334 2791 2243 2850 und leidenschaftlich liebt. Und man sieht den
2244 2803 3156 2858 und eines ungetrübten Genusses. Niemand merkt
3142 2795 3373 2860 Muth un
422 2793 1335 2857 Freundin der Freundin Theodors — das ist so
1325 2827 2242 2886 alten Musikus, der eine eigene Anschauung vom
3149 2839 3358 2894 Entbehrt
2244 2831 3153 2889 dem „Wassenschmied“ seine 56 Jahre an! Wer
409 2837 1337 2893 eine angenehme Liebelei mit oder ohne große
1330 2864 2243 2931 Leben hat und sich sagt, seine schöne, warm¬
2243 2867 3152 2929 hat denn seit der Periode des Leipziger Schaffens
3154 2870 3363 2937 sächlich ve
414 2869 1335 2933 Liebe. Und der ernste Fritz ist für dieses Rai¬
2247 2910 3156 2966 dieses hochbegabten Dichters und Componisten
1326 2917 2243 2975 fühlende Tochter möge nur, statt als alte Junigfer
3150 2916 3363 2969 das Richt
414 2919 1334 2975 sonnement zugänglich. Das Mädchen, die kleine
2249 2937 3155 3011 wieder solche Partituren geschrieben, deren echt
1334 2953 2247 3013 zu verdorren, in der Jugend lieben, damit sie
3148 2949 3360 3009 Wir mein
413 2952 1329 3011 Christine, hat ihm sehr gut gefallen; er hat sogar
1323 2983 2246 3052 wenigstens im Alter von der Erinnerung an das
3147 2989 3370 3044 und herv
2243 2994 3159 3037 deutsches Gepräge, deren Herzinnigkeit, deren
422 2985 1342 3065 etwas mehr im Herzen für sie übrig, als bloße
408 3037 3361 3087 Liebelei. Die beiden Mädchen, nämlich Mizi! Einst zehren kann. Und ferner sieht man eine gesunder Humor uns in ungekünstelter Frische strebenden
1074 3084 2239 3270 O AAGT
428 3116 1037 3375 rkale
