3484 4256
284 182 701 245 Liebelei
828 193 1276 273 box 12/8
262 211 705 289 ESSLET
503 1031 1192 1165 Volksstimme
725 1162 1127 1254 Ma##tieburg
751 1239 1070 1319 „  1..
722 1362 1195 1475 E ESTPM.
1455 1523 3343 1578 Aus diesem Zwiespalt erklärt sich jene tiefe Melancholie, die wie hier die komplizierte Frau umrissen!
542 1520 1228 1616 Kleines Feuilleton.
2630 1558 3362 1608 alte Musiker über seine Tochter und zu
1460 1561 2219 1603 ein Schleier über seinen Werken liegt.
2639 1596 3345 1640 vollkommen, um ihn ganz rund und
1546 1582 2636 1656 Seine Technik ist der des französischen Malers Degas
755 1609 1015 1690 Liebelei.
2647 1624 3344 1686 feinem Geschmack wird aller naturalistif
1468 1626 2644 1680 verwandt, der alles, was er schuf, wie durch einen Schleier ge¬
1475 1673 3345 1724 sehen hat. So in seiner Erstlingsarbeit „Anatol“ so erst Milieuschilderung vermieden. Keine F
371 1675 1459 1752 Artnx Schnitzler ist durch den „Reigen“=Prozeß zu
2640 1711 3343 1757 haben sie dankbare und bedeutende 9
1463 1716 2630 1765 recht in „Liebelei“, die schon über fünfundzwanzig Jahre alt
276 1730 1469 1778 einer peinlichen Veruhmrheit gelangt. Mit einem Schlag ist er
2643 1737 3343 1810 wahrhaftig von wenig modernen Bühne
1473 1749 2634 1805 ist. Alles, was kraß realistisch im unangenehmen Sinne des
270 1768 1457 1810 aktuell gewerden nachdem ihn die neuste literarische Mode be¬
2721 1779 3347 1830 Es wurde aber auch gespielt wi
1466 1787 2644 1831 Wortes ist, spielt hinter der Szene. Fritz, dem jungen Lebemann,
277 1804 1468 1861 reits in den Hintergrund gedrängt hatte. Daß man wieder auf
2648 1800 3348 1865 Man scheut sich fast, einzelne zu nenne
1465 1829 2637 1873 der sich mit einem Ehebruchsabenteuer die Nerven zerrüttet, hat
266 1839 1453 1890 ihn aufmerksam geworden, ist erfreulich, nur hätte man ge¬
2639 1856 3354 1908 Leistung in das Gesamtspiel ein. A
1469 1869 2633 1916 sein Freund Theodor ein Mädel aus dem Kleinbürgerstand zu¬
266 1875 1460 1929 wünscht, daß es auf andre Art geschehen wäre als in der Form
2636 1901 3354 1948 gesetzt zu haben, reiche und warme M
1467 1905 2633 1971 geführt, „zum Ausruhen". Zwischen zwei Frauen, einer an¬
269 1916 1463 1971 einer Sensation für Revolverblätter. Zu seiner Ehre sei es
2641 1940 3347 1990 Lothar Bühring unterstrich die ##
1467 1943 2637 1987 spruchsvollen, komplizierten, „unverstandenen", und der ganz
266 1961 1463 2010 gesagt, daß er die Aufführung des „Reigens“ nicht gewünscht hat,
2633 1970 3339 2029 Fvitz stark, aber nicht aufdringlich,
1473 1976 2634 2029 schlichten, rührend hingebenden, ganz unberechnenden, pendelt
270 1990 1455 2053 weil er nur zu gut wußte, wie leicht mit diesen ausgezeichneten
2635 2013 3338 2066 Bettelheim eine Gegenspielerin t
1461 2015 2628 2063 er unschlüssig. Ein ähnliches Thema also wie das von
267 2028 1458 2079 sexualpsychologischen Studien, mit dieser künstlerisch und des¬
2640 2052 3346 2096 Einführungsvermögen. Sie versteht
1463 2056 2635 2112 „Gabriel Schillings Flucht". Aber bei Schnitzler be¬
270 2061 1455 2128 wegen auch sittlich einwandfreien, ja wertvollen, Analyse des
2644 2074 3347 2130 Affektiertheit und billigen Kulissenmä
1471 2081 2631 2135 wegt sich die Tragik in festern, gesetzmäßigern Bahnen. Sie
274 2097 1464 2158 Geschlechtslebens Mißbrauch getrieben würde. zumal jetzt in der
2641 2113 3351 2172 legen und zu steigern. Herzensnot sch
1459 2123 2638 2177 folgt einer sozialen Linie. Das Leben, das der liebenden kleinen
275 2135 1463 2205 Nachkriegszeit, da alle Instinkte für die greöbsten, materiellsten
2635 2149 3353 2212 daß man im Theater saß; man wurde
1469 2167 2627 2214 Musikertochter gehören müßte, wirft er dem Ehrenkodex der vor¬
275 2179 1468 2231 Genüsse geschärft und für alles Symbolische, Geistige abgestumpft
2645 2198 3349 2245 leben mit hineingerissen. Lilli Me
1470 2207 2643 2252 nehmen Gesellschaft hin. Das Faustrecht, das ihn dem beleidigten
274 2223 1462 2271 gind. Denn nur eine Gesellschaft, die, unfähig die Idee eines
2642 2231 3355 2287 Daehn verkörperten die muntern Ge
1463 2238 2636 2288 Gatten ausliefert, verschlingt ihn wie ein Moloch. Dem kleinen
264 2250 1457 2313 Kunstwerks aufzunehmen, sich an den Stoff anklammert, wird
2637 2276 3349 2320 wienerischen Leichtsinn, den sie üb
1459 2279 2637 2325 Mädel wird nicht allein das Duell verschwiegen, sondern auch der
272 2282 1456 2351 verkennen, daß ihr selber vom Dichter der Spiegel vorgehalten,
2646 2314 3349 2362 wußten, selbst im Dialekt. Uebrigens i
1461 2317 2627 2365 Tag des Begräbnisses — der Freund, den man schließlich wider
265 2323 1453 2381 daß gezeigt wird, wie das heiligste Band, das Menschen unter¬
2631 2346 3349 2393 ragend guter Sprecher. In den kleiner
1461 2352 2634 2400 seinen Willen hereinzerrt, hat ja soviel zu erledigen gehabt:
266 2371 1459 2432 einander verknüpt, zu einer Quelle von Schmutz und Gemeinheit
2633 2389 3345 2433 den Rollen der Nachbarin und des be
1464 2394 2321 2438 die Eltern benachrichtigen, die Verwandten ..
2361 2395 2627 2448 Gestorben ist
267 2401 720 2470 herabgewürdigt wird.
2644 2421 3353 2475 Frieda Helm und Pichon Gutes, un
1458 2414 2631 2477 er für eine andre, hinterlassen hat er ihr keine Zeile. Sie war
2637 2465 3346 2509 mit Fritz Schmith als Musiker zufrie
377 2454 1461 2514 Schnitzler ist also ebensogut Gesellschaftskritiker wie Ibsen,
1471 2470 2641 2535 nur Episode, Zeitertreib, Liebelei für ihn — er für sie Lebens¬
2636 2503 3351 2550 seine Rolle nur ein klein wenig besser
1467 2504 1606 2568 inhalt.
269 2490 1466 2557 Strindberg, Hauptmann. Er ist nur stiller und feiner. Das
2637 2538 3349 2582 hemmte ihn die Unsicherheit und zwang
274 2541 1470 2595 lutherisch=germanische Dreinschlagen mit der Faust ist ebenso¬
1553 2529 2637 2589 Das ist eine Katastrophe, die nicht vieler Worte bedarf, um
2634 2576 3313 2621 Kasten zu einer Solorolle. Schade!
279 2578 1467 2634 wenig seine Sache wie das Brennen mit der Aetznadel der Ironie,
1462 2574 2640 2635 zu überzeugen. Wir wissen alle viel zu gut, wie tief ihre
2644 2617 3344 2658 diesmal zu gut gemeint und die Musike
278 2608 1457 2668 Wedekinds Verfahren. Er hat es einmal mit einem der üblichen
1466 2623 2642 2678 Wurzeln in den Unkrautboden unsrer sozial zerrütteten Gegen¬
2634 2641 3351 2697 blitzneuen Biedermeiermöbeln aussta
268 2661 1464 2699 polternden Tendenzdramen versucht, um die klerikale Verfol¬
1469 2660 2630 2707 wart hinabreichen. Da wird kein neurafthenischer Einzelfall ge¬
2646 2690 3347 2735 bespannung des ersten Aktes war nich
273 2692 1466 2748 gungswut gegen das Judentum zu geißeln. Es gelang ihm
1471 2693 2638 2738 zeigt wie neulich von Hauptmann, sondern eine Pestbeule am
2638 2719 3344 2775 aber durfte man mit dieser Vorstell
272 2731 1457 2787 nicht: sein „Professor Bernhardi“ ist lahm, künstlich, gestelzt.
1465 2729 2634 2777 Körper der Gesellschaft. Nur ein unendlich feinnerviger Künstler
2638 2763 3341 2813 Wir könnten mit den gegenwärtigen
275 2770 1463 2822 Er kennt wie kaum einer die Welt des Müßiggangs, in der man
1461 2768 2631 2813 konnte das so zartfühlend tun, wie es hier geschehen ist. Es
2643 2796 3349 2870 leisten, wern uns der Spielplan nicht i
266 2792 1463 2859 lieber die größte Niederträchtigkeit begeht, um die Langeweile zu
1475 2802 2639 2855 kommt kein häßlicher Mensch und kein schlechtes Wort in diesem
272 2843 1462 2890 verbannen, als dies auf die einzig moralische Art zu tun, näm¬
1461 2846 2636 2890 Stücke vor, das doch nichts verhäßlicht oder beschönigt. Welch er¬
265 2883 1461 2936 lich durch Arbeit. Das eigentümlich Schillernde seines Stiles
1461 2869 2646 2938 staunliche Knappheit! Schnitzler ist auch im Weglassen groß. Die
277 2920 1455 2972 besteht darin, daß er, ohne die bestrickenden Reize einer unter¬
1462 2912 2641 2972 vornehme Frau, die die Katastrophe verschuldet, tritt überhaupt
1458 2959 2643 3003 nicht auf, ihr Gatte nur für eine Minute, aber was er sagt und
268 2954 1458 3004 gehenden Kukturschicht preiszugeben, doch ihre Fäulnis brand¬
1459 2984 2646 3047 tut, ist in der plastischen Gedrängtheit musterhaft — eine Szene,
285 2981 1463 3042 markt. Er ist, ähnlich wie Oskar Wilde, einer von jenen seltenen
1468 3034 2637 3081 wie wir in der ganzen modernen Bühnenliteratur nur wenige
271 3031 1453 3087 Richtern, die eine Träne zerdrücken, wenn sie ein Todesurteil
1463 3065 2636 3115 haben. Hier und am Schluß, als der Freund die Nachricht von
276 3066 1469 3126 fällen müssen. Er möchte Anwalt sein, der für mildernde Umstände
266 3111 1460 3154 plädiert, indem er alle Vorzüge des Wienertums zu bedenken
1475 3071 2639 3209 Versenteder sah erisen, der die Tuagsbie des sihzen Mäbeis
269 3134 1462 3196 gibt, wie jener athenische Fürsprecher von seiner Angeklagten den
269 3185 1454 3231 Mantel herunterzieht, um den blendenden Leib der Pheyne an¬
1462 3168 2644 3233 so liebevoll einhüllt. Wie wenige Worte genügen, um einen
1467 3216 2637 3273 Menschen zu charakterisieren! Was wird alles über die Frauen
271 3216 1450 3274 statt seiner Worte in die Wagschale zu werfen. Aber die Wahr¬
283 3260 2675 3328 haftigkeit, die höchste Dichtertugend, zwinat ihn zum Richteramt.ldes Gabriel Schilling geredet, mit welch svärlichen Andeutungen!
