3436 4224
392 180 766 251 Liebelei
912 173 1361 267 box 11/3
217 183 905 287 9. An ennnen
1433 739 1617 835 T0
640 894 1434 1006 WRERTENTEE
523 946 628 1008 —
545 997 1635 1060 O l. österr. behördl. konz. Unternehmen für Zeitungs-Ausseh
711 1046 1595 1153 Wien, I., Concordiaplatz 4.
939 1127 1361 1190 Vertretungen
567 1175 1606 1221 D in Berlin, Budapest, Chicago, Christiania, Gent, Kc
526 1219 1605 1272 hagen. London, Madrid, Mailand, Minneapolis, New¬
635 1259 1607 1309 Paris, Rom, San Francisco, Stockholm, St. Petersbi
945 1301 1351 1360 (Quellenangabe ohne Gewähr.)
555 1343 1578 1498 # Kusschnitt ans: -eeen.
537 1455 1040 1568 E TÖm7 2
1175 1438 1430 1573 S
787 1637 1158 1723 „Elskovsleg“,
562 1702 1382 1788 den iyske Forfatter Arthur Schnitz¬
560 1754 1384 1825 lers ny Skuespil, opförtes her i
570 1807 1395 1873 Aftes af Adam Poulsen—Anna
569 1859 1371 1923 Larssen=Tourneen. Teatret var
573 1921 1373 1986 fyldt til sidste Plads, og Bifaldet var
574 1957 1374 2023 til Tider stormende. Stykket er meget
578 2018 1378 2078 interessant og handler om en ung
576 2054 1375 2121 Levemand, som er indviklet i flere Kaer¬
582 2121 1376 2170 lighedsafferer, bl. a. med en anden
579 2158 1385 2215 Mands Hustru; men under alt dette
578 2208 1381 2262 spiller han Bold med en ung og alvor¬
582 2258 1382 2318 lig Piges Hjerte. Han dor i en Duel,
581 2302 1374 2369 og da den stakkels Pige erfarer dette,
577 2352 1380 2423 overvaelder Folelserne hende, og Kar¬
574 2404 1379 2468 lighedens ubeendige Lide skaber og
593 2459 1380 2511 Skuffelsernes Bitterhed for er sig med
582 2512 1382 2564 Sorgen til et sandt # seri. Fru
1131 2552 1377 2606 de denne
586 2546 1085 2619 Anna Larssen
1134 2596 1388 2663 gjorde det,
588 2600 1101 2668 tragiske Rolle, og hu
1136 2652 1391 2714 irgen over¬
585 2650 1081 2719 navulig i sidste Akt, ho
1145 2701 1389 2763 rligt. Hr.
588 2702 1059 2767 vaelder hende, rent ud
1147 2750 1382 2806 den unge
586 2751 1037 2816 Adam Poulsen
1127 2798 1385 2861 sympatetisk,
590 2799 1042 2868 Udhaler, som ikke er
1124 2844 1383 2911 Oda Ro¬
592 2848 1018 2912 med god Virkning.
1104 2893 1386 2955 en udmarket
584 2898 1036 2962 strups Mizi var #
1097 2944 1387 2999 emar Psi¬
584 2944 1030 3013 Preestation. Hr. W
1041 2994 1392 3061 rdeles vellykket
589 2997 1034 3064 lander var ogsac
1093 3043 1390 3105 Hr. Carlo
587 3048 1025 3110 som den gamle Fo
584 3092 1394 3159 Wieth var meg flagferdig som
588 3131 975 3207 Vennen Theodor.
629 3193 1389 3247 „Elskovsleg“ ble altsaa en Sukces
572 3243 1385 3298 for Tourneen, son isvrigt har tient
577 3292 1397 3355 en syndig Hoben Penge paa sin Fart
576 3342 1399 3411 gennem Sverig og Danmark. Nu kan
583 3392 1391 3451 dens Medlemmer sikkert hvile sig paa
589 3432 1348 3522 deres Laurbar i Sommermaanederne.
1242 3484 1353 3565 L.
2390 295 2796 358 (Quellenangabe ohne Gewähr.
1974 333 2889 429 * Ausschnitt aus:
1968 399 2030 478 8
1964 451 2672 566 Evon.77. 5. 07
2131 558 2866 724 Horsens Theater.
2356 773 2634 861 „Elskovsleg.“
2165 904 2885 1008 Den österrigste Lege og Dramatiker
2120 982 2886 1049 Arthur Schnitzler regnes til de realististe
2121 1040 2890 1113 Forfattere og besteftiger sig hovedsage¬
2129 1090 2926 1167 lig med mere eller mindre tilladelige
2129 1164 2897 1243 Keerlighedsforhold. Man siger om¬
2132 1213 2886 1300 hans Stykker, at de er mere Kunsthaand¬
2126 1287 2890 1352 veerk end Kunst og mangler agte Liden¬
2132 1350 2242 1411 skab.
2164 1395 2909 1475 Det sidste synes vi ikke kan siges om
2127 1457 2906 1529 „Elskovsleg“. Noget seerlig betydeligt
2125 1519 2895 1580 Arbejde kan det vel ikke kaldes, men
2125 1565 2909 1639 det har dog et Alvorsord at sige os,
2132 1620 2906 1722 og det siger det paa en Arause, som vi
2140 1689 2510 1782 forstaar og huster.
2172 1719 2910 1834 Ganske vist er de to forste Akter lidt
2135 1802 2917 1890 tynde; i 1ste preesenteres vi blot for de
2139 1876 2897 1936 to unge Levemand og deres Pigeborn,
2138 1935 2902 2005 mens man kun horer om Fritz Lobhei¬
2132 1989 2905 2062 mers (Adam Poulsens) skabnesvangre
2133 2051 2915 2115 Forhold til en gift Kone. Den flutter
2141 2093 2914 2173 med en Udfordring fra hendes Mand.
2131 2161 2921 2233 J anden Akt befinder bi os i den
2134 2211 2908 2310 gamle Musiker Weirings tarvelige Hjem.
2146 2282 2919 2359 Hans Datter Ehristche er nu Fritz's
2139 2341 2903 2427 Elskerinde, men medens han tager For¬
2139 2399 2920 2487 holdet paa samme lette Maade som tid¬
2146 2443 2922 2536 ligere, bliver det ramme Alvor for
2140 2516 2921 2579 hende. Keerligheden er for hende hele
2144 2576 2924 2645 Livet. Ganske fin er Skildringen af
2133 2623 2929 2718 Fritz' Affled med Christine, hvor kun
2151 2695 2922 2775 han bed, al det mansteer sidste Gang.
2185 2759 2920 2824 Der er i disse to Akter mange gode
2150 2804 2932 2890 Enkeltheder, men Handlingen er for
2151 2861 2919 2948 ubetydelig og slaeber sig ofte lidt lang¬
2143 2923 2917 3002 somt afsted. I 3die Akt kommer der
2146 2986 2913 3052 mere Fart i Tingene. Christine sidder
2160 3042 2918 3112 nu paa tredie Dag og venter og venter
2154 3102 2917 3160 paa Fritz, der imidlertid er bleven skudt
2159 3164 2928 3225 i Duellen og begravet for en Time
2144 3219 2923 3283 siden. Hendes gamle Fader soger for¬
2151 3281 2913 3357 geeves at forberede hende. Saa kom¬
2148 3344 2909 3415 mer Vennen med den frygtelige Sand¬
2157 3391 2917 3459 bed. Den sidste Scene haever sig op i
2153 3464 2912 3537 Neerheden af den eegte Tragedie, og
2152 3524 2918 3591 Forfatteren finder her rammende Udtryk
2157 3580 2667 3648 for de store Sjalslidelser.
2188 3633 2915 3711 Som Christine var Fru Anna
2142 3692 2911 3760 Larssen den, der samlede Hovedinter¬
2143 3755 2916 3823 essen om sig. Iforste Akt forekom hun
2141 3808 2918 3887 os lidt mat, men allerede i anden
2149 3870 2914 3946 Akt skildrede hun rorende den tillids¬
2148 3925 2925 4007 fulde Hengivelse i Ojeblikkets Lykke, og
2190 3985 2925 4065 sidste Akt, hvor Lidenskaben bryder
2153 4057 2934 4130 frem, var hendes Spil ligefrem mester¬
