3436 4256
431 179 768 269 Liebele
238 166 1385 287 5. Llessse1 box 12/1
2077 1342 2864 1427 ——
2311 1409 2524 1478 . 1
1529 1404 1737 1500 —
787 1400 995 1511 N# UR ANEO MNNTAN
875 1463 960 1510 TSAR MNN
1253 1449 3356 1530 1Phrasen, der — Doppeladlermarsch und ein gänz= wartsoper als die einzige, in der man Neuartiges
1278 1487 3369 1587 lich unangebracht wirkendes altdeutsches Liedel (wie sagen könne. Ich hatte unter dem Eindrucke von
411 1516 1144 1630 Leipziger Musikbrief.
1279 1542 3362 1629 kommt dieses in die Behausung des Vorstadttheater= Hauptmanns „Einsamen Menschen“ ein Drama
1262 1590 3365 1701 orchestermusikus? Seine Tochter ist doch nicht entworfen, das, selbstverständlich in Prosa gehalten,
411 1595 1136 1699 Von Dr. Roderich d. Moisisovics.
1274 1656 3354 1735 Abonnentin des „Kunstwart"!), eine verunglückte ein modernes Liebesdrama behandelte. Damals
584 1658 1266 1761 Leipzig, im Februar 1911.
1291 1693 3359 1782 sinsonische Dichtung als Einleitung zum dritten konnte ich es auch nicht begreifen, daß Siegmund
299 1716 1287 1802 Über das Problem der modernen Oper 'mal
1280 1744 3363 1825 Akte — das ist alles. Aber nirgends wird durch die v. Hausegger meine Ideen nicht gutheißen
237 1784 1291 1853 ernstlich nachzudenken, wurde man nachdrücklichst
237 1851 3365 1913 hingewiesen durch die jüngst m#r erfolgte Erstauf= Musik das Brutale des Stoffes genommen — weit konnte, — er hatte eben seinen „Zinnober“ in
242 1849 3358 1948 führung von Neumann=Schnitzters Oper „Liebe= eher verstärkt. Mozart — ich bin so ein „Rückschritt= München herausgebracht — und ich verwies nur
2309 1912 3366 1970 immer darauf, daß man ja auch im heutigen Leben
247 1912 2325 1998 lei“. Franz Neumann, Theuterkapellmeister inler“, daß ich noch immer auf Mozart verweise —
1280 1947 3367 2029 hat ja auch seine Zeitgenossen auf die Bühne ge=genügend künstlerisch verwendbare Stimmungen —
246 1978 1288 2048 Frankfurt a. M., hat Artur Schnitzlers Schauspiel,
231 1995 3359 2099 wie seinerzeit Richard Strauß Wildes „Salome“, bracht; aber wie hat er durch seine ganz einzig= besonders wenn man sich nicht lediglich auf Salon¬
248 2048 3368 2145 so ohne weitere opernhafte Zurechtbereitung von artige und nach ihm nur noch durch Richard Wagner oder Zimmeroper beschränkt — finden könne. Daß
246 2141 3367 2192 A bis Z durchkomponiert. Er machte dies mit un=erreichte feinste psychologisch=idealisierende Cha= ich durch dieses Moment eben das Grasse, Nüchterne
246 2192 3363 2254 leugbarem Geschick, ganz ausgezeichneter Technik, rakterisierungskunst beispielsweise die Figur des des Alltagslebens, was von Hausegger mit abso¬
909 2192 3360 2279 zu raffinierter lockeren Vogels Cherubin idealisiert, ohne die lutem Rechte als unkünstlerisch verworfen wurde,
688 2229 898 2294 beinahe
243 2233 568 2294 raffiniertester
2311 2247 3364 2307 so schon zu überbrücken begann, gab dem Stoffe
247 2257 2335 2342 Orchestration, wenn auch mit wenig oder ganz ohne Glaubhaftigkeit seines Charakters zu untergraben!
2311 2294 3357 2373 seine künstlerische Berechtigung. Neumann hat aber
244 2306 2327 2397 Eigenart und ohne dabei besondere musikalische[ Glaubhaft muß die Figur bleiben — aber doch
2320 2347 3362 2409 nun in Schnitzlers Schauspiel einen Stoff gefun¬
244 2358 2335 2451 Fähigkeiten zu entwickeln. Nun, dies mag in seinem mit einem künstlichen Fluidum umgeben, denn wie
2322 2389 3368 2456 den, in dem diese Seite fast gar nicht vorhanden ist.
242 2406 2322 2505 Talente liegen. Aber stellen wir uns einmal die wir uns im Leben bewegen, wie wir „Kellner,
2324 2438 3365 2512 Außer in obbezeichneter Szene, wo das breit herein¬
250 2454 2318 2544 Frage, ob ein mit melodischer Erfindung gesegneter zahlen!" oder „Piccolo, einen Schwarzen!“ rufen,
2312 2508 3369 2556 flutende Sonnenlicht unglaublich stimmungssör¬
241 2508 2327 2590 Vertoner auch ein musikalisches Ergebnis erzielt taugen wir nicht auf die Bühne. Es war im Ge¬
1296 2537 3364 2627 folge des Verismo gelegen, daß wir so weit kommen dernd wirkt. Und darin liegt das Widermusikalische
249 2559 1302 2648 hätte? — Ich glaube: Nein! Der Stoff ist eine
2305 2591 3366 2665 des Stoffes. Daß die Oper nun mit Sensation über
245 2605 2224 2702 Alltagsepisode, nicht ohne berechnete Wirkung auf würden — leider kamen wir auch so weit.
2309 2645 3362 2707 die Bühne spaziert, aber überall wie auch hier bald
1346 2647 2330 2731 Der geneigte Leser verzeihe, wenn ich als „noch
239 2663 1320 2740 ein empfindsames Publikum, aber ganz ohne Poesie.
2320 2683 3377 2761 wieder verschwindet, sagt gar nichts, denn Freunde
240 2701 2327 2795 Die einzige Stelle, wo diese hereinbricht — ich nicht akkreditierter“ Opernkomponist eine Episode
2326 2742 3376 2810 aufregender, nervenquälender Situationen gibt es
250 2751 2330 2845 meine die ergreifente Szene zwischen Vater und aus meiner Entwicklungszeit einschalte. „Aber als
239 2831 3375 2896 Tochter im dritten An— hat auch dem Musiker schöpferischer Künstler — ob man nun ein guter überall, und die Musik ist nur dazu angetan, diese
243 2831 3371 2935 wärmere, innigere Töne eingegeben, die einzigen oder schlechter ist, ist dabei einerlei, man muß nur „angenehmen". Empfindungen noch gründlicher
256 2872 3361 2989 Klänge, bei denen ich mir sagen konnte, diese Stelles ein innerlich wahrhaftiger sein — emp= auskosten zu lassen. Eine geringe Naivität, echte,
251 2933 3368 3032 sei musikalisch von Wert. übrigens spricht dies ent- findet man doch künstlerische Probleme viel inten= keine kokettierende, muß jeder Künstler haben
246 2981 3370 3094 schieden für den Komponisten (aber gegen seine siver als der gescheiteste, nicht schöpferisch tätige und hat sie auch, wenn er imstande ist, Herzens¬
259 3036 3368 3167 Oper). Sonst nichts als Phrasen und noch einmal Kunstschriftsteller. Auch mir schien einst die Gegen=musik zu schaffen. Gegen die Prosa im Text hin¬
