3436 4256
417 166 786 239 Liebelei
253 175 916 280 5. Min ce K.
948 153 1384 250 box 11/1
2271 110 2708 194 Telephon 12801.
1917 181 3125 278 Alex. Weigl’s Unternehmen für Zeitungs-Ausschnitte
2900 242 3118 312 Ausschnitt
1751 292 1885 382 #0
2945 293 3201 393 Nr. 40
2129 264 2823 407 „OBSERYER“
1790 365 3249 472 I. österr. behördl. conc. Bureau für Zeitungsberichte u. Personalnachrichten
2019 439 3027 531 Wien, IX/1, Türkenstrasse 17.
2198 511 2828 595 — Filiale in Budapest: „ yelö“
1804 569 3238 646 Vertretungen in Berlin, Chicago, Genf, London, Newyork, Paris, Rom, Stockholm.
1803 730 2338 810 Ausschnitt aus:
2541 745 2625 838 1
2900 769 3205 879 A####ng
1813 863 2445 975 vom: 3#/  1901—
2174 1227 3001 1337 Theater, Kunst und Piteratur.
2158 1291 3107 1378 * (Deutsche Bühne.) Wie die Jugend Wiens, ge¬
2062 1353 3123 1415 wisser Kreise leibt und lebt, liebelt und manchmal auch liebt,
2066 1388 3107 1479 hat Schnitzler im ersten Acte seines Schauspieles „Liebelei“
2062 1425 3117 1533 Abensvoll und lebensfrisch gezeichnet. Diesem frischen, far¬
2055 1469 3117 1551 benreichen Genrebilde folgen zwei Stimmungsacte in moder¬
2066 1536 3132 1598 nem Sinne; sie führen in das Heim des Musikers Mitler,
2061 1565 3132 1646 des Vaters jenes Mädchens, mit dem der Student eine Lie¬
1955 1623 3136 1682 50 Z belei anknüpfte, das ihm aber in wahrer und echter Liebe zu¬
3116 1619 3234 1685 lusive
1823 1645 1931 1706 Für
3097 1675 3207 1720 orto.
2062 1649 3121 1754 gethan war und dem Ungetreuen in den Tod folgt; wir sehen
1943 1680 2041 1731 100
2070 1711 3225 1785 alltägliche Zustände, und durch Unterredungen wird uns klar, plbar
1946 1722 2049 1767 200
2066 1742 3255 1822 wie die Dinge eigentlich liegen, und welcher tragische Zu=Voraus.
1936 1761 2054 1809 500
1874 1743 1913 1825 *
1870 1795 2053 1868 „ 1000
2075 1796 3129 1871 sammenstoß sich vorbereitet. Man hat — und nicht mit Un¬
2080 1810 3281 1907 recht — dem Dichter zum Vorwurfe gemacht, dass er den ist das
1965 1852 2061 1898 Im
1841 1872 2070 1937 Abonnemen
2087 1865 3283 1959 Vater des Mädchens, das ernst und wirtlich liebt, zum Ver¬ es den
1847 1930 2076 1991 Abonnenten
2077 1907 3127 2004 treter der Lehre des heiteren, leichtsinnigen Lebensgenusses
1957 1983 3294 2050 Der auswählt und eigentlich dadurch seine Tochter in den Todjend die
1838 2009 3280 2095 Inhaltsangastreibt. Insoferne dieses bedenkliche Mittel den Zweck verergen¬
1856 2061 3279 2139 blätter (Folgt, Spannung hervorzurufen, eine Steigerung zu bewirzeitung")
1848 2095 3296 2166 wodurch eintten, muss zu gestanden werden, dass der Dichter diesen Zweckjaftliche
1843 2163 3291 2233 Leben des lerreicht hat. Ist die Kunst sich Selbsizweck, die das Gute auf='se Mit¬
2082 2187 3147 2283 Inehmen kann, doch nicht aufnehmen muss, so kann man
1852 2210 2076 2277 theilungen
2087 2230 3142 2310 schließlich auf die Vertheidigung allgemein anerkannter sitt¬
2091 2271 3163 2356 licher Grundsätze verzichten, ohne sich jedoch mit der sonder¬
2089 2320 3158 2400 baren Weisheit des Musikers Miller einverstanden zu er¬
2093 2365 3169 2461 klären. — Wie hoch stehen die Werke Ibsens, der in allen
2103 2409 3165 2496 seinen Dramen aus gewissen Problemen sittliche Grundsätze¬
2092 2453 3152 2540 schöpft, gegen solche Stücke, die sich direct gegen die sittliche
2104 2496 3152 2582 Verantwortung der Eltern richten. — Abgesehen von diesen
2102 2542 3160 2633 Bedenken, ist die Dichtung Schnitzlers ein interessantes Stück,
2110 2586 3142 2674 das den Zuschauer bis zum Schlusse in Spannung erhält. —
2096 2614 3164 2725 Wie erinnerlich, wurde uns seinerzeit das Werk, theilweise
2115 2686 3165 2762 von Gästen des Burgtheaters besetzt, in einer vorzüglichen
2108 2738 3170 2796 Aufführung vermittelt, an die die gestrige Vorstellung nicht
2117 2766 3175 2845 heranreichte. Es ist wunderlich, dass Frau Meta Illing
2115 2810 3174 2891 gerade diese Komödie zu ihrem Gastspiele gewählt hat. Vor
2105 2856 3167 2942 allem ist ihr die Wiener Mundart fremd, sie sprach bald hoch¬
2115 2904 3170 2973 deutsch, bald in schwäbischem Dialecte und bildete daher in
2112 2944 3163 3014 ihrer Umgebung ein fremdes Element. Christine ist ein ein¬
2107 2977 3166 3074 faches, ehrliches Wiener Vorstadtmädel, das sich in Leid und
2118 3036 3167 3107 Schmerz ungeschminkt, schlicht, natürlich und ehrlich äußert.
2097 3072 3180 3168 1 Die Gastin sehrte jedoch viel zu sehr die Kunst und Künstelei,
2094 3157 3163 3205 einer Schauspielvirtuosin mit sorgsam ausgeklügelten Effec¬
2105 3193 3175 3256 ten hervor; wir sahen ein nervöses, leidenschaftliches Ge¬
2115 3239 3157 3293 schöpf, mit den Posen und Mienen einer tragischen Lieb¬
2115 3291 3164 3337 haberin; in dem großen leidenschaftlichen Ausbruche einer
2112 3321 3158 3384 inz Innerste getroffenen Seele übte die Kunst der Gastin
2107 3377 3173 3429 allerdings großen Effect aus und erzielte auch rauschenden
2115 3413 3161 3471 Beifall. Unter den Darstellern ragte Fräulein Mimmie
2113 3457 3169 3500 Schütze hervor, welche die leichtfertige, herzensgute Freun¬
2107 3495 3171 3560 din Christinens natürlich, lebensvoll, mit gewinnender Fri¬
2118 3549 3159 3605 sche, bei vollständiger Beherrschung der Wiener Mundart,
2112 3587 3169 3648 gab. — In dem frischfröhlichen harmlosen Lustspiele „Mili¬
2109 3635 3164 3692 tärfromm“ von Moser und Thilo von Trotha spielte die
2103 3679 3167 3748 Künstlerin eine schöne, elegante, verwöhnte, mit allen be¬
2106 3730 3168 3788 kannten Eigenarten ihres Volkes ausgestattete Amerikanerin,
2109 3762 3157 3830 die durch die Liebenswürdigkeit ihrer militärischen Umge¬
2102 3810 3172 3864 bung bekehrt, d. h. „militärfromm“ wird, mit pikanter Gra¬
2111 3851 3179 3911 zie und anmuthiger Eleganz, trefflich den englisch=deutschen
2105 3904 3169 3957 Jargon radebrechend. Frau Illing fand in diesem Stücke
2110 3939 3173 4007 durch die übrigen Darsteller eine recht wirksame Unterstützung
2109 4001 3171 4057 und ward durch warme Anerkennung ausgezeichnet. — Das
3026 4033 3138 4098 J.
2103 4035 2654 4106 Theater war sehr gut besucht.
