3436 4256
199 157 300 244 5
350 153 756 236 Liebelei
862 158 1340 270 box 13/8
306 168 754 278 RebeIer
3240 889 3387 972 ——
2676 937 3394 1036 khandelt es sich um öffentliches Ge
2695 1008 3390 1074 wahren Pflicht der dazu berufenen
352 1023 2718 1150 Kunst des Schauspielens a## mein so verbreitet ist, daß man Heuchler zwingt auch seine bedauernswerthe Frau, an seinen
357 1047 3393 1188 nicht erst eine Maske an, braucht, da man sie nie ab=falschen Spiel insoferne theilzunehmen, als sie gezwungen ist, deren Obliegenheiten gehört, Denkm
2702 1096 3400 1170 hoher Würdenträger vor jedweder Be
1523 1115 2708 1210 eine glückliche, zufriedene und liebende Gattin zu spielen und
1530 1137 3400 1248 zu allen unsauberen Schlichen ihres unwürdigennnes zu Es ist darum nur eine beklagenswert##
367 1174 526 1251 legt..
517 1174 598 1226 8
2680 1198 3393 1271 bereits eine Remedur in officieller W
465 1171 1553 1265 Das Fulda'sche S zuspiel hat vier Akte. Der erste
1541 1238 1759 1314 schweigen.
2513 1239 3395 1309 Zitting=[Geschah dies nicht aus eigenem Antris
365 1239 1537 1318 ist der beste, der letzte üb lüssig, er bringt nur die Wieder¬
1634 1246 2478 1332 Bei diesem Elternpaar erscheint nun Baron
2486 1289 3390 1359 nd dem berufenen Korporationen und Gesellsch
367 1288 1546 1367 holung einer peinlichen S#e; die sich auch die faule Phan¬
1535 1309 2492 1390 hof, um dem Verhältniß zwischen seiner Ger
2692 1331 3394 1402 müssen. Denn es kann nicht geduld
370 1330 1548 1409 tasie eines wenig denkend Zuschauers hätte leicht ausmalen
2458 1360 2711 1422 uerst ein
1535 1356 2480 1447 Assessor zum ersehnten Resultat zu verhelfen.
361 1394 1550 1458 können. Im Ganzen geht es in der „Maskerade“ ebenso zu,
371 1452 3397 1524 wie „Im grünen Baum zur Nachtigall“; bei Fulda, wie bei großes Verwundern, man wußte ja nichts von Tochter Verletzung nicht blos des Empf
365 1477 3398 1562 Hartleben: das alte Rührstück=Recept, nur etwas aufgefrischt des Barons, dann allgemeine Freude. Dem H# Assessor Nation, sondern der in civilisirten
1540 1465 3373 1576 öffnet Vater Schellhorn die Augen und dieser ist nach kurzem pflogenheiten einfach wie ein
1899 1529 3389 1616 obzwar er die Baronesse nie gesehen hat proklamirt oder als etwas Unabät
365 1545 783 1624 und leicht maskirt.
1540 1567 1851 1639 Zögern bereit
2698 1573 3019 1660 nommen wird.
475 1553 1548 1650 Der junge Baron von Wittinghof verließ einst seine
1600 1594 2722 1679 „seiner“ Gerda einfach abzuschreiben und wenn's irgend¬
2824 1599 3391 1678 * Eine Sprachenkarte von
369 1616 1559 1709 Geliebte. Die Tochter Gerda, ein Kind dieser Liebe zu legiti¬
374 1629 2723 1745 miren, kehrt er als alter, einsamer Mann — er hatte inzwi= wie geht, die adelige Dame zu heiraten. Also der würdige
371 1718 3400 1816 schen seine adelige Frau verloren — in seine Vaterstadt zu= Sohn seines Vaters. Diesmal hat sich allerdings der alte Volkszählung von 1900 hat Herr Pre
2705 1721 3377 1782 deutschen Universität ausgearbeitet.
2714 1756 3356 1824 nicht vor, dagegen gibt Prof. Rauc
379 1726 2730 1835 rück. Gerda will anfangs von ihrem Vater nichts hören, sie Wolf verrechnet. Der Absagebrief gelangt im dritten Akt in
2716 1800 3227 1865 eine Darstellung seiner Arbe
374 1767 2725 1884 kann dem Verführer, der ihre geliebte Mutter einst verlassen die Hände der bereits bei ihrem Vater lebenden Gerda und
2719 1846 3212 1911 erkennen die fleißige und
371 1830 2719 1940 hatte, nicht verzeihen. Aber des Barons Worte sind echt, diese weist des sauberen Herrn Assessors Hand nach Verdienst
2706 1887 3161 1953 nichts anderes als die
374 1881 2724 1985 weil empfunden, er spricht auch von den eigenartigen Ver= zurück, um die Procedur nach einer in altbewährter Theater¬
380 1976 3140 2043 hältnissen, die ihn damals zwangen, eine adelige Dame zu methode durchgeführten Prüfung im vierten Akt nochmals, in der Führung des 3
2692 1975 3140 2043 ldaß die Zweitheilbark
1550 1983 2225 2078 diesmal gründlich zu wiederholen.
380 2027 666 2104 heiraten.
1654 2001 3191 2089 Nach versprechendem Anfang gelangt also der Autor leichte Sache ist. Gewis
493 2027 1573 2137 Das gute Kind wird weich, sie willigt ein, nein: sie
385 2098 3276 2176 wollte gerne einwillizen, aber. .. Sie hat einen Geliebten ... der „Maskerade“ zur alten Theatermache, und so kann man Dr. Herbst den Gerichtsbezirk:
392 2147 3305 2225 Das hat der alte Baron nicht erwartet. Doch läßt er nicht denn sein Stück, so dankbar es auch vom Publikum aufge= gehend dessen leichte Theilbarkei
2710 2149 3303 2212 langte im Landtage eine Pet
2712 2178 3291 2259 Bischofteinitz ein, in welcher ge
388 2180 2532 2288 nach. Gerda muß mit der ganzen Wahrheit heraus, sie muß nommen wurde, künstlerisch nicht hoch bewerthen.
1668 2183 2734 2284 Es ist ein Werk eines Theaterpraktikers, der die saubere
2718 2229 3301 2293 in der entschiedensten Weise
406 2243 1576 2318 en Namen ihres Geliebten nennen. Und siehe da, es zeigt
1561 2245 2732 2353 Arbeit in französischer Schule gelernt hat, der sich nicht ohne
2727 2274 3231 2335 Dr. Herbst Verständniß —
395 2282 1566 2366 ich, daß der junge Mann ein Sohn des Geheimrathes
2710 2321 3263 2381 Gemeinde Stankov Markt un
398 2307 2729 2408 Schellhorn ist, seine Stellung als königlich preußischer Re= großen Nutzen in das Werk Molière's vertiefte, aber
395 2409 3353 2474 gierungsassessor versprechend einnimmt, und daß Papa trotz alledem kein Kunstwerk. Daß alte Wahrheiten, die in Gerichtsbezirkes bewirbt. Doch he
399 2446 3364 2515 Schellhorn und der Baron sogar Jugendfreunde gewesen der „Maskerade“ von neuem aufgetischt werden, stets ihre Gebiet dieses Bezirksgerichtes eine
392 2490 3373 2556 sind. So schließt denn der erste Akt im besten Einvernehmen bewährte Wirkung üben müssen, daß offene Worte wie: hätte, nämlich ein kleineres nördlich
391 2478 3401 2622 zwischen Vater und Tochter. Diese letzte Stene ist wohl die „Unsere ganze officielle Moral ist ein Mummenschanz,“ oder Gebiet, die beide nur durch eine ##
393 2579 3385 2659 beste im ganzen Stück, sie konnte nur ein Künstler schreiben, „Die gute Gesellschaft ist ein Aktienunternehmen zur Aufrecht= hängen. Die deutsche Gemeinde Aut
2736 2575 3382 2634 an Stankov stößt, müßte an der
1579 2584 2747 2671 erhaltung des leeren Scheins“ starken Wiederhall finden
2720 2617 3377 2693 Bischofteinitz gewiesen werden. Ue
407 2600 1585 2703 der seine Kunst an tiefen seelischen Quellen tränkt. Der zweite
1576 2646 2379 2740 werden, konnte man leicht voraussagen.
406 2672 1580 2751 Aufzug führt ins Haus des Geheimraths Schellhorn, eines
1674 2657 3404 2746 Auch die schwächeren Theile des Werkes amüsiren das man nicht hinlausgekommen. Nach
2724 2710 3363 2773 deutschen Agitation gelungen,
402 2712 1588 2807 prächtig gezeichneten Typus, der wohl die gelungenste Maske
1578 2731 2749 2812 Publikum, weil sie mit feuilletonistischem Esprit geschrieben
2724 2740 3370 2806 Bezirke zu bilden, fünf deutsche
403 2756 1578 2856 in Fulda's „Maskerade“ ist. Wie der Dichter diesen Schuft
1574 2785 3392 2880 sind, und so verlief der Abend in angenehmer Stimmung. kytnic, Stecken, Wekelsdorf, Hartma
397 2813 1587 2890 abkonterfeit hat, beweist seine glänzende Beobachtungsgabe.
1674 2815 3399 2902 Die drei bisherigen Novitäten des Burgtheaters haben misch=Skalic. Ueberall haben die bi
412 2856 1593 2954 Schellhorn ist ein Tartuffe, der unter dem Mantel der Wohl¬
1583 2885 3379 2952 nicht die berechtigten Erwartungen erfüllt. Hoffen wir, daß Besitzstand gewehrt, und nur dort,
410 2901 1576 2999 anständigkeit ein ganz miserables Subjekt verbirgt. Aeußerlich
1574 2905 3400 2991 für den weiteren Gang der Saison gelten wird: aller loder Märkten besondere Umstände 3
2520 2960 3368 3054 Essen. Bezirksgerichte erreicht. Von den
401 2947 1593 3031 der pflichtgetreue Beamte, liebenswürdige Ehegatte, Gentleman,
411 2975 2207 3093 innerlich ein Streber und gewissenloser Lebemann. Dieserschwachen Dinge sind drei.
