3484 4224
16 2906 74 2965 al
501 208 889 289 Liebelei
325 219 902 345 3. B4
252 986 668 1086 heatersaison 1895/96.
255 1076 1034 1193 sht, die verstimmt, und giebt seiner
257 1164 1039 1239 ie Unsicherheit. „Das Glück im
262 1217 1021 1314 Stoff wie Ibsens „Frau vom Meere“
274 1283 1039 1363 Mitterwurzer mitspielt, gewiß ein
264 1351 1035 1412 seinen Eindruck nicht verfehlt. Wer
280 1408 1027 1485 wird immer bedächtiger den Kopf
268 1453 1034 1544 daß Wirklichkeit und Wirkung nicht
270 1521 1029 1604 ander fortwährend im Wege stehn.
268 1582 1033 1671 gleichlich stärkern Erfolg hatte, als
255 1642 1025 1716 keere“, die unvergleichlich tiefer und
256 1692 1032 1778 ringt, so beweist das nur, wie viel
265 1762 1028 1841 blikum äußere Wirkung im Werth
271 1815 1021 1894 udermann, dieser wichtige Etappen¬
260 1873 1030 1953 wicklung, braucht weder nach rechts
262 1935 1030 2013 h nach links hin den Naturalisten
269 2001 1030 2068 hut, ist ein weiseres und andächtigeres
261 2059 1038 2126 Pulsschlag der menschlichen Herzen,
265 2116 1027 2190 mTheatereffekt wird. Er hält den
269 2171 1030 2245 b die Uhr, aber er zählt meistens
296 2241 1038 2306 richtigen Pulsfühlens, nicht das
255 2277 1020 2371 interessiren. Wäre unsre Hofbühne
261 2351 1032 2424 men, unmittelbar nach „dem Glück
266 2404 1027 2491 vom Meere“ auf ihr Repertoir zu
272 2464 1032 2541 s deutsche Epigonenstück ein Schlüssel
267 2525 1034 2599 hen „Mysteriums“ geworden, ein
284 2591 1037 2673 dunklen Pforte vielleicht zerbrochen
280 2666 1033 2768 Lessingtheater müssen wir wieder
265 2770 1023 2833 heater suchen, wenn wir bei den
274 2828 1031 2900 Saison bleiben wollen. Und hier,
265 2881 1024 2956 tte des Alltagsrealismus, dürfen wir
268 2942 1038 3015 sche Land erheben. Die Verbindung
262 3004 1032 3077 promittirend, Ludwig Fulda her.
273 3054 1030 3142 fall, der Gottfried Kellers würdig
265 3128 1036 3188 wyler schrieb. Berlin W. wird auf
269 3178 1013 3260 lagen. Unsre zweibeinigen Kultur¬
267 3244 1018 3292 m Boden, ein Wildling aber aus
270 3289 1022 3365 ächst mächtig hervor. Kommerzien¬
263 3348 1027 3426 hnen Umsturz gegen Recht, Sitte,
259 3403 1036 3491 Proletarier unter der kleinen Insel¬
1031 215 1469 330 box 10/3
1849 995 2534 1082 Die Berliner Theatersaison 1895/96.
2768 1013 2853 1090 497
1494 1103 2878 1191 gemeinschaft hergestellt hat. Es wird also bei Fulda etwas ver¬
1485 1158 2899 1244 kehrte Welt gespielt Unsre sittlich n und sozialen Zustände werden
1489 1222 2897 1309 durch Kontrast beleuchtet. Schon im Kontrast liegt Komik. Aber
1490 1290 2894 1362 da Fulda den Kontrast nicht ernst gerug genommen hat, versagt auch
1482 1344 2895 1415 die Komik. Fulda hoffte tändelnd, tängelnd dieses Ziel zu erreichen,
1492 1418 2896 1486 und der gewaltige Stoff schlug seinen Bearbeiter, der eine zu
1483 1464 2887 1533 dürftige Phantasie daran gewendet hatte und ihm mit Theater¬
1492 1522 2887 1586 mittelchen beizukommen vermeinte. Der sonst so feine und geist¬
1489 1579 2896 1654 reiche Dichter hätte bei mehr Selbstkritik diese schwächliche Arbeit
1480 1638 2898 1706 bei Seite legen sollen, früher bei Seite legen sollen, als es das
1493 1694 1837 1772 Publikum thai.
1584 1771 2901 1833 Ungleich respektabler steht Adolf Wilbrandt mit „dem
1482 1815 2892 1885 Meister von Palmyra“ da, obgleich auch seine Kraft das hohe
1484 1878 2895 1949 Ziel nicht erreichte. Wilbrandt rührt an die Urfrage alles Seins,
1486 1954 2897 2014 an die Frage um Tod und Leben. Der Meister von Palmyra,
1485 1997 2901 2051 erfolgreich als Feldherr wie als Künstler, will ewig leben. Von
1479 2049 2897 2131 überirdischen Mächten wird ihm dieser Wunsch gewährt, bis dem
1496 2120 2907 2199 einstigen Günstling des Glückes das Dasein zur Last wird und er
1483 2178 2905 2234 selber den Tod zur Erlösung herbeiruft: ein Ahasverus, der aber
1492 2236 2901 2302 nicht den unsterblichen Fluch einer Schuld trägt, sondern der von
1484 2295 2906 2366 edler Geisteshöhe herab am eignen Schicksal erkennen muß, daß
1488 2342 2894 2420 der Werth des Daseins nicht in der Dauerhaftigkeit eines Einzel¬
1487 2413 2892 2485 wesens liegt, sondern gleichsam von Seele zu Seele wandert, und
1493 2458 2883 2532 daß der besondre Mensch nur als nothwendiges Glied einer un¬
1491 2515 2891 2587 endlichen Kette Geltung hat. Dieser Gedanke ist zugleich flach
1492 2588 2891 2662 und tief. Die künstlerische Ausgestaltung hat zwischen beiden die
1494 2652 2896 2720 Wahl. Wilbrandt hält sich ungefähr in der Mitte zwischen tief
1482 2719 2895 2779 und flach. Dem Meister von Palmyra, dem fünf Menschenalter
1491 2768 2888 2853 beschieden sind, um an der eignen Person seinen Irrthum zu er¬
1487 2822 2900 2895 kennen, steht en fünfeiniges Frauenwesen gegenüber, das fünfmal
1488 2883 2895 2949 stirbt und sich fünfmal erneut. Während der Meister selbst ein theo¬
1487 2928 2907 3013 retischer Begriff geblieben ist, hat der Dichter dieser von Körper
1495 3002 2900 3070 zu Körper wandernden Seele viele menschlichen Reize gegeben.
1497 3063 2897 3128 Während der durch die Ereignisse schreitende Geist des Todes eine
1489 3135 2905 3189 spekulative Allegorie geblieben ist, wirken diese fünf Erscheinungen
1486 3178 2895 3240 ein und desselben Wesens, diese Symbole des ewigen Kreislaufs
1494 3245 2903 3317 von Werden und Vergehn, fast alle real innerhalb eines gehobnen
1497 3274 2902 3362 Stiles, den die schöne Verssprache bezeichnet. Da Agnes Sorma
1495 3353 2897 3423 dieser Fünfeinigkeit liebliche Gestalten lieh, so ließ sich unser Publikum
1489 3409 2918 3508 durch das Mittelmaß der edel und wirksam vorgetragnen Weisheit
