3532 4224
1018 186 1467 277 box 12/6
517 186 879 265 Liebelei
322 192 923 300 5. S
821 504 1350 574 (Quellenangabe ohne Gewähf).
535 451 1778 719 Serenene en eee
1213 576 1516 676 Hamburg
846 655 1156 746 ZLOELI915
552 708 711 780 vom:
782 751 1435 876 Cheater und usin.
946 869 1239 937 Vo.ksover
1001 924 1181 985 Liebelei.
670 960 1517 1023 Oper in 8 Akten von Franz Neumann.
489 1025 1717 1085 Liebelei, Franz Neumanns dreiaktige Oper, die im Jahre 1910 ir
455 1036 1728 1111 Fkanifurt a. M. aus der Taufe gehoben wurde, erlebte nun auch ir
454 1104 1724 1168 der Hamburger Volksoper ihre Erstaufführung
465 1145 1716 1199 „Liebelei“ ist hinreichend bekannt und gegeben, was bein
456 1181 1725 1250 Schauspiel ein Vorzug ist, gereicht der Oper zum Nachteil. Es ist
463 1221 1718 1285 immer ein Wagnis, ein Schauspiel fast ohne jegliche Aenderung zu
460 1260 1727 1323 vertonen. Franz Neumann ist gewiß ein starkes Talent, und schicker
451 1299 1747 1368 wir es voraus, „Liebelei“ eine der besten, vielleicht die beste Oper, die
453 1347 1727 1404 uns in den letzten Jahren beschert ist, aber der Schwierigkeiten diesen
453 1378 1725 1443 endlosen Rezitative, namentlich im ersten Akt, vermochte auch er nich
453 1416 1738 1488 Herr zu werden. Die erste Hälfte des ersten Aktes gemahnt musikalisch
460 1450 634 1492 PPOIS
418 1484 1681 1563 ert an Charpenliers „Luse , jenem vor einem Dezennium vielumstrit¬
423 1544 1683 1594 nen Werke. Neumann gestaltet den orchestralen Teil der Rezita¬
431 1580 1688 1636 ie immer interessant, entzückt immer wieder durch geistreiche und
430 1620 1692 1680 elodiöse Wendungen und Themen, weil auch er fühlte, daß die
422 1665 1690 1708 ezitative durch das Orchester belebt werden müßten. Wir halten die
423 1697 1691 1757 ste Hälfte des ersten Aktes nicht sonderlich glücklich; mit
436 1742 1679 1791 m Text des Schauspiels ist hier eben nicht viel anzufangen.
425 1771 1688 1826 in kräftiger Strich wäre nur wohltuend. Im Schauspiel nimmt
427 1820 1680 1875 chnitzler zur Steigerung des gesprochenen Wortes die Musik
429 1857 1686 1901 Hilfe und erreicht mit Christines Lied am Klavier eine bedeutend
421 1893 1679 1936 rtiefte Stimmung. In der Oper ist jedoch das Gegenteil der Fall.
411 1939 1686 1981 n den vorhergehenden Szenen entfaltet der Komponist den ganzen
422 1976 1683 2022 zohllaut der modernen Instrumentation, dem zur Begleitung des
418 2026 1687 2074 jedes nur das (stilechte) Tafelklavier gegenübersteht. Sehr oft läßt
433 2058 1689 2109 sich nun nicht vermeiden, die Begleitung hinter der Szene wieder¬
409 2093 1692 2127 eben zu müssen, wodurch notgedrungen die Wirkung noch mehr abge¬
404 2130 1696 2176 schmächt wird. Wir entsinnen uns, die Klavierbegleitung dieser Szene
391 2174 1693 2229 vom Orchester unterstützt gebört zu haben, was eine bessere Wirkung
392 2216 1679 2255 auslöste. Geradezu prachtvoll, aus einem Guß, ist der Auftritt und
396 2250 1678 2297 die Szene des „Herrn“. Sie gehört zu den besten Szenen des Werkes
403 2294 1687 2346 überhaupt und wirkte nicht zum mindesten auch durch die Darstellung
402 2335 1684 2374 und Auffassung der handelnden Personen. Bedeutsam ist ferner der
404 2369 1684 2418 Schluß des Aktes. Das zweite Bild bringt im Vorspiel eine Fuge
401 2405 1680 2462 der Klaschbasen an der das eigentümlich freie und modern gestaltete
394 2454 1689 2491 Thema auffällt. Das große Zwischenspiel des zweiten und dritten Aktes
397 2491 1680 2540 bringt abermals eine Steigerung, hier und vollends vor dem Eintritt
402 2524 1694 2580 des Vaters im letzten Akt (Christine am Fenster) erreicht die Musik
405 2573 1694 2619 eine selten erreichte Kraft und Ueberzeugung des Ausdrucks. Nament¬
393 2610 1695 2656 lich das Thema der Streicher in letzterer Szene ist hinreißend und
398 2649 1694 2705 faszinierend. Das Orchester malt, wie meistens in der modernen Oper
394 2676 1688 2737 jede Seelenregung und ist der eigentliche Träger der
390 2732 1707 2792 Handlung, so daß man häufig des gesungenen Wortes nur¬
401 2764 1693 2815 als einer Erläuterung bedarf. Das thematische Material ist reich
394 2800 1695 2843 an lyrischen und markanten Gedanken, die Instrumentation entzückend
405 2841 1693 2893 fein und durchsichtig, so daß das gesungene Wort fast niemals gedeckt
400 2878 1702 2923 wird. Als moderner Tondichter verwendet Neumann fast immer den
399 2917 1695 2965 Trugschluß und erzielt durch das gelegentliche Schließen in der Tonika
407 2954 1691 3001 und dem unisono der Singstimme und des Orchesterthemas gerade
414 2996 1687 3040 durch die dadurch zutage tretende Einfachheit eine bedeutende Wir¬
416 3040 1696 3090 kung. „Liebelei“ ist endlich wieder einmal ein Werk voll natürlicher
412 3068 1699 3129 frischer musikalischer Erfindung, Neumann ein Tondichter, der fühlt,
396 3110 1693 3164 was er schreibt und nicht ein Auchkomponist, der sich durch Stellung
418 3155 1693 3205 oder Beruf gezwungen fühlt auch schöpferisch tätig zu sein. Die Auf¬
418 3190 1685 3257 führung stand auf respektabler Höhe. Herr Waschmann war glänzend
407 3228 1692 3276 bei Stimme. Die Partie des Fritz liegt ihm vorzüglich. Auch dar¬
408 3277 1692 3330 stellerisch darf er die Partie zu seinen besten zählen. Fräulein Schle¬
404 3305 1684 3364 müller war ihm eine ebenbürtige Partnerin. Herr Kant als „Herr“
413 3362 1693 3400 bot eine vollendete Leistung. Zu erwähnen sind ferner Fräulein
406 3388 1700 3454 Scheulen als Mizzi und Herr Challis als Theodor. Herrn Pfeiffer,
408 3430 1692 3483 dem musikalischen Leiter, gebührt das Hauptverdienst des Abends.
406 3461 1705 3519 Der Tondichter kann sich keinen besseren Interpreten wünschen. Das
416 3508 1700 3558 Orchester war unter seiner Stabführung ausgezeichnet, klangschön
421 3548 1694 3606 und überwand die zahllosen Schwierigkeiten spielend, Direktor Moris
405 3589 1413 3636 hatte das Werk sorgfältig wie immer in Szene gesetzt.
466 3601 1693 3676 Die Aufführung ist eine künstlerische Tat und sollte vom Publikum
417 3667 1702 3714 nicht als solche dadurch gewertet werden, daß das Haus derartige
420 3680 1715 3754 Lücken aufweist, wie es am Sonnabend der Fall war. Man kann dem
655 3740 696 3770 04
413 3739 1701 3789 Leiter einer Bühne dann nicht einen Vorwurf daraus machen, wenn
410 3775 1694 3834 er entmutigt sein Heil in leichterer Ware sucht. Auch die heutige
414 3806 1708 3865 ernste Zeit scheint es nicht zu vermögen, die größere Menge der ersten
423 3860 1700 3906 Kunst wieder zuzuführen. Die ernste Musik ist nicht immer so unver¬
432 3893 1692 3943 ständlich, wie mancher Laie glaubt, nur muß man den Willer haben
424 3930 1699 4002 sie zu verstehen, dann wird man in ihr größere Erbaufng und rößeren
419 3967 1376 4033 Genuß finden als an einem Erzeugnis des Marktes
2057 1003 2363 1091 240111915
2490 988 3090 1096 Bresianer Zeitung
1979 1073 2785 1127 Reichsgerichts vom 21. Dezemver 1915.)
2296 1177 2969 1279 Breslauer Theater.
2005 1251 3345 1328 Wa. Thalia=Theater. „Lisebelei.“ Die Wiener Atmo=t
1975 1312 3306 1373 sphäre, die in früheren Zeiten dank der damaligen, für der¬
1964 1367 3341 1423 artige Aufgaben günstigen Zusammensetzung unserer Schauspiel= d
1971 1417 3282 1490 sruppe, Schnitzlers Drama umhüllte, hat sich bei uns im Laufe der
1966 1463 3319 1542 Jahre leider verflüchtigt. Nun ist freilich Schnitzlers Schöpfung,
1968 1528 3299 1581 die das „süße Mädel“ zur tragischen Heldin verrtärk, in ihrem
1977 1565 3342 1617 wesentlichen Gehalt von einer die lokale Bedingtheit über¬
1972 1613 3288 1676 windenden Allgemeingültigkeit. Aber es läßt sich nicht leugnen,
1967 1650 3296 1738 daßssie mit der Loslösung vom Mutterboden einen besonderen
1979 1712 3290 1770 Beiz, die eigentümliche Farbe, den zarten Duft einbüßt. Das
1954 1770 3290 1821 (Liebesdrama der Musikertochter und des jugendlichen Lebe¬
1973 1792 3314 1877 mannes, der ein leichtfertiges Genießerleben mit frühem Tode
1981 1858 3300 1921 büßt, kann wohl für sich bestehen, aber seine Umwelt ist nun
1983 1909 3297 1960 einmal so stark auf den Wiener Ton gestimmt, daß sie ohne ihn
1975 1955 3301 2037 an Lebenswärme und damit theatralischer Eindrucksmacht er¬
1970 2002 3302 2051 heblich einbüßt. Bei den Gestalten aus der Sphäre des Volkes
1980 2041 3306 2129 wird uns dieser Mangel besonders fühlbar; und so konnten
1977 2097 3305 2173 weder die Modistin Mizi Schlager, die Fräulein Leny
1986 2166 3300 2221 Engelhard fesch und beweglich gab, ohne doch den vom
1974 2206 3300 2281 Dichter geschaffenen Typ in feinem sinnlichen Reiz und seinem
1988 2264 3304 2326 Wesen erschöpfend wiederzugeben, noch die Strutapfwirkerfrau
1976 2304 3307 2376 des Fräulein Valeska Stock befriedigen. Auch Herr Lenoir,
1981 2356 3296 2435 der für die Spielleitung verantwortlich zeichnete, hatte, obwohl
1979 2410 3307 2467 er im Gegensatz zu den anderen um eine dialektliche Färbung
1981 2467 3298 2538 der Sprache sich mühte, als Musiker Weiving nichts überzeugend
1983 2508 3299 2556 Wienerisches und blieb zudem in einer theatralischen Aeußer¬
1994 2564 3309 2619 lichkeit stecken, die von den Gemütstiefen des sorgenden Vaters
1986 2611 3297 2675 nichts ahnen ließ. Echtes Wienertum gab einzig, ohne irgendwie
1989 2662 3310 2710 mit seiner Beherrschung des Dialekts zu prunken, Herr
1995 2712 3307 2766 Halpern, der als Theodor Kaiser eine echte Gestalt aus dem
1990 2761 3306 2824 Anatol=Kreise auf die Bühne stellte. Herr Rotmund konnte
2000 2810 3310 2879 es ihm in dieser Hinsicht nicht gleich tun; und sein Fritz Lob¬
1992 2851 3313 2934 heimer war von vornherein von einer melancholischen Be¬
1995 2907 3307 2982 schwertheit, unter der man den gewissenlosen, verführerischen
1992 2973 3320 3028 Lebejüngling nicht zu erkennen vermochte. Herr Boßhard
1998 3004 3324 3076 wiederum übernahm sich als „Herr“ in Ton und Geste derart,
1992 3060 3306 3122 daß die Grenze unfreiwilliger Komik hart gestreift wurde.
1998 3110 3312 3183 Gerettet wurde das Drama durch Fräulein Wall, die als
1996 3165 3314 3238 Christine am Anfange von gewinnender Schlichtheit und Natür¬
1994 3213 3351 3271 lichkeit, am Schlusse von leidenschaftlicher Kraft einer fassungs##
1996 3261 3310 3329 losen, anklagefeurigen Verzweiflung war, aber freilich auch da¬
1991 3294 3360 3383 zwischen tote Stellen hatte und in der Entfesselung des Temperass#
2001 3358 3365 3428 ments die Kunst des Haushaltens und Steigerns noch nicht besse
1996 3412 3338 3462 herrscht. Jedenfalls galt ihr vornehmlich der Beifall, der, neben
2002 3460 3282 3528 gelegentlichem verständnislosem Lachen, aus der menschenleeren
1992 3510 2957 3567 Oede des Zirkusrunds zur Bühne hinaufscholl.
3194 3553 3346 3642 —
