3484 4256
176 160 253 230 5.
301 156 676 220 Liebelei
277 210 706 260 „
840 155 1277 235 box 13/4
1816 54 2602 116 thenselves. They are ton achvel
1825 104 2609 156 with their farcical predicament to find
1810 143 2612 193 time for those slick generalizations upon
1818 187 2598 242 Art and Life that gave their prototypes of
1820 225 2617 291 the stage an intellectual background of
1819 277 1960 329 sorts.
1856 296 2604 358 It is impossible to believe that George (he is
1824 343 2614 387 not even called Leo) could construct a successtul
1819 376 2610 429 play or Tom (Otto has dwindled into Tom) paint
1816 411 2610 456 an amusing pieture, but as farcical puppets whose
1824 450 2616 490 Triendship groans under the strain of sharing the
1815 475 2624 521 favours of the woman they both adore they are
1820 508 2622 564 uncommonly lively. Gilda, the one character to
1827 549 2608 590 retain her name, is not encouraged to be hysteric¬
1820 581 2614 617 ally intrespective. She is asked only to look
1825 615 2608 660 irresistible, to love two men with equal intensity,
1825 645 2620 704 and to be incapable of living either with or
1826 674 2618 716 without them, all of which feats Miss Miriam
1817 712 2614 756 Hopkins accomplishes in a very amusing and
1829 745 2620 790 natural manner. Mr. Gary Cooper and Mr.
1831 777 2618 824 Fredric March depict with humour and precision
1830 815 2608 853 the rivalry, the friendship, and the embarrass¬
1829 845 2613 887 ment of the men between whom the butterfly
1835 878 2619 924 lady flutters with such disconcerting impartiality,
1838 913 2623 964 and Mr. Edward Everett Horton, though a mere
1837 937 2627 990 laughing-stock, is a very funny one. It is a
1835 980 2621 1024 very funny farce—but what an effort it must
1833 1014 2625 1056 have been for its author to resist the allure, not
1840 1043 2624 1104 merely of some, but of all the“ Noelisms“ of
1833 1088 2016 1146 the play!
1826 1135 2164 1191 NEW GALLERV
1870 1160 2634 1216 The Constant Nymph.—The Constanf Nymph
1839 1209 2618 1249 has been in its time a novel, a play, and a silent
1841 1247 2629 1292 film. It was inevitable a talking film should be
1839 1270 2624 1313 made of it, and to be expected that the direction
1834 1313 2624 1350 would be in the hands of Mr. Basil Dean. His
1842 1345 2624 1382 treatment belongs to the theatre more than 10
1841 1377 2633 1416 the cinema. His two or three attempts to illu¬
1846 1406 2631 1453 strate emotion in the idiom of the scrcen fail,
1845 1439 2628 1488 and his misty photographs of trains rushing to
1841 1467 2638 1522 and fro as Tessa wrestles with her arithmetic
1842 1504 2623 1549 belong to the elementary stage of cinematic
1849 1538 2629 1583 technique, but so long as he is contented to be
1848 1565 2622 1610 straightforward and unselfconscious, so long is
1846 1601 2622 1653 the film an honest and satisfactory piece of work.
1850 1632 2641 1676 Honest and satisfactory, adjectives which best
1841 1667 2625 1712 describe sometning lacking in inspiration and
1845 1695 2628 1741 intensity, and Mr. Dean, while keeping the film
1850 1732 2631 1791 free from distertion and vulgarity, has allowed
1846 1765 2638 1811 the magic of what is, after all, a singularly moving
1849 1798 2638 1835 story to escape besween the lens of a camera
2173 1827 2643 1877 d static when it is on its
1861 1833 2169 1881 which is too form
1850 1871 2649 1917 best behaviour am old-fashioned and naive
1849 1898 2276 1947 when it is experimennug.
1901 1915 2640 1969 The film, like the novel, hinges on the rela¬
1857 1958 2642 2003 tionship between Lewis Dodd and Tessa, the
1864 1989 2650 2038 constant nymph of the title, and Miss Victoria
1854 2013 2658 2067 Hopper and Mr. Brian Aherne are excellent
1869 2057 2647 2113 enough to carry the film to success on their
1870 2088 2648 2142 shoulders alonc. Miss Hopper, at the beginning,
1863 2126 2641 2168 scems to be a little out of her element, but, as
1862 2166 2649 2209 the film progresses and Tessa turns before her
1858 2204 2659 2247 time from a light-hearted child intu a tragic
1868 2226 2648 2273 woman, her acting gains immensely in authority,
1862 2256 2656 2318 and when poor Tessa dies in that shabby bed¬
1872 2291 2650 2336 room in Brussels, every aspect of her lovable,
1863 2325 2650 2378 tempestuous nature has been made known to us.
1868 2356 2647 2406 Mr. Aherne is kinderto Lewis than other actors
1863 2390 2647 2453 in the part have been—his hardness is toned
1865 2421 2652 2469 down, his seltishness miligated, but his perform¬
1866 2453 2646 2496 ance is splendidly consistent with itself. The
1875 2491 2630 2543 rest of a large cast, which includes Miss Marz
1867 2521 2629 2571 Clare, magnificently vulgar as Linda, Miss Jan
1869 2552 2650 2601 Baxter and Mr. Athole Stewart, are thoroughly
1880 2586 2655 2638 happy in their interpretations of their parts, and
1875 2617 2653 2677 Miss Leonora Corbett makes an intelligent effort
1869 2652 2658 2713 to show how jealousy and an unadmitted sense
1879 2686 2662 2732 of inferiority can turn a pleasant, normal woman
1867 2716 2658 2776 like Florence into something evil and vindictive.
1879 2749 2659 2799 It is a pity, though, that the scene in which
1872 2779 2660 2842 Florence finds Lewis’s father has a title is
1879 2819 2655 2879 omitted, for it illuminates one side of her
1886 2859 2656 2901 character perfectly. Some of the scenes in the
1881 2878 2664 2941 Tirol are beautifully photographed, and
1876 2909 2658 2964 altogether this is yet another film which will add
1869 2951 2510 3008 tothe rising prestige of British studios.
1872 3007 2129 3076 ACADENV
1915 3038 2665 3102 Liebelei.—This is taken Trom a story by Arthur
1884 3082 2662 3138 Schnitzler, and it is a straightforward tragedy,
1880 3121 2667 3159 without much elaboration of plot or character,
1875 3152 2673 3194 of lovers who mect with misfortune at the
1879 3177 2665 3238 moment when they are about to be happy. Al
1884 3215 2662 3269 this moment a young officer in the Austrian
1885 3243 2673 3296 Army, who has attached himself to a simple and
1889 3290 2666 3334 modest singer at the opera, is forced to fight a
1894 3325 2673 3371 duel us a result of an old love affair. And so
1880 3351 2679 3403 the tragedy occurs in the grand manner, un¬
1884 3372 2672 3432 deserved, but nevertheless the result of a tragic
1886 3412 2666 3464 failing. It is perhaps because it observes this
1883 3449 2671 3493 classical rule that the film, though it lacks any
1885 3486 2668 3539 depth, never loses a certain integrity of senti¬
1892 3510 2674 3570 ment and remains always clear and clean. The
1896 3553 2668 3602 contrast between the obligations of a military
1892 3579 2675 3631 caste and ihe more natural emotions of the
1888 3612 2678 3655 lovers is made with some delicacy, and certainl)
1890 3645 2680 3707 with no excessive emphasis. But much is due
2092 3677 2675 3731 nt acting, especialiy of Herr Wolf¬
1881 3688 2080 3735 t5 the er
1887 3709 2683 3762 gang Liete, eimer as the young oflicer, whose
1886 3747 2684 3813 portrait of a charming and ingenuous young
1894 3784 2681 3833 man is both consistent and attrat jve. The
1895 3806 2691 3863 settings are agrecable, and in particular a ride
1899 3852 2685 3895 througk a romantic snow-covered landscape and
1897 3886 2683 3923 a number of scenes at the opera house, with
1885 3917 2682 3963 the music of Mozart and Beethoven ingeniously:
1885 3946 2356 4010 used to assist ihe drama.
