<?xml version="1.0" encoding="UTF-8" standalone="yes"?>
<PcGts xmlns="http://schema.primaresearch.org/PAGE/gts/pagecontent/2013-07-15" xmlns:xsi="http://www.w3.org/2001/XMLSchema-instance" xsi:schemaLocation="http://schema.primaresearch.org/PAGE/gts/pagecontent/2013-07-15 http://schema.primaresearch.org/PAGE/gts/pagecontent/2013-07-15/pagecontent.xsd">
    <Metadata>
        <Creator>prov=University of Rostock/Institute of Mathematics/CITlab/Gundram Leifert/gundram.leifert@uni-rostock.de:name=ONB_Newseye_GT_M1+(htr_id=10810)::::v=2.4.2
prov=University of Rostock/Institute of Mathematics/CITlab/Tobias Gruening/tobias.gruening@uni-rostock.de:name=de.uros.citlab.module.baseline2polygon.B2PSeamMultiOriented:v=2.4.2
prov=University of Rostock/Institute of Mathematics/CITlab/Tobias Gruening/tobias.gruening@uni-rostock.de:name=/mnt/transkribus/LA/DEA/URO/LA_news_onb_att.pb:de.uros.citlab.segmentation.CITlab_LA_ML:v=2.4.2
Transkribus</Creator>
        <Created>2019-10-07T12:04:02.424+02:00</Created>
        <LastChange>2019-10-09T19:44:28.872+02:00</LastChange>
        <TranskribusMetadata docId="223992" pageId="9510019" pageNr="1826" tsid="16685768" status="IN_PROGRESS" userId="40391" imgUrl="https://files.transkribus.eu/Get?id=BWPBFRHCNYYIZKPQWALOQROT&amp;fileType=view" xmlUrl="https://files.transkribus.eu/Get?id=NWDSZSQWUGKAWEOFWNAOKTDF" imageId="6198721"/>
    </Metadata>
    <Page imageFilename="223992_1826.jpeg" imageWidth="3344" imageHeight="4224">
        <ReadingOrder>
            <OrderedGroup id="ro_1711446487187" caption="Regions reading order">
                <RegionRefIndexed index="0" regionRef="r1"/>
                <RegionRefIndexed index="1" regionRef="r2"/>
                <RegionRefIndexed index="2" regionRef="r3"/>
            </OrderedGroup>
        </ReadingOrder>
        <TextRegion orientation="0.0" id="r1" custom="readingOrder {index:0;}">
            <Coords points="252,2494 252,2648 312,2648 312,2494"/>
            <TextLine id="r1l1" custom="readingOrder {index:0;}">
                <Coords points="246,2598 255,2597 258,2601 262,2599 269,2606 277,2609 281,2606 290,2612 304,2609 308,2604 318,2601 314,2544 304,2541 284,2543 279,2539 264,2540 258,2547 243,2547"/>
                <Baseline points="252,2598 282,2596 312,2594"/>
                <TextEquiv>
                    <Unicode>r</Unicode>
                </TextEquiv>
            </TextLine>
            <TextEquiv>
                <Unicode>r</Unicode>
            </TextEquiv>
        </TextRegion>
        <TextRegion orientation="0.0" id="r2" custom="readingOrder {index:1;}">
            <Coords points="251,213 251,2959 1264,2959 1264,213"/>
            <TextLine id="r2l1" custom="readingOrder {index:0;}">
                <Coords points="276,237 317,247 388,238 408,247 603,248 624,235 624,202 584,197 552,178 481,203 446,180 396,195 360,181 276,188"/>
                <Baseline points="282,236 307,235 333,235 359,234 385,234 411,234 437,234 462,233 488,234 514,234 540,234 566,234 592,234 618,235"/>
                <TextEquiv>
                    <Unicode>Liebele</Unicode>
                </TextEquiv>
            </TextLine>
            <TextLine id="r2l2" custom="readingOrder {index:1;}">
                <Coords points="843,245 877,254 907,242 947,260 1014,244 1040,260 1075,248 1125,264 1187,257 1188,182 1147,192 1052,178 1009,204 943,194 897,205 845,177"/>
                <Baseline points="849,237 874,237 900,238 925,239 951,240 976,242 1002,243 1027,243 1053,244 1078,244 1104,244 1129,243 1155,242 1181,240"/>
                <TextEquiv>
                    <Unicode>box 13</Unicode>
                </TextEquiv>
            </TextLine>
            <TextLine id="r2l3" custom="readingOrder {index:2;}">
                <Coords points="245,267 317,285 411,268 486,284 515,263 576,281 618,264 674,275 675,239 509,248 246,234"/>
                <Baseline points="251,251 277,253 303,255 329,256 355,257 381,258 407,258 433,258 460,258 486,258 512,258 538,257 564,257 590,257 616,257 642,257 669,258"/>
                <TextEquiv>
                    <Unicode>„</Unicode>
                </TextEquiv>
            </TextLine>
            <TextLine id="r2l4" custom="readingOrder {index:3;}">
                <Coords points="325,1718 1153,1696 1149,1581 841,1594 759,1627 641,1599 482,1640 423,1627 323,1671"/>
                <Baseline points="330,1706 370,1705 411,1705 452,1703 493,1702 534,1701 575,1699 615,1697 656,1696 697,1693 738,1692 779,1690 820,1687 861,1686 901,1684 942,1682 983,1681 1024,1679 1065,1678 1106,1677 1147,1677"/>
                <TextEquiv>
                    <Unicode>„OBSERVER</Unicode>
                </TextEquiv>
            </TextLine>
            <TextLine id="r2l5" custom="readingOrder {index:4;}">
                <Coords points="421,1767 1062,1741 1110,1722 1109,1687 850,1716 782,1700 642,1725 419,1717"/>
                <Baseline points="426,1758 461,1756 497,1754 533,1753 568,1752 604,1750 640,1749 676,1747 711,1746 747,1745 783,1743 819,1742 854,1740 890,1739 926,1737 962,1735 997,1733 1033,1732 1069,1729 1105,1727"/>
                <TextEquiv>
                    <Unicode>I. österr. behördl. konzessioniertes</Unicode>
                </TextEquiv>
            </TextLine>
            <TextLine id="r2l6" custom="readingOrder {index:5;}">
                <Coords points="383,1821 1135,1778 1134,1749 1073,1734 382,1780"/>
                <Baseline points="389,1804 426,1804 463,1803 500,1803 537,1802 574,1801 611,1800 648,1799 685,1797 722,1796 759,1794 796,1792 833,1790 870,1788 907,1786 944,1784 981,1781 1018,1779 1055,1777 1092,1774 1129,1771"/>
                <TextEquiv>
                    <Unicode>Unternehmen für Zeitungs-Ausschnitte</Unicode>
                </TextEquiv>
            </TextLine>
            <TextLine id="r2l7" custom="readingOrder {index:6;}">
                <Coords points="443,1873 488,1890 576,1866 618,1882 677,1861 1075,1859 1077,1802 888,1792 822,1812 791,1796 666,1836 624,1813 440,1827"/>
                <Baseline points="449,1870 480,1869 511,1868 542,1867 573,1865 605,1864 636,1862 667,1861 698,1859 729,1858 761,1856 792,1854 823,1852 854,1851 885,1850 917,1848 948,1847 979,1846 1010,1844 1041,1843 1073,1842"/>
                <TextEquiv>
                    <Unicode>WIEN, I., WOLLZEILE 11</Unicode>
                </TextEquiv>
            </TextLine>
            <TextLine id="r2l8" custom="readingOrder {index:7;}">
                <Coords points="523,1933 718,1913 852,1918 923,1899 943,1912 997,1899 995,1853 907,1857 884,1874 832,1862 712,1876 680,1861 615,1883 574,1867 521,1886"/>
                <Baseline points="529,1918 554,1917 580,1916 606,1915 631,1914 657,1912 683,1912 708,1910 734,1909 760,1908 785,1906 811,1906 837,1904 862,1903 888,1902 914,1901 939,1899 965,1897 991,1896"/>
                <TextEquiv>
                    <Unicode>TELEPHON R-23-0-43</Unicode>
                </TextEquiv>
            </TextLine>
            <TextLine id="r2l9" custom="readingOrder {index:8;}">
                <Coords points="346,2084 428,2070 446,2079 486,2058 565,2069 576,2056 598,2064 717,2044 715,2009 650,2020 616,2002 529,2019 477,2009 460,2027 418,2031 369,2019 344,2032"/>
                <Baseline points="351,2057 376,2057 402,2057 428,2056 453,2055 479,2053 505,2052 531,2050 556,2049 582,2047 608,2046 633,2045 659,2044 685,2044 711,2043"/>
                <TextEquiv>
                    <Unicode>Ausschnitt aus:</Unicode>
                </TextEquiv>
            </TextLine>
            <TextLine id="r2l10" custom="readingOrder {index:9;}">
                <Coords points="575,2142 796,2114 869,2129 898,2104 947,2117 1057,2087 1202,2092 1198,2051 1080,2026 915,2039 850,2073 796,2051 727,2080 661,2063 570,2075"/>
                <Baseline points="579,2122 609,2122 640,2121 671,2120 702,2118 733,2116 763,2114 794,2110 825,2107 856,2104 887,2101 917,2098 948,2095 979,2092 1010,2090 1041,2087 1071,2085 1102,2084 1133,2083 1164,2083 1195,2084"/>
                <TextEquiv>
                    <Unicode>Prager Tagblatt, Pres</Unicode>
                </TextEquiv>
            </TextLine>
            <TextLine id="r2l11" custom="readingOrder {index:10;}">
                <Coords points="359,2300 381,2304 401,2286 410,2292 420,2285 450,2294 469,2286 483,2287 499,2280 499,2256 486,2258 472,2244 464,2248 456,2243 439,2246 417,2231 399,2237 371,2229 358,2235"/>
                <Baseline points="364,2276 390,2278 416,2278 442,2277 468,2276 494,2276"/>
                <TextEquiv>
                    <Unicode>vom:</Unicode>
                </TextEquiv>
            </TextLine>
            <TextLine id="r2l12" custom="readingOrder {index:11;}">
                <Coords points="736,2392 753,2381 797,2397 833,2388 888,2415 951,2394 1009,2413 1032,2393 1081,2402 1114,2377 1141,2388 1142,2330 873,2323 852,2334 804,2323 736,2345"/>
                <Baseline points="741,2384 767,2384 793,2385 819,2386 846,2386 872,2387 898,2387 924,2387 951,2387 977,2387 1003,2387 1029,2387 1056,2387 1082,2387 1108,2386 1135,2385"/>
                <TextEquiv>
                    <Unicode>1. 0KT. 1933</Unicode>
                </TextEquiv>
            </TextLine>
            <TextLine id="r2l13" custom="readingOrder {index:12;}">
                <Coords points="330,2603 1197,2561 1246,2541 1244,2501 328,2562"/>
                <Baseline points="336,2595 381,2592 426,2590 471,2588 517,2586 562,2584 607,2582 652,2580 698,2578 743,2576 788,2573 833,2572 879,2569 924,2567 969,2564 1014,2562 1060,2558 1105,2556 1150,2552 1195,2548 1241,2544"/>
                <TextEquiv>
                    <Unicode>Schnitzler Premiere in Paris. Paris. Angesichts</Unicode>
                </TextEquiv>
            </TextLine>
            <TextLine id="r2l14" custom="readingOrder {index:13;}">
                <Coords points="373,2636 1240,2601 1245,2543 371,2608"/>
                <Baseline points="378,2633 421,2631 464,2630 507,2628 550,2625 593,2624 636,2621 680,2619 723,2616 766,2613 809,2611 852,2608 895,2606 938,2602 982,2600 1025,2597 1068,2594 1111,2591 1154,2589 1197,2586 1241,2584"/>
                <TextEquiv>
                    <Unicode>##erfolges des Liebelei=Filmes wurde das</Unicode>
                </TextEquiv>
            </TextLine>
            <TextLine id="r2l15" custom="readingOrder {index:14;}">
                <Coords points="314,2676 1216,2637 1240,2596 312,2634"/>
                <Baseline points="320,2677 365,2674 411,2671 457,2668 503,2666 548,2663 594,2661 640,2658 686,2656 731,2654 777,2652 823,2650 869,2647 914,2644 960,2642 1006,2639 1052,2636 1097,2632 1143,2629 1189,2625 1235,2620"/>
                <TextEquiv>
                    <Unicode>Stück nun auch in der Uebersetzung von Suzanne</Unicode>
                </TextEquiv>
            </TextLine>
            <TextLine id="r2l16" custom="readingOrder {index:15;}">
                <Coords points="315,2721 1067,2686 1241,2672 1241,2649 1166,2629 313,2683"/>
                <Baseline points="321,2719 366,2715 412,2710 458,2707 503,2704 549,2700 595,2698 640,2695 686,2693 732,2690 778,2688 823,2686 869,2683 915,2681 960,2678 1006,2675 1052,2672 1097,2670 1143,2665 1189,2661 1235,2657"/>
                <TextEquiv>
                    <Unicode>Clauser unter der Spielleitung Pitoeffs im Klei¬</Unicode>
                </TextEquiv>
            </TextLine>
            <TextLine id="r2l17" custom="readingOrder {index:16;}">
                <Coords points="1136,2727 1145,2727 1148,2729 1153,2728 1156,2724 1162,2724 1159,2698 1155,2698 1153,2700 1149,2701 1142,2697 1134,2698"/>
                <Baseline points="1142,2723 1156,2722"/>
                <TextEquiv>
                    <Unicode>—</Unicode>
                </TextEquiv>
            </TextLine>
            <TextLine id="r2l18" custom="readingOrder {index:17;}">
                <Coords points="320,2756 1254,2709 1229,2667 1135,2668 319,2732"/>
                <Baseline points="326,2755 372,2752 418,2748 464,2745 510,2742 556,2739 602,2737 648,2734 694,2731 740,2729 786,2726 832,2724 878,2721 924,2718 970,2716 1016,2713 1062,2711 1108,2707 1154,2704 1200,2701 1247,2698"/>
                <TextEquiv>
                    <Unicode>nen Theater „Vieux Colombier“ herausgebracht. Der</Unicode>
                </TextEquiv>
            </TextLine>
            <TextLine id="r2l19" custom="readingOrder {index:18;}">
                <Coords points="317,2801 1258,2750 1263,2707 314,2758"/>
                <Baseline points="322,2790 368,2788 415,2786 462,2784 509,2782 556,2779 603,2776 649,2773 696,2771 743,2768 790,2765 837,2761 884,2758 931,2756 977,2753 1024,2751 1071,2748 1118,2746 1165,2744 1212,2743 1259,2741"/>
                <TextEquiv>
                    <Unicode>Erfolg blieb jedoch beträchtlich hinter dem des Films</Unicode>
                </TextEquiv>
            </TextLine>
            <TextLine id="r2l20" custom="readingOrder {index:19;}">
                <Coords points="322,2832 1218,2791 1248,2743 320,2802"/>
                <Baseline points="328,2835 373,2831 419,2828 465,2824 511,2821 557,2818 602,2815 648,2812 694,2809 740,2806 786,2804 831,2801 877,2799 923,2797 969,2794 1015,2793 1060,2790 1106,2788 1152,2786 1198,2784 1244,2782"/>
                <TextEquiv>
                    <Unicode>zurück. In der weiblichen Hauptrolle trug Ludmila</Unicode>
                </TextEquiv>
            </TextLine>
            <TextLine id="r2l21" custom="readingOrder {index:20;}">
                <Coords points="314,2868 1262,2820 1255,2775 312,2831"/>
                <Baseline points="320,2872 366,2868 413,2865 460,2862 507,2859 554,2856 600,2853 647,2851 694,2849 741,2846 788,2844 834,2843 881,2840 928,2838 975,2836 1022,2834 1068,2831 1115,2829 1162,2826 1209,2823 1256,2820"/>
                <TextEquiv>
                    <Unicode>Litoef seinen persönlichen Erfolg davon. Zur Abend¬</Unicode>
                </TextEquiv>
            </TextLine>
            <TextLine id="r2l22" custom="readingOrder {index:21;}">
                <Coords points="327,2915 708,2915 1135,2867 1271,2890 1250,2818 986,2833 936,2865 785,2843 325,2881"/>
                <Baseline points="333,2907 379,2905 426,2902 472,2900 519,2897 565,2895 612,2892 658,2889 705,2886 751,2883 798,2880 845,2878 891,2875 938,2873 984,2870 1031,2869 1077,2867 1124,2866 1170,2866 1217,2865 1264,2866"/>
                <TextEquiv>
                    <Unicode>büllung wurde Schnitzlers Einakter „Die letzten Mas,</Unicode>
                </TextEquiv>
            </TextLine>
            <TextLine id="r2l23" custom="readingOrder {index:22;}">
                <Coords points="320,2983 595,2960 591,2913 565,2918 530,2908 523,2915 505,2898 447,2918 404,2910 378,2921 353,2909 316,2922"/>
                <Baseline points="323,2948 349,2949 375,2949 402,2948 428,2946 455,2944 481,2941 507,2940 534,2937 560,2934 587,2932"/>
                <TextEquiv>
                    <Unicode>ken“ gegeben.</Unicode>
                </TextEquiv>
            </TextLine>
            <TextEquiv>
                <Unicode>Liebele
box 13
„
„OBSERVER
I. österr. behördl. konzessioniertes
Unternehmen für Zeitungs-Ausschnitte
WIEN, I., WOLLZEILE 11
TELEPHON R-23-0-43
Ausschnitt aus:
Prager Tagblatt, Pres
vom:
1. 0KT. 1933
Schnitzler Premiere in Paris. Paris. Angesichts
##erfolges des Liebelei=Filmes wurde das
Stück nun auch in der Uebersetzung von Suzanne
Clauser unter der Spielleitung Pitoeffs im Klei¬
—
nen Theater „Vieux Colombier“ herausgebracht. Der
Erfolg blieb jedoch beträchtlich hinter dem des Films
zurück. In der weiblichen Hauptrolle trug Ludmila
Litoef seinen persönlichen Erfolg davon. Zur Abend¬
büllung wurde Schnitzlers Einakter „Die letzten Mas,
ken“ gegeben.</Unicode>
            </TextEquiv>
        </TextRegion>
        <TextRegion orientation="0.0" id="r3" custom="readingOrder {index:2;}">
            <Coords points="1804,648 1804,3660 2725,3660 2725,648"/>
            <TextLine id="r3l1" custom="readingOrder {index:0;}">
                <Coords points="2013,679 2065,691 2118,678 2164,692 2255,679 2366,698 2424,685 2424,663 2405,655 2318,662 2283,638 2014,639"/>
                <Baseline points="2020,671 2046,670 2073,670 2099,670 2126,670 2152,671 2179,672 2205,673 2232,674 2258,675 2285,676 2311,677 2338,678 2364,678 2391,678 2418,678"/>
                <TextEquiv>
                    <Unicode>N· DE DEBIT</Unicode>
                </TextEquiv>
            </TextLine>
            <TextLine id="r3l2" custom="readingOrder {index:1;}">
                <Coords points="1807,797 2081,770 2730,793 2730,727 2437,701 2038,703 1873,757 1808,738"/>
                <Baseline points="1813,790 1858,785 1904,781 1949,778 1995,775 2041,772 2086,771 2132,770 2177,770 2223,769 2269,770 2314,771 2360,772 2405,773 2451,775 2497,776 2542,779 2588,781 2633,783 2679,786 2725,788"/>
                <TextEquiv>
                    <Unicode>Extrat d. K INTRANSIGEANT</Unicode>
                </TextEquiv>
            </TextLine>
            <TextLine id="r3l3" custom="readingOrder {index:2;}">
                <Coords points="2059,856 2695,862 2694,824 2539,792 2466,812 2281,782 2062,791"/>
                <Baseline points="2065,841 2096,841 2127,841 2158,842 2189,842 2221,842 2252,843 2283,844 2314,844 2345,845 2377,847 2408,848 2439,849 2470,850 2501,852 2533,854 2564,856 2595,859 2626,861 2657,865 2689,868"/>
                <TextEquiv>
                    <Unicode>RUE REAUMUR, 100, II</Unicode>
                </TextEquiv>
            </TextLine>
            <TextLine id="r3l4" custom="readingOrder {index:3;}">
                <Coords points="1808,894 1838,896 1855,890 1869,895 1888,885 1934,897 1998,878 1998,856 1974,859 1948,852 1940,858 1912,835 1900,844 1883,838 1855,846 1810,837"/>
                <Baseline points="1815,880 1840,881 1865,881 1890,882 1915,883 1940,883 1965,883 1991,884"/>
                <TextEquiv>
                    <Unicode>Adresse</Unicode>
                </TextEquiv>
            </TextLine>
            <TextLine id="r3l5" custom="readingOrder {index:4;}">
                <Coords points="2113,979 2231,973 2292,1002 2367,983 2387,1003 2537,987 2618,1018 2666,984 2710,991 2714,917 2117,905"/>
                <Baseline points="2120,965 2149,967 2178,969 2207,970 2236,972 2266,973 2295,975 2324,976 2353,978 2382,979 2412,981 2441,982 2470,984 2499,986 2528,988 2558,989 2587,991 2616,993 2645,995 2674,997 2704,999"/>
                <TextEquiv>
                    <Unicode>I•r OCTOBRE 1933</Unicode>
                </TextEquiv>
            </TextLine>
            <TextLine id="r3l6" custom="readingOrder {index:5;}">
                <Coords points="1798,980 1818,981 1839,997 1893,985 1909,997 1937,986 1946,989 1945,946 1924,953 1916,948 1910,952 1882,949 1875,954 1831,940 1824,945 1813,936 1800,935"/>
                <Baseline points="1804,981 1831,980 1858,980 1885,981 1912,983 1940,985"/>
                <TextEquiv>
                    <Unicode>Date:</Unicode>
                </TextEquiv>
            </TextLine>
            <TextLine id="r3l7" custom="readingOrder {index:6;}">
                <Coords points="1808,1088 1877,1099 1898,1088 1914,1098 1934,1084 1992,1093 2009,1083 2056,1098 2069,1095 2070,1061 1972,1053 1956,1040 1893,1045 1881,1054 1854,1035 1837,1042 1809,1031"/>
                <Baseline points="1814,1075 1841,1076 1869,1077 1897,1078 1924,1078 1952,1078 1980,1078 2007,1079 2035,1079 2063,1080"/>
                <TextEquiv>
                    <Unicode>Stqnature:—</Unicode>
                </TextEquiv>
            </TextLine>
            <TextLine id="r3l8" custom="readingOrder {index:7;}">
                <Coords points="1805,1175 1890,1199 1947,1180 1983,1191 2029,1194 2060,1184 2116,1193 2116,1166 2040,1153 2020,1159 1972,1133 1926,1152 1901,1141 1877,1149 1805,1144"/>
                <Baseline points="1811,1176 1838,1176 1865,1176 1892,1175 1919,1175 1946,1175 1974,1175 2001,1175 2028,1175 2055,1175 2082,1175 2110,1176"/>
                <TextEquiv>
                    <Unicode>Egposition: —</Unicode>
                </TextEquiv>
            </TextLine>
            <TextLine id="r3l9" custom="readingOrder {index:8;}">
                <Coords points="1950,1238 2165,1235 2276,1255 2478,1234 2523,1256 2524,1190 2491,1182 2410,1214 2153,1199 2107,1215 1951,1186"/>
                <Baseline points="1956,1226 1984,1228 2012,1230 2040,1231 2068,1231 2096,1231 2124,1232 2152,1231 2180,1231 2208,1231 2237,1231 2265,1230 2293,1230 2321,1230 2349,1230 2377,1231 2405,1232 2433,1233 2461,1234 2489,1236 2518,1239"/>
                <TextEquiv>
                    <Unicode></Unicode>
                </TextEquiv>
            </TextLine>
            <TextLine id="r3l10" custom="readingOrder {index:9;}">
                <Coords points="2110,1292 2119,1294 2128,1289 2134,1294 2139,1290 2160,1300 2168,1295 2175,1298 2202,1293 2213,1305 2235,1307 2236,1252 2226,1257 2211,1251 2202,1255 2191,1247 2187,1250 2167,1245 2153,1254 2137,1256 2127,1266 2111,1267"/>
                <Baseline points="2116,1283 2144,1284 2173,1285 2201,1285 2230,1285"/>
                <TextEquiv>
                    <Unicode>Siii-</Unicode>
                </TextEquiv>
            </TextLine>
            <TextLine id="r3l11" custom="readingOrder {index:10;}">
                <Coords points="1829,1399 1925,1387 2041,1421 2162,1393 2241,1417 2436,1380 2488,1393 2508,1388 2508,1301 2424,1344 2208,1304 2172,1332 2077,1330 1980,1299 1908,1335 1829,1331"/>
                <Baseline points="1835,1380 1868,1384 1901,1387 1935,1390 1968,1392 2001,1393 2035,1395 2068,1396 2101,1397 2135,1397 2168,1397 2201,1397 2235,1396 2268,1395 2301,1394 2335,1393 2368,1391 2401,1389 2435,1387 2468,1385 2502,1383"/>
                <TextEquiv>
                    <Unicode>0 Théätre 6</Unicode>
                </TextEquiv>
            </TextLine>
            <TextLine id="r3l12" custom="readingOrder {index:11;}">
                <Coords points="1816,1481 2450,1494 2540,1485 2541,1450 1816,1438"/>
                <Baseline points="1822,1479 1857,1479 1893,1479 1928,1479 1964,1479 2000,1479 2035,1480 2071,1480 2107,1480 2142,1480 2178,1480 2214,1480 2249,1480 2285,1480 2321,1480 2356,1480 2392,1480 2428,1480 2463,1481 2499,1481 2535,1481"/>
                <TextEquiv>
                    <Unicode>THEATRE DU VIEUX-COLOMBIER. —</Unicode>
                </TextEquiv>
            </TextLine>
            <TextLine id="r3l13" custom="readingOrder {index:12;}">
                <Coords points="1847,1517 2547,1523 2547,1494 2488,1487 1848,1493"/>
                <Baseline points="1853,1514 1887,1514 1921,1514 1956,1514 1990,1514 2025,1514 2059,1515 2093,1515 2128,1515 2162,1515 2197,1515 2231,1515 2265,1515 2300,1515 2334,1516 2369,1516 2403,1516 2437,1517 2472,1517 2506,1518 2541,1519"/>
                <TextEquiv>
                    <Unicode>Liebelei, pièce en 3 actes d’Arthur</Unicode>
                </TextEquiv>
            </TextLine>
            <TextLine id="r3l14" custom="readingOrder {index:13;}">
                <Coords points="1841,1549 2543,1570 2533,1520 2224,1535 1841,1516"/>
                <Baseline points="1847,1550 1881,1550 1916,1549 1950,1549 1985,1549 2019,1548 2054,1548 2088,1548 2123,1548 2157,1548 2192,1548 2226,1549 2261,1549 2295,1549 2330,1550 2364,1550 2399,1551 2433,1551 2468,1552 2502,1553 2537,1554"/>
                <TextEquiv>
                    <Unicode>Schnitzler, traduite et adaptée par</Unicode>
                </TextEquiv>
            </TextLine>
            <TextLine id="r3l15" custom="readingOrder {index:14;}">
                <Coords points="1849,1592 2096,1587 2183,1603 2202,1588 2294,1584 2294,1567 2223,1549 2093,1565 2060,1552 1951,1565 1891,1549 1849,1556"/>
                <Baseline points="1854,1580 1879,1581 1905,1581 1930,1581 1956,1582 1981,1582 2007,1582 2032,1582 2058,1582 2083,1581 2109,1581 2134,1581 2160,1581 2185,1581 2211,1581 2236,1582 2262,1582 2288,1582"/>
                <TextEquiv>
                    <Unicode>Mme Suzanne Clauzer.</Unicode>
                </TextEquiv>
            </TextLine>
            <TextLine id="r3l16" custom="readingOrder {index:15;}">
                <Coords points="1848,1637 2541,1637 2541,1609 2479,1590 2409,1609 2276,1583 2193,1607 1848,1596"/>
                <Baseline points="1854,1626 1888,1627 1922,1627 1956,1628 1990,1628 2024,1628 2058,1628 2092,1628 2126,1628 2160,1628 2194,1628 2228,1628 2262,1628 2296,1628 2330,1628 2364,1628 2398,1629 2432,1629 2466,1629 2500,1630 2535,1630"/>
                <TextEquiv>
                    <Unicode>La Compagnie Pitoeff, qui a représen¬</Unicode>
                </TextEquiv>
            </TextLine>
            <TextLine id="r3l17" custom="readingOrder {index:16;}">
                <Coords points="1812,1685 2431,1682 2519,1676 2542,1637 1812,1641"/>
                <Baseline points="1818,1666 1853,1666 1889,1666 1925,1667 1961,1667 1997,1667 2033,1668 2069,1668 2105,1668 2141,1669 2177,1669 2212,1669 2248,1669 2284,1669 2320,1669 2356,1669 2392,1669 2428,1668 2464,1668 2500,1666 2536,1665"/>
                <TextEquiv>
                    <Unicode>té, la saison dernière, La Ronde, de Pau¬</Unicode>
                </TextEquiv>
            </TextLine>
            <TextLine id="r3l18" custom="readingOrder {index:17;}">
                <Coords points="1811,1710 2413,1709 2549,1736 2549,1688 2471,1669 1811,1680"/>
                <Baseline points="1816,1705 1852,1705 1888,1705 1925,1705 1961,1705 1998,1706 2034,1706 2070,1706 2107,1707 2143,1707 2180,1707 2216,1707 2252,1708 2289,1708 2325,1708 2362,1708 2398,1708 2434,1707 2471,1707 2507,1707 2544,1706"/>
                <TextEquiv>
                    <Unicode>teur dramatique autrichien Schnitzler,</Unicode>
                </TextEquiv>
            </TextLine>
            <TextLine id="r3l19" custom="readingOrder {index:18;}">
                <Coords points="1821,1749 2552,1753 2552,1724 2421,1709 1821,1714"/>
                <Baseline points="1826,1744 1862,1744 1898,1745 1934,1745 1970,1745 2006,1745 2042,1745 2078,1745 2114,1746 2150,1746 2186,1746 2222,1746 2258,1746 2294,1747 2330,1747 2366,1747 2402,1747 2438,1747 2474,1746 2510,1746 2546,1746"/>
                <TextEquiv>
                    <Unicode>mort i pa deur ans, nous offrait hier,</Unicode>
                </TextEquiv>
            </TextLine>
            <TextLine id="r3l20" custom="readingOrder {index:19;}">
                <Coords points="1821,1789 2411,1783 2544,1802 2535,1753 1821,1749"/>
                <Baseline points="1827,1783 1862,1783 1898,1783 1933,1783 1969,1783 2004,1783 2040,1783 2075,1783 2111,1784 2146,1784 2182,1785 2218,1785 2253,1785 2289,1785 2324,1785 2360,1785 2395,1785 2431,1785 2466,1785 2502,1784 2538,1783"/>
                <TextEquiv>
                    <Unicode>du mème auteur, au Théätre du Vieug¬</Unicode>
                </TextEquiv>
            </TextLine>
            <TextLine id="r3l21" custom="readingOrder {index:20;}">
                <Coords points="1822,1824 1971,1839 2009,1807 2134,1836 2323,1822 2553,1843 2553,1795 1822,1786"/>
                <Baseline points="1827,1822 1863,1822 1899,1822 1935,1822 1971,1822 2007,1822 2043,1822 2079,1822 2115,1822 2151,1822 2187,1823 2223,1823 2259,1823 2295,1823 2331,1823 2367,1823 2403,1822 2439,1822 2475,1821 2511,1820 2547,1819"/>
                <TextEquiv>
                    <Unicode>Colombier deur pieces, Lune en un de¬</Unicode>
                </TextEquiv>
            </TextLine>
            <TextLine id="r3l22" custom="readingOrder {index:21;}">
                <Coords points="1811,1861 2556,1867 2541,1819 2311,1849 2183,1825 1812,1840"/>
                <Baseline points="1817,1860 1853,1860 1890,1860 1926,1860 1963,1860 2000,1860 2036,1860 2073,1861 2110,1861 2146,1861 2183,1861 2220,1862 2256,1862 2293,1862 2330,1862 2366,1862 2403,1862 2440,1862 2476,1862 2513,1862 2550,1862"/>
                <TextEquiv>
                    <Unicode>te: Les Derniers masques, d’un intérét</Unicode>
                </TextEquiv>
            </TextLine>
            <TextLine id="r3l23" custom="readingOrder {index:22;}">
                <Coords points="1824,1910 2548,1916 2544,1863 2166,1864 2140,1882 1825,1865"/>
                <Baseline points="1830,1898 1865,1898 1901,1897 1936,1897 1972,1897 2008,1898 2043,1898 2079,1899 2114,1900 2150,1900 2186,1901 2221,1901 2257,1902 2292,1902 2328,1902 2364,1902 2399,1902 2435,1902 2470,1901 2506,1901 2542,1899"/>
                <TextEquiv>
                    <Unicode>médiocre, Pautre, Liebelei, en trois ac¬</Unicode>
                </TextEquiv>
            </TextLine>
            <TextLine id="r3l24" custom="readingOrder {index:23;}">
                <Coords points="1816,1949 2552,1937 2463,1904 1816,1916"/>
                <Baseline points="1822,1937 1858,1937 1894,1938 1930,1938 1966,1938 2003,1938 2039,1938 2075,1938 2111,1938 2147,1938 2184,1938 2220,1939 2256,1939 2292,1939 2328,1939 2365,1939 2401,1939 2437,1939 2473,1939 2509,1939 2546,1939"/>
                <TextEquiv>
                    <Unicode>tes. O’est une cuvre de jeunesse. Elle.</Unicode>
                </TextEquiv>
            </TextLine>
            <TextLine id="r3l25" custom="readingOrder {index:24;}">
                <Coords points="1810,1991 2550,1983 2528,1945 1810,1944"/>
                <Baseline points="1816,1978 1852,1978 1888,1978 1925,1978 1961,1978 1998,1978 2034,1978 2070,1978 2107,1978 2143,1978 2180,1978 2216,1978 2252,1977 2289,1977 2325,1977 2362,1977 2398,1977 2434,1977 2471,1977 2507,1977 2544,1978"/>
                <TextEquiv>
                    <Unicode>fut créée à Vienne en 1895 et souvent</Unicode>
                </TextEquiv>
            </TextLine>
            <TextLine id="r3l26" custom="readingOrder {index:25;}">
                <Coords points="1813,2022 2548,2031 2548,1999 2489,1982 1813,1991"/>
                <Baseline points="1819,2019 1855,2019 1891,2018 1927,2018 1963,2017 1999,2017 2035,2017 2072,2016 2108,2016 2144,2016 2180,2016 2216,2016 2252,2016 2288,2017 2325,2017 2361,2017 2397,2018 2433,2018 2469,2019 2505,2019 2542,2020"/>
                <TextEquiv>
                    <Unicode>reprise depuis dans les pays de langue</Unicode>
                </TextEquiv>
            </TextLine>
            <TextLine id="r3l27" custom="readingOrder {index:26;}">
                <Coords points="1823,2057 2545,2067 2545,2038 2506,2025 1823,2023"/>
                <Baseline points="1829,2056 1864,2056 1900,2056 1935,2056 1971,2056 2006,2056 2042,2056 2077,2056 2113,2055 2148,2055 2184,2055 2219,2055 2255,2055 2290,2055 2326,2054 2361,2054 2397,2054 2432,2054 2468,2054 2503,2055 2539,2055"/>
                <TextEquiv>
                    <Unicode>allemande. Nous ne la connaissionsichez</Unicode>
                </TextEquiv>
            </TextLine>
            <TextLine id="r3l28" custom="readingOrder {index:27;}">
                <Coords points="1844,2101 2478,2110 2538,2097 2538,2066 2216,2072 2172,2053 1844,2073"/>
                <Baseline points="1850,2094 1884,2095 1918,2095 1952,2095 1986,2095 2020,2095 2054,2095 2088,2095 2122,2095 2156,2095 2191,2095 2225,2094 2259,2094 2293,2094 2327,2094 2361,2094 2395,2094 2429,2094 2463,2095 2497,2095 2532,2096"/>
                <TextEquiv>
                    <Unicode>lous que par le film qu'elle a inspiré</Unicode>
                </TextEquiv>
            </TextLine>
            <TextLine id="r3l29" custom="readingOrder {index:28;}">
                <Coords points="1968,2128 2155,2147 2213,2122 2250,2143 2417,2132 2552,2162 2551,2091 2353,2113 1968,2102"/>
                <Baseline points="1974,2133 2002,2133 2031,2133 2059,2133 2088,2133 2117,2133 2145,2132 2174,2132 2202,2131 2231,2131 2260,2130 2288,2130 2317,2130 2345,2130 2374,2130 2403,2130 2431,2131 2460,2132 2488,2133 2517,2135 2546,2137"/>
                <TextEquiv>
                    <Unicode>Von peut voir encore d Pécran,</Unicode>
                </TextEquiv>
            </TextLine>
            <TextLine id="r3l30" custom="readingOrder {index:29;}">
                <Coords points="1868,2177 2464,2178 2464,2149 2386,2132 2287,2150 1868,2129"/>
                <Baseline points="1874,2168 1903,2170 1932,2170 1961,2171 1990,2171 2020,2171 2049,2171 2078,2171 2107,2172 2136,2171 2166,2171 2195,2171 2224,2171 2253,2171 2282,2171 2312,2171 2341,2170 2370,2170 2399,2170 2428,2171 2458,2171"/>
                <TextEquiv>
                    <Unicode>Fe succes n’enzest pas épuisé.</Unicode>
                </TextEquiv>
            </TextLine>
            <TextLine id="r3l31" custom="readingOrder {index:30;}">
                <Coords points="2092,2217 2445,2208 2521,2224 2554,2211 2554,2169 2393,2190 2351,2176 2092,2180"/>
                <Baseline points="2098,2208 2123,2208 2148,2207 2173,2207 2198,2208 2223,2208 2248,2208 2273,2208 2298,2208 2323,2208 2348,2208 2373,2208 2398,2208 2423,2208 2448,2207 2473,2206 2498,2206 2523,2205 2548,2204"/>
                <TextEquiv>
                    <Unicode>es aurquelles la compa¬</Unicode>
                </TextEquiv>
            </TextLine>
            <TextLine id="r3l32" custom="readingOrder {index:31;}">
                <Coords points="1996,2259 2213,2247 2254,2262 2345,2246 2418,2264 2544,2248 2545,2212 1996,2214"/>
                <Baseline points="2002,2246 2028,2246 2055,2245 2082,2245 2109,2245 2136,2245 2162,2245 2189,2246 2216,2246 2243,2246 2270,2246 2296,2246 2323,2246 2350,2246 2377,2247 2404,2247 2430,2247 2457,2247 2484,2247 2511,2247 2538,2247"/>
                <TextEquiv>
                    <Unicode>permise préfèrent la version</Unicode>
                </TextEquiv>
            </TextLine>
            <TextLine id="r3l33" custom="readingOrder {index:32;}">
                <Coords points="2180,2296 2214,2302 2318,2286 2351,2299 2416,2283 2515,2293 2542,2287 2543,2247 2421,2261 2360,2246 2323,2262 2211,2246 2180,2254"/>
                <Baseline points="2186,2286 2211,2286 2236,2285 2261,2285 2286,2285 2311,2285 2336,2285 2361,2285 2386,2285 2411,2286 2436,2286 2461,2286 2486,2287 2511,2287 2536,2287"/>
                <TextEquiv>
                    <Unicode>d la version origi¬</Unicode>
                </TextEquiv>
            </TextLine>
            <TextLine id="r3l34" custom="readingOrder {index:33;}">
                <Coords points="2187,2334 2276,2325 2366,2333 2382,2323 2424,2340 2449,2329 2533,2336 2533,2297 2509,2291 2187,2294"/>
                <Baseline points="2193,2325 2218,2325 2244,2325 2270,2325 2295,2325 2321,2325 2347,2325 2372,2324 2398,2324 2424,2324 2449,2324 2475,2323 2501,2322 2527,2321"/>
                <TextEquiv>
                    <Unicode>ne Clauzer a fidele¬</Unicode>
                </TextEquiv>
            </TextLine>
            <TextLine id="r3l35" custom="readingOrder {index:34;}">
                <Coords points="2187,2391 2261,2377 2292,2392 2378,2367 2433,2368 2448,2380 2541,2367 2541,2339 2514,2330 2427,2340 2392,2327 2370,2340 2342,2327 2326,2338 2274,2339 2245,2326 2187,2334"/>
                <Baseline points="2193,2362 2219,2363 2245,2363 2271,2364 2298,2364 2324,2365 2350,2364 2377,2364 2403,2364 2429,2364 2456,2364 2482,2363 2508,2363 2535,2364"/>
                <TextEquiv>
                    <Unicode>tention de la Com¬</Unicode>
                </TextEquiv>
            </TextLine>
            <TextLine id="r3l36" custom="readingOrder {index:35;}">
                <Coords points="2062,2445 2069,2445 2071,2447 2079,2444 2087,2445 2093,2386 2085,2385 2073,2390 2067,2389"/>
                <Baseline points="2068,2438 2082,2439"/>
                <TextEquiv>
                    <Unicode></Unicode>
                </TextEquiv>
            </TextLine>
            <TextLine id="r3l37" custom="readingOrder {index:36;}">
                <Coords points="2125,2448 2278,2438 2316,2451 2337,2439 2465,2442 2487,2454 2544,2440 2544,2416 2475,2413 2435,2394 2417,2405 2378,2398 2361,2412 2310,2400 2296,2410 2125,2401"/>
                <Baseline points="2131,2438 2156,2439 2181,2439 2207,2439 2232,2440 2258,2440 2283,2440 2309,2440 2334,2440 2359,2440 2385,2440 2410,2440 2436,2440 2461,2440 2487,2440 2512,2439 2538,2439"/>
                <TextEquiv>
                    <Unicode>d cela: lI est certain!</Unicode>
                </TextEquiv>
            </TextLine>
            <TextLine id="r3l38" custom="readingOrder {index:37;}">
                <Coords points="2253,2485 2269,2490 2291,2481 2324,2491 2355,2482 2388,2491 2471,2481 2500,2495 2540,2471 2540,2453 2521,2461 2477,2447 2448,2454 2432,2442 2408,2448 2338,2439 2317,2451 2252,2441"/>
                <Baseline points="2259,2481 2284,2482 2309,2483 2334,2484 2359,2484 2384,2484 2409,2484 2434,2483 2459,2482 2484,2481 2509,2480 2534,2478"/>
                <TextEquiv>
                    <Unicode>bleaus pittores¬</Unicode>
                </TextEquiv>
            </TextLine>
            <TextLine id="r3l39" custom="readingOrder {index:38;}">
                <Coords points="2252,2524 2335,2517 2367,2526 2387,2515 2426,2527 2436,2518 2468,2521 2482,2533 2509,2524 2541,2531 2540,2498 2488,2493 2472,2482 2443,2480 2431,2490 2402,2481 2387,2492 2373,2483 2251,2487"/>
                <Baseline points="2258,2523 2283,2523 2308,2522 2333,2521 2358,2521 2383,2521 2408,2520 2433,2520 2458,2519 2483,2518 2508,2516 2534,2515"/>
                <TextEquiv>
                    <Unicode>Im crée Patmos¬</Unicode>
                </TextEquiv>
            </TextLine>
            <TextLine id="r3l40" custom="readingOrder {index:39;}">
                <Coords points="2194,2557 2321,2566 2345,2550 2368,2563 2506,2568 2549,2556 2549,2529 2514,2524 2480,2535 2437,2518 2416,2530 2381,2516 2359,2532 2335,2517 2194,2522"/>
                <Baseline points="2200,2560 2226,2559 2252,2559 2279,2559 2305,2559 2332,2559 2358,2559 2385,2559 2411,2559 2438,2559 2464,2558 2491,2558 2517,2557 2544,2556"/>
                <TextEquiv>
                    <Unicode>Phistoire sentimen¬</Unicode>
                </TextEquiv>
            </TextLine>
            <TextLine id="r3l41" custom="readingOrder {index:40;}">
                <Coords points="2283,2602 2328,2594 2344,2606 2355,2597 2374,2610 2389,2603 2412,2608 2429,2596 2515,2604 2538,2598 2538,2569 2343,2558 2282,2567"/>
                <Baseline points="2289,2600 2316,2599 2343,2598 2370,2598 2397,2597 2424,2597 2451,2596 2478,2596 2505,2596 2532,2596"/>
                <TextEquiv>
                    <Unicode>e, bien mieng</Unicode>
                </TextEquiv>
            </TextLine>
            <TextLine id="r3l42" custom="readingOrder {index:41;}">
                <Coords points="2196,2636 2232,2639 2248,2653 2307,2637 2362,2652 2492,2635 2537,2646 2537,2600 2430,2597 2411,2609 2386,2601 2348,2618 2295,2601 2195,2602"/>
                <Baseline points="2202,2634 2227,2635 2252,2635 2277,2636 2303,2636 2328,2635 2353,2635 2379,2635 2404,2634 2429,2633 2455,2633 2480,2632 2505,2632 2531,2631"/>
                <TextEquiv>
                    <Unicode>n scène, si réussie</Unicode>
                </TextEquiv>
            </TextLine>
            <TextLine id="r3l43" custom="readingOrder {index:42;}">
                <Coords points="2268,2685 2336,2672 2359,2684 2377,2674 2462,2687 2493,2674 2529,2679 2537,2677 2537,2642 2487,2639 2449,2648 2421,2640 2362,2652 2307,2637 2267,2644"/>
                <Baseline points="2274,2672 2299,2672 2325,2672 2351,2672 2377,2672 2403,2672 2428,2672 2454,2671 2480,2671 2506,2670 2532,2668"/>
                <TextEquiv>
                    <Unicode>Mais, d’autre</Unicode>
                </TextEquiv>
            </TextLine>
            <TextLine id="r3l44" custom="readingOrder {index:43;}">
                <Coords points="2242,2711 2282,2710 2297,2722 2366,2710 2390,2721 2481,2711 2506,2723 2549,2713 2549,2682 2516,2676 2454,2687 2432,2677 2358,2686 2343,2675 2323,2685 2309,2674 2289,2682 2242,2674"/>
                <Baseline points="2248,2707 2274,2708 2301,2708 2328,2708 2355,2708 2382,2708 2409,2708 2436,2708 2463,2708 2490,2707 2517,2707 2544,2707"/>
                <TextEquiv>
                    <Unicode>r Schnitzler et</Unicode>
                </TextEquiv>
            </TextLine>
            <TextLine id="r3l45" custom="readingOrder {index:44;}">
                <Coords points="2240,2748 2293,2760 2305,2751 2493,2758 2541,2749 2541,2711 2506,2722 2480,2711 2470,2720 2409,2714 2399,2722 2377,2709 2360,2724 2240,2712"/>
                <Baseline points="2246,2748 2272,2747 2298,2747 2325,2748 2351,2748 2377,2748 2404,2748 2430,2749 2456,2748 2483,2748 2509,2747 2536,2746"/>
                <TextEquiv>
                    <Unicode>ter, c’est évidem¬</Unicode>
                </TextEquiv>
            </TextLine>
            <TextLine id="r3l46" custom="readingOrder {index:45;}">
                <Coords points="2223,2790 2286,2803 2328,2788 2513,2803 2536,2789 2537,2759 2447,2759 2415,2748 2302,2761 2276,2749 2224,2751"/>
                <Baseline points="2229,2785 2254,2785 2279,2785 2304,2785 2329,2785 2354,2786 2379,2786 2404,2786 2429,2787 2454,2787 2479,2787 2504,2786 2530,2786"/>
                <TextEquiv>
                    <Unicode>ier qu’elle troure</Unicode>
                </TextEquiv>
            </TextLine>
            <TextLine id="r3l47" custom="readingOrder {index:46;}">
                <Coords points="2192,2832 2198,2832 2202,2837 2219,2831 2223,2835 2235,2827 2245,2831 2252,2824 2255,2828 2266,2829 2267,2795 2260,2796 2253,2789 2246,2794 2237,2786 2231,2792 2215,2789 2207,2797 2193,2792"/>
                <Baseline points="2198,2821 2229,2821 2260,2823"/>
                <TextEquiv>
                    <Unicode>ion.</Unicode>
                </TextEquiv>
            </TextLine>
            <TextLine id="r3l48" custom="readingOrder {index:47;}">
                <Coords points="2213,2856 2297,2889 2333,2865 2391,2880 2466,2869 2553,2881 2552,2844 2477,2823 2438,2830 2405,2821 2390,2836 2362,2825 2311,2837 2294,2826 2213,2836"/>
                <Baseline points="2219,2866 2244,2865 2269,2865 2294,2865 2319,2865 2344,2864 2369,2864 2395,2864 2420,2864 2445,2864 2470,2864 2495,2863 2520,2863 2546,2863"/>
                <TextEquiv>
                    <Unicode>toute fagon, que</Unicode>
                </TextEquiv>
            </TextLine>
            <TextLine id="r3l49" custom="readingOrder {index:48;}">
                <Coords points="2172,2913 2540,2907 2540,2886 2506,2870 2393,2880 2362,2870 2317,2875 2302,2889 2283,2877 2172,2873"/>
                <Baseline points="2178,2900 2203,2902 2228,2903 2254,2904 2279,2904 2305,2905 2330,2905 2356,2905 2381,2905 2406,2905 2432,2904 2457,2904 2483,2904 2508,2903 2534,2903"/>
                <TextEquiv>
                    <Unicode>dire: amourette),</Unicode>
                </TextEquiv>
            </TextLine>
            <TextLine id="r3l50" custom="readingOrder {index:49;}">
                <Coords points="2011,2945 2025,2948 2043,2948 2048,2913 2041,2912 2038,2909 2034,2909 2033,2907 2028,2909 2027,2907 2024,2909 2017,2907"/>
                <Baseline points="2018,2939 2038,2942"/>
                <TextEquiv>
                    <Unicode>3f.</Unicode>
                </TextEquiv>
            </TextLine>
            <TextLine id="r3l51" custom="readingOrder {index:50;}">
                <Coords points="2129,2944 2226,2954 2261,2943 2289,2955 2356,2942 2414,2959 2455,2942 2505,2953 2542,2938 2542,2912 2128,2914"/>
                <Baseline points="2134,2943 2159,2943 2184,2942 2209,2942 2234,2943 2259,2943 2284,2944 2309,2944 2335,2945 2360,2945 2385,2945 2410,2945 2435,2944 2460,2943 2485,2941 2510,2939 2536,2935"/>
                <TextEquiv>
                    <Unicode>ure, pas plus que Vieil</Unicode>
                </TextEquiv>
            </TextLine>
            <TextLine id="r3l52" custom="readingOrder {index:51;}">
                <Coords points="1824,2983 1994,2995 2036,2972 2096,2994 2258,2970 2280,2989 2538,2992 2538,2954 2436,2941 1824,2943"/>
                <Baseline points="1830,2978 1865,2978 1900,2978 1935,2979 1970,2979 2005,2979 2040,2980 2075,2980 2110,2981 2145,2981 2181,2981 2216,2982 2251,2982 2286,2982 2321,2982 2356,2981 2391,2981 2426,2980 2461,2979 2496,2978 2532,2977"/>
                <TextEquiv>
                    <Unicode>Heidelberg et autres petites fleurs</Unicode>
                </TextEquiv>
            </TextLine>
            <TextLine id="r3l53" custom="readingOrder {index:52;}">
                <Coords points="1812,3019 2304,3036 2361,3014 2547,3046 2547,2975 2444,2995 2075,2992 2037,2972 2000,2993 1812,2988"/>
                <Baseline points="1817,3018 1853,3018 1889,3018 1925,3018 1961,3018 1998,3018 2034,3018 2070,3018 2106,3018 2142,3018 2179,3019 2215,3019 2251,3019 2287,3019 2323,3019 2360,3019 2396,3019 2432,3019 2468,3018 2504,3018 2541,3018"/>
                <TextEquiv>
                    <Unicode>bleues cueillies dans le mème domainc.</Unicode>
                </TextEquiv>
            </TextLine>
            <TextLine id="r3l54" custom="readingOrder {index:53;}">
                <Coords points="1807,3055 2536,3063 2536,3034 2417,3022 2314,3040 1899,3018 1807,3040"/>
                <Baseline points="1813,3057 1848,3056 1884,3056 1920,3056 1956,3056 1992,3056 2028,3056 2064,3056 2100,3057 2136,3057 2172,3057 2207,3058 2243,3058 2279,3058 2315,3058 2351,3058 2387,3058 2423,3057 2459,3057 2495,3056 2531,3055"/>
                <TextEquiv>
                    <Unicode>Mais ily aura toujours un public nom¬</Unicode>
                </TextEquiv>
            </TextLine>
            <TextLine id="r3l55" custom="readingOrder {index:54;}">
                <Coords points="1811,3096 2540,3104 2525,3058 1811,3063"/>
                <Baseline points="1816,3095 1851,3095 1887,3095 1923,3095 1959,3095 1995,3095 2031,3095 2067,3096 2103,3096 2139,3096 2175,3096 2210,3096 2246,3096 2282,3096 2318,3096 2354,3096 2390,3096 2426,3096 2462,3096 2498,3095 2534,3094"/>
                <TextEquiv>
                    <Unicode>breug, à Vienne et ailleurs, pour compa¬</Unicode>
                </TextEquiv>
            </TextLine>
            <TextLine id="r3l56" custom="readingOrder {index:55;}">
                <Coords points="1811,3141 2538,3151 2546,3103 1812,3095"/>
                <Baseline points="1817,3132 1853,3132 1889,3133 1925,3133 1961,3134 1997,3134 2033,3134 2070,3134 2106,3135 2142,3135 2178,3135 2214,3135 2250,3135 2286,3136 2323,3136 2359,3136 2395,3136 2431,3136 2467,3136 2503,3136 2540,3136"/>
                <TextEquiv>
                    <Unicode>tir à la douleur d’une gentille petite</Unicode>
                </TextEquiv>
            </TextLine>
            <TextLine id="r3l57" custom="readingOrder {index:56;}">
                <Coords points="1807,3187 2537,3170 2524,3145 1807,3133"/>
                <Baseline points="1813,3174 1850,3174 1888,3173 1926,3173 1964,3173 2002,3172 2040,3172 2077,3172 2115,3173 2153,3173 2191,3173 2229,3173 2267,3173 2304,3173 2342,3173 2380,3173 2418,3173 2456,3173 2494,3172 2532,3172"/>
                <TextEquiv>
                    <Unicode>fille qui aime de tout son cceur un sous¬</Unicode>
                </TextEquiv>
            </TextLine>
            <TextLine id="r3l58" custom="readingOrder {index:57;}">
                <Coords points="1818,3212 2538,3220 2538,3188 2458,3178 1818,3181"/>
                <Baseline points="1824,3213 1859,3212 1894,3211 1930,3210 1965,3210 2001,3210 2036,3210 2071,3210 2107,3211 2142,3211 2178,3211 2213,3212 2248,3212 2284,3212 2319,3212 2355,3212 2390,3212 2425,3211 2461,3210 2496,3209 2532,3207"/>
                <TextEquiv>
                    <Unicode>lieutenant de dragons et se tuc en ap¬</Unicode>
                </TextEquiv>
            </TextLine>
            <TextLine id="r3l59" custom="readingOrder {index:58;}">
                <Coords points="1808,3266 2543,3249 2522,3215 1808,3210"/>
                <Baseline points="1813,3253 1849,3252 1885,3251 1921,3250 1957,3250 1994,3249 2030,3249 2066,3249 2102,3249 2138,3249 2175,3249 2211,3250 2247,3250 2283,3250 2319,3250 2356,3250 2392,3250 2428,3250 2464,3249 2500,3248 2537,3247"/>
                <TextEquiv>
                    <Unicode>prenant d la fois Vinfidélité de celut-ci</Unicode>
                </TextEquiv>
            </TextLine>
            <TextLine id="r3l60" custom="readingOrder {index:59;}">
                <Coords points="1805,3303 2285,3287 2464,3305 2536,3293 2536,3257 1805,3267"/>
                <Baseline points="1811,3289 1847,3289 1883,3288 1919,3288 1955,3288 1991,3288 2027,3288 2063,3288 2099,3288 2135,3288 2171,3288 2207,3288 2243,3287 2279,3287 2315,3287 2351,3287 2387,3286 2423,3286 2459,3285 2495,3284 2531,3283"/>
                <TextEquiv>
                    <Unicode>et sd mort dans un duel d la loyale avec</Unicode>
                </TextEquiv>
            </TextLine>
            <TextLine id="r3l61" custom="readingOrder {index:60;}">
                <Coords points="1807,3348 1976,3327 2506,3329 2531,3347 2546,3282 2451,3307 1807,3296"/>
                <Baseline points="1813,3327 1849,3327 1885,3326 1922,3326 1958,3326 1994,3326 2031,3326 2067,3326 2103,3326 2140,3326 2176,3327 2212,3327 2249,3327 2285,3327 2321,3327 2358,3327 2394,3327 2430,3327 2467,3327 2503,3326 2540,3325"/>
                <TextEquiv>
                    <Unicode>Ie baron dont la semme était sa mai¬</Unicode>
                </TextEquiv>
            </TextLine>
            <TextLine id="r3l62" custom="readingOrder {index:61;}">
                <Coords points="1811,3379 1942,3364 2535,3388 2535,3334 2505,3328 1811,3340"/>
                <Baseline points="1817,3365 1852,3365 1888,3364 1923,3365 1959,3365 1995,3365 2030,3365 2066,3365 2102,3365 2137,3366 2173,3366 2209,3366 2244,3366 2280,3366 2316,3366 2351,3366 2387,3366 2423,3366 2458,3365 2494,3365 2530,3364"/>
                <TextEquiv>
                    <Unicode>tressé. La Ronde est une cupre autie¬</Unicode>
                </TextEquiv>
            </TextLine>
            <TextLine id="r3l63" custom="readingOrder {index:62;}">
                <Coords points="1815,3401 1853,3413 1911,3403 1955,3419 2027,3400 2046,3414 2180,3419 2279,3399 2279,3383 2212,3372 1974,3379 1941,3364 1815,3376"/>
                <Baseline points="1821,3403 1846,3403 1871,3402 1896,3402 1921,3402 1946,3402 1971,3402 1996,3403 2021,3403 2047,3403 2072,3403 2097,3403 2122,3403 2147,3403 2172,3403 2197,3402 2222,3401 2247,3400 2273,3399"/>
                <TextEquiv>
                    <Unicode>ment forte et prenunte.</Unicode>
                </TextEquiv>
            </TextLine>
            <TextLine id="r3l64" custom="readingOrder {index:63;}">
                <Coords points="1839,3437 2495,3454 2547,3443 2547,3408 1839,3418"/>
                <Baseline points="1844,3438 1878,3438 1913,3439 1948,3439 1983,3440 2018,3440 2053,3440 2087,3440 2122,3441 2157,3441 2192,3441 2227,3441 2262,3442 2297,3442 2331,3442 2366,3441 2401,3441 2436,3441 2471,3441 2506,3440 2541,3439"/>
                <TextEquiv>
                    <Unicode>Sous ces réserves, il faut louer de leur</Unicode>
                </TextEquiv>
            </TextLine>
            <TextLine id="r3l65" custom="readingOrder {index:64;}">
                <Coords points="1817,3479 2123,3496 2361,3476 2548,3506 2549,3443 2420,3461 1817,3442"/>
                <Baseline points="1823,3477 1859,3476 1895,3475 1931,3475 1967,3475 2003,3475 2039,3476 2075,3476 2111,3477 2147,3479 2183,3479 2219,3480 2255,3481 2291,3482 2327,3482 2363,3482 2399,3481 2435,3481 2471,3479 2507,3477 2543,3474"/>
                <TextEquiv>
                    <Unicode>effort méritoire M. Pitocff et les inter¬</Unicode>
                </TextEquiv>
            </TextLine>
            <TextLine id="r3l66" custom="readingOrder {index:65;}">
                <Coords points="1815,3523 2536,3522 2524,3486 1815,3481"/>
                <Baseline points="1821,3517 1856,3516 1891,3515 1927,3515 1962,3514 1998,3515 2033,3515 2069,3516 2104,3517 2140,3517 2175,3518 2210,3519 2246,3520 2281,3520 2317,3521 2352,3520 2388,3520 2423,3519 2459,3518 2494,3516 2530,3513"/>
                <TextEquiv>
                    <Unicode>prétes de Liebelei: Mmes Ludmilla Pi¬</Unicode>
                </TextEquiv>
            </TextLine>
            <TextLine id="r3l67" custom="readingOrder {index:66;}">
                <Coords points="1805,3553 1988,3572 2401,3559 2467,3583 2544,3543 2544,3505 2372,3535 1805,3522"/>
                <Baseline points="1811,3555 1847,3555 1883,3556 1920,3556 1956,3557 1992,3557 2029,3558 2065,3558 2101,3558 2138,3558 2174,3558 2210,3558 2247,3558 2283,3558 2319,3558 2356,3557 2392,3556 2428,3555 2465,3554 2501,3553 2538,3552"/>
                <TextEquiv>
                    <Unicode>toeff et Agnès Capri; MM. Murcel Her¬</Unicode>
                </TextEquiv>
            </TextLine>
            <TextLine id="r3l68" custom="readingOrder {index:67;}">
                <Coords points="1817,3603 1868,3596 1932,3624 2100,3598 2396,3608 2396,3564 2367,3560 1817,3561"/>
                <Baseline points="1823,3595 1851,3595 1879,3596 1908,3596 1936,3596 1964,3596 1993,3596 2021,3596 2049,3596 2078,3596 2106,3596 2134,3596 2163,3596 2191,3596 2219,3596 2248,3596 2276,3596 2304,3596 2333,3596 2361,3596 2390,3596"/>
                <TextEquiv>
                    <Unicode>rand, Louis Salou et Balpétré.</Unicode>
                </TextEquiv>
            </TextLine>
            <TextLine id="r3l69" custom="readingOrder {index:68;}">
                <Coords points="2088,3663 2187,3642 2227,3655 2307,3648 2377,3676 2520,3671 2520,3589 2507,3585 2483,3603 2390,3613 2089,3607"/>
                <Baseline points="2094,3646 2120,3646 2146,3645 2172,3645 2199,3645 2225,3645 2251,3644 2277,3644 2304,3644 2330,3644 2356,3645 2382,3645 2409,3645 2435,3646 2461,3647 2487,3648 2514,3649"/>
                <TextEquiv>
                    <Unicode>LUCIEN DESCAVEs.</Unicode>
                </TextEquiv>
            </TextLine>
            <TextEquiv>
                <Unicode>N· DE DEBIT
Extrat d. K INTRANSIGEANT
RUE REAUMUR, 100, II
Adresse
I•r OCTOBRE 1933
Date:
Stqnature:—
Egposition: —

Siii-
0 Théätre 6
THEATRE DU VIEUX-COLOMBIER. —
Liebelei, pièce en 3 actes d’Arthur
Schnitzler, traduite et adaptée par
Mme Suzanne Clauzer.
La Compagnie Pitoeff, qui a représen¬
té, la saison dernière, La Ronde, de Pau¬
teur dramatique autrichien Schnitzler,
mort i pa deur ans, nous offrait hier,
du mème auteur, au Théätre du Vieug¬
Colombier deur pieces, Lune en un de¬
te: Les Derniers masques, d’un intérét
médiocre, Pautre, Liebelei, en trois ac¬
tes. O’est une cuvre de jeunesse. Elle.
fut créée à Vienne en 1895 et souvent
reprise depuis dans les pays de langue
allemande. Nous ne la connaissionsichez
lous que par le film qu'elle a inspiré
Von peut voir encore d Pécran,
Fe succes n’enzest pas épuisé.
es aurquelles la compa¬
permise préfèrent la version
d la version origi¬
ne Clauzer a fidele¬
tention de la Com¬

d cela: lI est certain!
bleaus pittores¬
Im crée Patmos¬
Phistoire sentimen¬
e, bien mieng
n scène, si réussie
Mais, d’autre
r Schnitzler et
ter, c’est évidem¬
ier qu’elle troure
ion.
toute fagon, que
dire: amourette),
3f.
ure, pas plus que Vieil
Heidelberg et autres petites fleurs
bleues cueillies dans le mème domainc.
Mais ily aura toujours un public nom¬
breug, à Vienne et ailleurs, pour compa¬
tir à la douleur d’une gentille petite
fille qui aime de tout son cceur un sous¬
lieutenant de dragons et se tuc en ap¬
prenant d la fois Vinfidélité de celut-ci
et sd mort dans un duel d la loyale avec
Ie baron dont la semme était sa mai¬
tressé. La Ronde est une cupre autie¬
ment forte et prenunte.
Sous ces réserves, il faut louer de leur
effort méritoire M. Pitocff et les inter¬
prétes de Liebelei: Mmes Ludmilla Pi¬
toeff et Agnès Capri; MM. Murcel Her¬
rand, Louis Salou et Balpétré.
LUCIEN DESCAVEs.</Unicode>
            </TextEquiv>
        </TextRegion>
    </Page>
</PcGts>
