3436 4256
469 156 793 227 Liebele
277 138 1426 263 5. LE#S1 box 11/1
1957 886 3281 979 dessen frischem, natürlichem Spiel, liebenswürdigem Humor und hervor¬
1961 943 3275 1017 ragender Charakterisirungskunst sich wieder einmal herzlich zu erfreuen der
1949 976 3272 1061 dringende Wunsch aller breslauer Theaterfreunde gewesen war. Wir sind
1226 1023 1659 1120 Telefon 12801.
1959 1034 3274 1112 Herrn Director Halm aufrichtig dankbar dafür, daß er uns den trefflichen
1951 1060 3280 1163 Künstler, dessen Abgang für unsere vereinigten Bühnen einen sehr
1963 1115 3271 1183 schmerzlichen, bisher noch nicht ausgeglichenen Verlust bedeutete, aus
764 1127 3267 1239 Alex. Weigl's Unternehmen für Zeitungs-Aussehl Hamburg, wohin ihn Baron Berger an das neue Deutsche Schauspielhaus
1773 1192 3269 1276 Ausschaltt entführt hatte, wenigstens für eine kurze Frist wiedergebracht hat. Herr Höfer,
1942 1238 3281 1328 der gleich bei seinem ersten Erscheinen mit lebhaftem Klatschen begrüßt wurde
1093 1207 1938 1346 „OBSERVER“ Nr.
1924 1278 3269 1369 und nach jedem Actschlusse den deutlichen Beweis empfing, daß er ein
1954 1344 3274 1404 Liebling der Breslauer geblieben ist, verkörperte den stets vergnügten
693 1315 3264 1465 I. Esterr. behördl. conc. Bureau für Zeitungsberichte u. Personalnaf Lebemann und treuen Freund Theodor Kaiser mit der gleichen Meisterschaft,
877 1410 1969 1504 Wien, IX/1. Türkenstrasse 17.
1947 1406 3257 1502 die uns bereits früher entzückt hat. Das war in Mundart, Haltung,
1948 1469 3259 1541 Benehmen und jeder Wesensäußerung eine echt wienerische Gestalt, die so
1095 1476 1759 1572 Filiale in Budapest: „Figyelé“
1943 1499 3267 1581 bis ins Kleinste wirtlichkeitsgetreu zu bilden nur einem Darsteller möglich
1948 1547 3259 1618 ist, der, wie gerade Höfer, das harmlos leichtlebige, nichts tragisch nehmende
693 1549 1959 1642 Vertretungen in Berlin, Chicago, Genf, London, Newyork, Paris, Rom,
1941 1578 3264 1668 * Wienerthum von Grund aus kennt und dem zugleich die seltene Gabe ver¬
1941 1634 3267 1726 liehen ist, Kunst in Natur verwandelnd, echte, warmblütige Menschen
1941 1668 3249 1752 über die Bretter gehen zu lassen. Diesem schauspielerischen Cabinet¬
683 1671 1225 1764 Ausschnitt aus:
1942 1723 3266 1809 stück am nächsten kam Fräulein Marie Mayer mit ihrer Christine.
1948 1764 3253 1845 Die stets ihrer Aufgabe mit feinstem Verständnisse gerecht werdende
1300 1677 1962 1907 Searsische Zeitung Kah
1940 1800 3262 1900 * Künstlerin verkörperte das sympathische, seiner Liebe bis in den Tod treu
687 1810 1221 1938 vom 70 1/4)
1954 1848 3252 1925 bleibende Mädchen in ergreifender Weise, besonders im letzten Acte, wor
1949 1897 3254 1969 die Ausbrüche des herzzerreißenden Schmerzes und der Verzweiflung der
1938 1941 3256 2013 schnöde Hintergangenen erschütternd wirkten. Auch im Dialect und in der
1944 1973 3252 2065 schlichten äußeren Erscheinung traf Frl. Mayer durchaus das Richtige,
1938 2028 3262 2100 was von Frl. Trude Lobe als Mizi Schlager leider nicht gesagt werden.
1942 2069 3250 2144 kann. Die drollige Mizi, der ausgezeichnet geschilderte Typus der
1942 2110 3256 2184 bei der Befriedigung ihrer jugendlichen Lebenslust nicht grade
1011 2135 1595 2214 Neues Sommertheater.
1940 2164 3251 2235 wählerischen „Confectioneuse“, darf nicht in so auffällig eleganten
1943 2194 3263 2264 Toiletten auftreten, wie sie Fräulein Lobe gewählt hatte. Man#
772 2177 1734 2285 „ Erstes Gastspiel des Herrn Emil Höfer.
1953 2241 3251 2319 wird sich erinnern, mit wie einfachen Mitteln das unvergeßliche
1168 2248 1410 2309 „Liebelei.“
1941 2294 3242 2365 Frl. Jurberg, zu deren glänzendsten Leistungen die Mizi gehörte,
688 2272 1938 2349 AAm Dinstage war der Liebichsche Saal trotz der in ihm herrschenden
1937 2345 3248 2392 einen feschen, reizvollen Eindruck hervorzurufen verstand. Im übrigen aber
632 2347 1930 2398 drückend heißen Temperatur außerordentlich gut besetzt; Parkett und Logen
1936 2379 3244 2440 bot Frl. Lobe Befriedigendes. Dagegen war die Katharine Binder des
632 2374 1939 2436 waren beinahe ausverkauft, und auch die anderen Plätze erfreuten sich eines
1948 2417 3252 2484 Frls. Mila Krause in Sprache und Benehmen recht wenig natürlich.
630 2423 1938 2480 zahlreichen Besuches. Diese starke Anziehungskraft hatte wohl kaum das zur
1938 2465 3255 2528 Auch Herr Alexander Wierth als Lobheimer wollte uns nicht recht ge¬
639 2472 1927 2526 Aufführung gewählte Stück, Schnitzler's dreiactiges Schauspiel „Liebelei“,
1945 2501 3243 2566 fallen. Daß er den wiener Dialect, den er nicht beherrscht, ganz fallen
635 2511 1939 2561 ausgeübt, wenn man auch nicht in Abrede stellen kann, daß die menschlich
1932 2548 3243 2623 ließ, sei ihm nicht so schwer angerechnet wie der Mangel an Wärme im
630 2545 1928 2606 wahren, ohne naturalistische Uebertreibung mit sicherer Hand nach dem Leben
1939 2591 3252 2653 Spiel und an plastischer Herausarbeitung der von ihm dargestellten Figur.
633 2603 1928 2655 gezeichneten Charaktere des alten, schwergeprüften Eligers, seiner tief
1935 2634 3252 2701 Allerdings ist es eine recht undankbare Aufgabe, diesen Lobheimer zus
633 2644 1937 2694 empfindenden, hingebungsvollen Tochter, des ungetreuen Liebhabers und
1936 2681 3262 2720 spielen, der zwar gute Manieren und einen wohlgefüllten Beutel, aber nichte
637 2682 1941 2743 des lustigen, für den Lebens= und Liebesgenuß ohne moralische Bedenken
1933 2718 3164 2785 den geringsten moralischen Halt besitzt, und für dessen trauriges Ende
636 2727 1933 2794 schwärmenden Freundes immer aufs neue lebhaftes Interesse erwecken,
1939 2766 3179 2815 uns kaum ein Mitgefühl abzuringen vermögen. Die redliche Mühe,
638 2774 1939 2831 ebenso wie die goldigen Lichtfunken eines erquicklichen Humors, die
1943 2805 3229 2867 sich Herr Rameau als Christinens Vater gab, wurde wenigstens thall¬
623 2806 1943 2874 die Unerquicklichkeit des ganzen Vorwurfs wohlthätig mildern. Auch
1940 2848 3244 2902 weise mit schönem Erfolge belohnt. Als Regisseur that Herr Walden
637 2859 1945 2919 wird niemand der vortrefflich gelungenen wiener Localfärbung, der flotten
1941 2898 3242 2947 vollauf seine Schuldigkeit. In der nächsten Gastrolle, als Kammerdiener
641 2904 1929 2964 Scenenführung und dem raschen Flusse des Dialoges, durch die der that¬
1931 2937 3223 2984 Leopold in Gandillot's höchst ergötzlichem Schwanke „Der Unterpräfect“.
631 2943 1929 2995 sächlich vorhandene stoffliche Mangel geschickt verdeckt wird, seine Aner¬
1940 2967 3238 3047 wird Herr Höfer die ausgiebigste Gelegenheit zur Entfaltung seines köst¬
639 2990 1936 3048 kennung versagen können. Diese hohen Vorzüge des Stückes hätten jedoch
1941 3023 3242 3090 lichen Humors haben, und so darf man sich von der Donnerstagvorstellung
629 3022 1937 3089 nicht hingereicht, um so große Schaaren von Besuchern in das Sommer¬
1931 3065 2588 3138 einen besonderen Genuß versprechen.
3004 3072 3164 3138 v. R.
632 3078 1933 3132 theater zu locken, denn das Werk ist hier schon sehr oft und auch recht
631 3117 1935 3166 gut aufgeführt worden. Der starke Magnet war Herr Emil Höfer, an
2214 3126 2431 3186 de
951 3149 2144 3222 wensesiche über das gesammte polltische und wirthschaftliche Leben
679 3176 2157 3264 des In- und Auslandes in drastischer Kürze geboten wird. Diese Mittheilungen
670 3226 1501 3299 werden in Wien um 9 Uhr Früh verschickt.
986 3291 1824 3389 Prospecte gratis und franco.
