3392 4224
152 131 647 230 5. Liebelei
261 131 1255 258 — box 13/4
1846 330 2677 442 „OBSERVER
1930 427 2628 492 I. österr. behördl. konzessioniertes
1898 470 2650 546 Unternehmen für Zeitungs-Ausschnitte
1969 530 2583 596 WIEN, I., WOLLZEILE 11
2028 591 2513 645 TELEPHON R-23-0-43
1828 705 2206 796 Ausschnitt aus:
2085 759 2660 934 seskreierrist ie
2278 863 2702 998 A URZ. /933
1821 934 2015 994 vom:
1915 1028 2661 1136 WTiebelei“ verfilmt.
1789 1101 2851 1178 Da ist nun im Kino die „Liebelei“=Ballade aufgerolt,
1697 1185 2857 1236 zufällig um dieselbe Zeit, zu der man in der Josefstadt diese
1701 1233 2866 1279 Dichtung Arthur Schnitzlers spielt. Nicht oft wird der Ver¬
1700 1274 2864 1328 gleich zwischen Bühne und Film so nahe an uns herangerückt
1702 1312 2868 1371 und noch seltener besteht der Film so gut, so künstlerisch wohl¬
1704 1357 2864 1416 tuend einen derartigen Vergleich. Knapp, sparsam sind die
1700 1391 2854 1457 Möglichkeiten, die das Theater bieten. Zusammengepreßt,
1702 1459 2867 1510 gewitterähnlich vollzieht sich dort die Katastrophe, als End¬
1706 1505 2867 1548 ergebnis aller Voraussetzungen, die zu erraten, die erratend
1700 1549 2860 1604 zu empfinden die Phantasie von Darstellern und Zuschauern
1699 1586 2872 1635 beschäftigt. Die Kamera dagegen, die Filmleinwand haben
1697 1641 2867 1692 keinerlei Hemmungen weder im Raum noch im Wechsel der
1709 1674 2860 1750 Schauplätze. Darin liegt ihr enormer Reichtum, liegt auch
1705 1722 2151 1787 ihre ungeheure Gefahr.
1797 1750 2861 1807 Da ist nun ein Film, der die reichen Möglichkeiten der
1707 1806 2870 1874 Leinwand gewissermaßen mit Entsagung nützt und die Ge¬
1708 1854 2859 1921 fahren weitschweifigen Geschwätzigseins, bildüppigen Kitsches
1713 1909 2872 1966 aufs glücklichste meidet. Der Regisseur Ophüls, den man von
1701 1954 2873 2013 seiner kurzen Tätigkeit am Burgtheater in bester Erinnerung
1711 2000 2871 2056 behielt, gehört zu jenen Künstlern der jüngeren Generation,
1708 2043 2865 2089 die entschlossen sind, Geschmack, Feingefühl, wirkliche Musi¬
1704 2092 2866 2139 kalität und echtes Menschentum in die Filmateliers zu
1692 2137 2863 2198 bringen an Stelle der gewaltsamen, abgeschmackten Ver¬
1695 2176 2868 2234 fälschungen, deren klebrige Uebersüßtheit so zahllose Leute
1700 2230 2875 2282 aus den Kinos vertreibt. Besonders das Wienerische, das nie
1698 2278 2846 2340 existiert hat, die Heurigendudelei, zu der geflügelte „Engerlu“
1695 2315 2871 2378 in den Bäumen sitzen, die Johann=Strauß=Wonnen, die sich
1701 2369 2867 2419 derart nur in den Köpfen balkanischer Provinzler zutragen,
1694 2408 2881 2476 sind durch Regisseure vom Format des Ophüls erledigt. Nach
1703 2464 2882 2517 und nach gewiß auch die balkanbenachbarten Provinzler, die
1703 2511 2877 2572 sich lange genug für Weaner ausgeben durften. Ophüls
1696 2566 2859 2613 täuscht kein Wien vor, gegen das man sich auflehnen muß.
1702 2599 2868 2655 Der Anfang seiner Liebelei, der in der Oper spielt, mit dem
1698 2644 2857 2701 unsichtbaren Kaiser, mit dem Theaterglas, das von der
1694 2692 2872 2743 Galerie ins Parkett fällt, dieser Anfang ist ein wenig un¬
1705 2732 2859 2804 beholfen, doch zu kurz, um zu stören. Dann aber faßt Ophüls
1695 2783 2872 2850 den Stoff der Liebelei behutsam und energisch zugleich an.
1700 2834 2875 2899 Straff rollen die Vorgänge ab, straff vollzieht sich der Wechsel
1705 2885 2869 2942 vieler Schauplätze. Das Verhältnis, darin der junge Fritz
1705 2928 2867 2975 mit der Baronin umstrickt ist und davon er sich befreit, weil er
1702 2970 2875 3027 die Lüge verschmäht und weil er Christine liebt, wird klar
1699 3022 2858 3078 hingestellt. Die Liebe, zu der die Liebelei zwischen Fritz und
1704 3065 2867 3107 Christine erblüht, ist auf einer photographisch wunderschönen
1701 3113 2867 3161 Schlittenfahrt ganz ohne Sentimentalität überzeugend zum
1708 3159 2874 3224 Bewußtsein gebracht. Dramatische, filmdramatische Spreng¬
1700 3197 2867 3254 kraft haben die Szenen, in welchen der Gatte den Betrug
1704 3251 2871 3311 seiner Frau erfährt, besonders die Szene, in welcher er Fritz
1706 3302 2878 3355 des Betruges überführt und ihn zum Duell herausfordert,
1692 3342 2865 3415 das Fritz als Offizier, und eben deswegen ist er i Film
1705 3372 2874 3447 Offizier, nicht ablehnen kann. Diese Szenen, an denen auch
1687 3432 2862 3484 die Verfasser des Drehbuches, Wilhelm und Alexander, ihren
1706 3479 2863 3531 großen verdienstlichen Anteil haben, sind ganz unabhängig
1698 3531 2873 3582 von Arthur Schnitzler erfunden, wenngleich im Geist seiner
1712 3572 2856 3630 Dichtung. Sie sind neuartig, sind aus dem jungen Genre
1707 3608 2867 3679 des Films entstanden, ebenso wie jener Augenblick, da
1701 3675 2870 3724 Theodor und die Schlagermizzi von ferne das Duell behorchen.
1705 3712 2855 3763 Ein Schuß knallt, die beiden warten, lauschen, dann fragt
1704 3756 2857 3799 Theodor bedrückt: „Wo bleibt der zweite Schuß?“ Mizzi
1702 3800 2865 3860 vioderholt mit entsetztem Schrei diese Frage, und man weiß:
1705 3842 2862 3913 jetzt liegt Fritz tot auf dem Rasen. Das ist wirklich filmisch.
1789 3894 2857 3951 Die Darsteller sind im ganzen ausgezeichnet. Der
1712 3928 2858 4001 kleinen, reizenden Magda Schneider hätte man die Christine
1700 3987 2866 4029 licht zugetraut. Doch diese Süddeutsche bringt das holde
1715 4031 2874 4098 Wiener Mädel, bringt die Gefühlsinnigkeit der wahrhaft
1710 4077 1846 4117 trelen
1854 4085 1899 4114 —
2694 4081 2835 4125 rubhaft.
2262 4078 2663 4132 stracche so einfach, so
