3344 4256
411 147 799 221 Liebelei
246 141 412 235 5.
942 144 1393 239 box 10/6
416 193 912 268 0
399 970 610 1042 #####ns iesarhallmetenee
821 1084 1193 1176 Telefon 12801.
526 1162 1473 1257 Unternehmen für Zeitungs-Ausschnitte
249 1082 531 1262 410
1516 1167 1731 1259 Ausschnitts
1456 1256 1717 1355 Nr. 27
640 1249 1319 1374 „OBSERVER“
264 1359 1730 1443 I. österr. behördl. concess. Bureau für Zeitungsberichte und Personalnachrichten
581 1437 1437 1517 Wien, IX/1 Türkenstrasse 17.
516 1522 1502 1582 — Filiale in Budapest: „Figyelö“, VIII. Josefsring 31a. —
270 1682 1460 1776 Ausschnitt aus: „wichel ungemice Zönunge
1086 1769 1389 1875 24-18
565 1979 1645 2064 (Burgtheater.) Für das beurlaubte Fräulein Adele
482 2039 1650 2135 Sandrock spielte Frä##ein Medelsky gestern die Christine
497 2085 1652 2155 in der „Liebelei“ und es war, als ob sie damit ein ange¬
490 2124 1649 2211 borenes Recht ansüben würde. Einer höheren Gerechtigkeit
481 2182 1635 2257 zuliebe sollte man ausnahmsweise über Anciennität hinweg¬
499 2218 1652 2292 sehen und Fräulein Medelsky für immer im Besitze dieser
491 2259 1646 2337 Rolle belassen, die ihr gebührt, weil ihre ganze äußere und
497 2306 1644 2375 innere Art, ihre Herkunft und ihre Mittel, ihre Jugend
504 2344 1655 2422 und ihre natürliche Sprache dem Wesen der Christine auf's
498 2386 1652 2464 Innigste verwandt sind. Selten deckt sich die Individualität
504 2433 1653 2503 einer Schauspielerin so glücklich und vollkommen mit der
511 2482 1652 2552 einer Rolle. Die Christine und das Fräulein, beinahe hätte
504 2530 1648 2609 ich gesagt „die Fräul'n“ Medelsky sind die engsten Lands¬
506 2552 1656 2640 leute, „Nachbarskinder“ sozusagen. Das liebe kleine Vorstadt¬
502 2627 1668 2690 mädel haftet der Medelsky noch in allen Kleidern
501 2645 1658 2727 und Verkleidungen; in ihrem Wienerisch klingen alle
517 2715 1667 2769 ihre Gefühlsaccente ungedämpft von den Vorschriften
508 2753 1652 2807 der Sprachmeister. Mit dem Mutterdialect kann sie
510 2768 1671 2846 ihre ganze Urwüchsigkeit entfalten, und so wirkte sie gestern
516 2830 1664 2902 mit einer Echtheit, wie noch nie vorher. Ihre Gestalt ist so
509 2866 1665 2957 sehr von junger Liebe und erster, schmerzlicher Zärtlichkeit
502 2912 1668 3003 umduftet, daß sie dem Stück ein neues Blühen schenken
517 2959 1659 3023 konnte und durch sie erst die „Liebelei“ in ihren wahren
511 2994 1669 3074 Frühlingsfarben erschien. Im letzten Ark erhöhte und er¬
513 3058 1663 3117 wärmte sie die Rührung bis zur glühenden Temperatur des
509 3096 1676 3166 Tragischen; es war das Beste, was sie seit dem Gretchen
510 3135 1657 3221 geleistet hat. Die Schlager Mitzi war in Abwesenheit des
401 3167 1658 3261 50 24 Fräuleins Kallina an Fräulein Littitz gerathen, die sich
295 3194 406 3288 Für
518 3235 1696 3305 nicht ungeschickt anstellte. Ein bischen zu derb, zu wenig¬
387 3249 482 3307 100
523 3270 1696 3363 liebenswürdig und vor Allem ungraziös in ihren Bewe¬,
396 3297 485 3344 200
534 3303 1708 3409 gungen, blieb sie hinter ihrer Vorgängerin zurück. #
394 3334 488 3383 500
1324 3351 1470 3408 „ 100.—
355 3367 492 3424 " 1000
425 3367 1756 3455 Im Gegensatze zu anderen Bureaux für Zeitungsausschnitte ist das
1398 3425 1763 3486 auch steht es den
326 3441 1353 3503 Abonnement durch keine bestimmte Zeibdlauer begrenzt:
330 3474 1654 3549 Abonnenten frei die aufgegebenen Themen zu ergänzen odler zu ändern.
2153 994 2266 1075 11
2080 1095 2697 1208 Telefon 12801.
3027 1227 3245 1280 Ausschnitt
1712 1168 2968 1293 MM 1 0 5 Unternehmen für Zeitungs-Ausschnitte
2971 1282 3239 1387 Nr. 28
2163 1278 2807 1408 „OBSERVER“
1775 1395 3234 1459 I. österr. behördl. concess. Bureau für Zeitungsberichte und Personalnachrichten
2079 1453 2945 1559 Wien, IX/1 Türkenstrasse 17.
2027 1541 2991 1634 Filiale in Budapest: „Figyelö“, VIII. Josefsring 31 a.—
1783 1708 2930 1824 Ausschnitt aus: Arbeiter Zeitung
2522 1817 2859 1914 211—73
1801 1872 1943 1957 vom
2415 2021 2768 2110 Theater.
2131 2097 3181 2172 Burgtheater. Freitag den 20. d. wurde Schnitzler's
2035 2140 3187 2213 „Liebelei“ mit zwei Neubesetzungen gegeben. Das Stück ist
2025 2194 3195 2263 ja bekannt, und es genügt, zu bemerken, daß es zu den besten Er¬
2028 2237 3180 2306 zeugnissen des dichtenden Jung=Wien gehört, wie denn Schnitzler
2032 2286 3182 2358 unstreitig unter dieser Jugend das stärkste und echteste Talent ist.
2029 2330 3186 2403 In der „Liebelei“ zeigt er nach mancher Richtung hin seine große
2029 2375 3180 2437 Begabung. Die „Liebelei“ ist ein wirkliches Wiener Stück.
2026 2433 3183 2495 Handlung und Menschen sind bodenständig, die dramatische
2028 2466 3196 2535 Führung knapp und wirksam. Die beiden kleinen süßen Mädeln
2032 2520 3187 2594 (Christine und Mizi) waren bisher von Fräulein Adele Sandrock
2037 2590 3195 2625 und Frau Kallina gegeben worden. Sie wurden diesmal von
2036 2624 3185 2675 den Fräulein Medelsky und Littitz dargestellt. Fräulein
2036 2659 3190 2724 Littitz zog sich im allgemeinen gut aus der Affaire. Sie war
2025 2710 3189 2765 frisch und fesch. Fräulein Medelsky bereicherte ihr Repertoire
2033 2751 3193 2842 mit einer Glanzrolle. Wieder kam die jüngfräuliche Herbigkeit
2028 2799 3198 2855 ihres Wesens zur vollen Geltung. Die Verbindung dieser
2038 2848 3191 2925 Herbigkeit mit fast unbeholfener Schwermüthigkeit gab der
2029 2895 3200 2977 Gestalt Christinens einen besonderen und wohl im Sinne des
2038 2941 3191 3004 Dichters gelegenen Reiz. Auf dem Höhepunkt ihrer Rolle im
2041 2983 3201 3049 dritten Akte durchbrauste, als sie von der Bühne abstürzte, ein
2030 3034 3191 3098 minutenlang währender Beifallssturm das Haus. Es ist geradezu
2041 3089 3198 3149 merkwürdig, wie diese junge Schauspielerin, der alle Routine
2052 3132 3193 3201 fehlt, und die nicht selten noch hie und da das Unfertige ihrer
2041 3180 3208 3244 Kunst umsomehr verräth, als sie es verschmäht, mit ihr fremden
2043 3221 3207 3292 Mitteln zu arbeiten, gerade in den entscheidenden Stellen der
1819 3233 2045 3305 Für 50 Ze
2042 3267 3198 3334 Darstellung inspiratorisch über sich hinauswächst. Beweise dafür
1896 3284 2011 3341 100
1903 3325 2009 3373 200
2049 3309 3228 3389 geben ihr Gretchen und diese ihre Christine. Sie reißt dann das .
1895 3361 2008 3410 500
2055 3365 3209 3429 Publikum im Sturm mit sich. Sie ist heute der kostbarste Besitz
1856 3401 2014 3462 " 1000
1945 3428 2410 3495 lm (des Burgtheaters.
1836 3452 3289 3533 Abonnement durch keine bestimmte Zeitdauer begrenzt; — auch stehl es den
1845 3486 3179 3581 Abochenten frei die aufgegebenen Themen zu ergänzen oder zu ändern.
