3436 4224
431 145 838 221 Liebelei
284 136 1424 260 5.— box 11/6
1691 896 2003 997 kiebelei.
2374 902 2546 997 2
2606 930 3051 1048 GE
1110 994 2585 1074 Zur Erstaufführung am Kölner Opernhause am 1. Dezember 1910.
2776 1012 2998 1100 1##
694 1027 1862 1114 Arthur Schnitzlers Schauspiel „Liebelei“ wurde in der
1858 1076 3054 1151 gesagt: „Man kann alles komponieren — auch die Zeitung.“
612 1089 1831 1166 verflossenen Saison mit Agnes Sorma im Schauspielhaus ge¬
1854 1117 3055 1197 Hier haben wir die komponierte Zeitung. Es fehlen nur noch
616 1133 1830 1211 geben. Nun tauchte dies Schauspiel als Oper auf, worin Frau
1864 1152 3068 1239 die komponierten Annoncen. Und die Leute finden sich schon,
609 1177 1828 1253 Dux die Hauptrolle der Christine, das arme Mädchen, spielen
1865 1222 2663 1284 die auch das liefern — wenn’s nur zicht.
600 1223 1824 1306 mußte, welches die Liebelei für Liebe nimmt und daran In
1927 1263 3075 1347 Denn das ist ja unzweifelhaft, daß der Stoft der neuen
595 1260 1823 1364 Grunde geht. Frau Dux hatte da einen schweren Stand, aber
1857 1317 3068 1388 Oper, Schnitzlers Liebelei, auch in dieser musikalischen Auf¬
600 1331 1813 1404 sie fand sich mit der Schauspielaufgabe sehr gut ab. Die
1855 1373 3076 1457 machung zieht. Aber zum Teufel, der Stoff scheint schäbig und
604 1374 1816 1456 keineren Details des Spiels freilich, so die nervösen Schwin¬
1857 1422 3063 1499 verblaßt und nun hat man ihn mit Musik gestopft. Die zarten
606 1424 1814 1489 gungen der Mädchenseele blieb sie uns schuldig was sage
1862 1457 3060 1526 und feinen Linien und Muster sind verschwunden, der grobe
596 1477 1751 1554 ich: das ist ja ganz und gar nicht ihre Schuld. Man
1854 1516 3069 1597 Faden liegt bloß. Und das Stopfgarn paßt gar nicht zum
604 1511 1826 1596 Herr Neumann — hat ja aus dem Stück eine Oper gemacht!
1858 1558 3076 1637 Grunde: dieser schwarze- Strumpf einer Weltdame mit den
609 1567 1604 1653 Dies Ausrufungszeichen ist nur zu sehr am Platze.
1853 1604 3077 1689 koketten Mustern ist gestopft mit weißem Faden — und die
678 1625 1806 1711 Das Prosastück von Schnitzler, welches in der Gegen¬
1851 1657 3067 1739 Löcher sind nicht richtig nachgewebt, sondern zusammen¬
605 1679 1822 1736 wart splelt, wurde — einfach vertont. Nein, auch das trifft
1847 1719 3068 1793 gerissen. Eine Musik ist diesem Stück angeklext worden, die
604 1730 1814 1813 nicht zu: nicht einfach, sondern jedes Wort wurde sehr dick
1844 1761 3058 1834 aber auch nur die Frechheit der Mittel mit dem Stoff gemein
605 1773 1806 1845 instrumentiert. Die ganze Handlung wird deklamiert. Die
1842 1816 3065 1885 hat. Ueberall wird fleißig „nachgezeichnet“, es donnert und
591 1836 1817 1897 Arie, das Ensemble sind mausctot, es herrscht unumschränkt
1835 1853 3066 1940 blitzt, wenn „ein Herr“ erscheint, um Fritzen, den Verführer
600 1864 1810 1957 das begleitete Rezitativ. Hier wird auf ein Entgegenkommen
1835 1901 3056 1986 der Frau, zu fordern. Es säuselt in Synkopen und tremoliert,
600 1921 1816 2007 der Sprache durch gebundene Rhrthmen gar nicht
1841 1966 3061 2030 wenn von Liebe gesprochen wird und wenn einer „nervös“
589 1971 1800 2036 erst gewartet. Die nackte, holprige Prosa grinst uns an, sie
1829 1990 3061 2079 ist. Individuell ist die Musik keinen Augenblick, selbst die
592 2007 1802 2089 die taktlose — in Musik gesetzt. Gewiß, in „Figaros Hochzeit“
1836 2058 3055 2129 schlichte Weise der Christine zum Klavier ist unpersönlich.
598 2065 1811 2138 ist auch von Liebelei die Rede, Liebelei bildet auch da die
1840 2095 3058 2180 Die Musik ist mit einem Worte überflüssig. Das Lob, welches
587 2099 1805 2197 Handlung mit allen Zufälligkeiten, meinetwegen auch Platt¬
1825 2144 3060 2206 man ihr spenden muß, betrifft die Geschicklichkeit. Diese Art
592 2155 1802 2255 heiten des Alltags, aber diese Vorgänge werden in Rhrthmen
1834 2196 3045 2280 Kapellmeistermusik ist nie um den Fortgang verlegen. Die
587 2204 1808 2290 erzählt und so gesungen. Hier — nichts von Libretto — die
1835 2244 3055 2329 Instrumentation schillert in den Errungenschaften von Wagner,
596 2263 1807 2330 Unterhaltungen werden ganz, wie sie im Leben sind, in Musik
1834 2286 3051 2378 Weber, Offenbach und was man sonst will. Es ist auch gar
590 2326 1801 2390 gesetzt. „Fritz, wo sind die Zigarren“ und „Das Konver¬
1826 2339 3049 2423 nichts dagegen zu sagen, daß solche Musik gemacht und
579 2373 1798 2445 sationslexikon. Donnerwetter!“ Das ist wahrhaft poctisch;
1823 2384 3052 2461 selbst aufgeführt wird. Man hat seinerzeit Reißigers Sachen
590 2411 1788 2494 poctisch gesagt vor allem! Die Folge ist natürlich, daß Be¬
1823 2447 3037 2530 auch aufgeführt, wie die unzähliger anderer Kapellmeister.
575 2458 1793 2539 tonungen, wie diese: „geradezu“, „als ein gewöhnliches Aben¬
1828 2493 3040 2577 Aber man sollte sich keinen Augenblick im Unklaren sein,
576 2502 1792 2591 teuer“ usw., wo Nebensilben auf den guten Taktteil kommen,
1824 2543 3046 2616 daß das keine bleibenden Kunstwerke sind. Der Komponist
574 2558 1794 2629 an der Tagesordnung sind. August Bungert hat einmal zu mir
1811 2580 3049 2690 mag sich beim Dichter bedanken, der ein selbst als Oper un¬
1880 2723 3093 2785 verwüstliches Stück geschrieben. Allerdings gibt es Momente
1872 2767 3096 2811 in der Handlung, namentlich in den beiden letzten Akten, die
1883 2817 3098 2883 nicht unmusikalisch genannt werden können — sie müßten aber
1887 2869 3134 2945 zur Komposition mindestens rhrthmisiert werden. Das Ge.
1885 2913 3098 2966 gebene ist keine „Oper“ Solche „Opern“ sind auchspur
1887 2958 3091 3015 „zum Zeitvertreib“ aufzuführen. Wie unser Opernleiter über
1882 3007 3090 3080 das Stück urteilt, kann ich wohl daraus schließen, daß er mich
1881 3055 3111 3117 nicht, wie bei Schillings' „Ingweide“, zur Generalprohe Ein¬
1877 3109 2081 3188 geladen!
1955 3289 3094 3351 Immerhin war an dem Stück getan, was sich tun ließ. Die
1877 3332 3096 3396 Herren Winckelshoff, Liszewskr, Neidel, vom
1876 3391 3108 3443 Scheidt, die Damen Dux, Fink, Rohr machten sich ebenso
1893 3429 3098 3502 wie Kapellmeister Lohse um die beste Aufführung wohl¬
1886 3473 3101 3532 verdient. Da Herr Franz Neumann, der Komponist, an¬
1885 3521 3103 3582 wesend war, mußte er auch vor der Rampe erscheinen, um den
1878 3577 2822 3651 Dank des Publikums in Empfang zu nehmen.
2549 3614 3077 3694 Dr. Thomas-San-Galli.
