3392 4128
136 3388 244 3497 .
137 3474 261 3558 det
129 3594 251 3676 igt,
131 3716 259 3806 be¬
151 3776 262 3849 am
126 3954 261 4034 zei¬
133 4007 263 4080 Der
132 4059 271 4154 die
263 164 648 242 Liebelei
766 161 1237 275 box 13/1
249 205 779 285 TSSSSI
2072 1586 2793 1703 rae
153 1832 2954 1940 HZEITUNG DER FILMINDUSTRIE
140 1993 497 2068 #I., Berlin SW 48.
1881 1990 3068 2070 Bezugspreis: Vierteljährlich 7.50 Rm. einschl Zustellungs¬
597 1993 1799 2080 Berlin, Dienstag, 15. März 1927
166 2043 499 2098 3202 und 3203.
1882 2041 3069 2097 gebühren: Ausland 60 Rm. jährlich einschl. Kreuzbandporto.
1957 2080 2393 2134 Einzelpreis 0.20 Rm.
2414 2084 3052 2136 Anzeigenpreis: Die acht¬
152 2080 498 2137 Postscheckkonto:
1883 2096 3057 2189 gespaltene Millimeterzeile 0,20 Rm. — Erfülungsort: Berlin-Mitte.
156 2121 499 2189 k. Dk.: A. Berlin.
815 2112 1598 2178 20. Jahrgang — Nummer 63
2449 2169 2674 2280 S
1360 2176 1566 2276 #
1992 2454 2757 2558 der eia
640 2453 1040 2570 Neue
1243 2464 1846 2562 Ailner
265 2553 3059 2702 Stockung in der Subventionstrage — Verhandlungen mit Hugenberg
1042 2680 2244 2817 Forell und Konsul Marx (?)
2121 2818 3063 2902 rats die Geschäfte übernehmen wird, war
1194 2822 2119 2904 wir recht unterrichtet sind, dem Weinhaus
295 2821 1189 2905 Die Verhamklungen zwischen dem Reich
2113 2897 3058 2978 bis zur Drucklegung des Blattes nicht fest¬
1193 2893 2118 2956 Kempinski & Co. nahesteht. Mit einem
260 2898 1198 2960 und der Uiz wegen einer Reichsbeteiligung
2127 2945 2366 3022 zustellen.
1202 2951 2126 3004 durchgreifenden Revirement wird in der
264 2945 1199 3002 von 20 Millionen und 5 Millionen Aktien¬
1205 2989 2120 3060 Ufaverwaltung nach Abschluß der Finanz¬
259 2998 1201 3057 übernahme sind, wie wir aus unterrichteter
2153 2992 3049 3086 Die von anderer Seite gebrachte Mit¬
1196 3048 2124 3105 verhandlungen gerechnet, und zwar in der
260 3055 1195 3107 Quelle erfahren, ins Stocken geraten, so
2122 3075 3054 3148 teilung, daß gestern in einer Aufsichtsrats¬
1195 3094 2116 3153 Direktion wie beim Aufsichtsrat. Wie wir
267 3099 1195 3158 daß die Ufa-Verwaltung mit einer Reichs¬
2132 3131 3053 3193 sitzung der Ufa bereits Entscheidungen ge¬
1186 3138 2118 3200 erfahren, soll das bisherige Aufsichtsrats¬
262 3144 1190 3206 beteiligung nicht mehr disponiert. Die von
2120 3181 3066 3247 fallen sind, entspricht nicht den Tatsachen.
1194 3182 2119 3263 mitglied, Herr Konsul Marx, die Leitung
262 3197 1191 3250 interessierter Seite als abgebrochen be¬
2129 3228 3060 3294 Soweit wir unterrichtet sind, hat gestern
1193 3239 2128 3301 des Unternehmens übernehmen (?). Ob
255 3237 1194 3303 zeichneten Verhandlungen mit Hugenberg
2117 3281 3069 3350 überhaupt keine Aufsichtsratssitzung in
1195 3288 2124 3349 Konsul Marx unmittelbar dem Vorstand
261 3292 1193 3351 sind dagegen im besten Flusse, so daß in
1194 3324 2642 3405 beitritt oder als Delegierter des Aufsichts- der Uia stattgefunden.
258 3337 1190 3399 Verwaltungskreisen mit einem positiven
257 3386 1199 3446 Abschluß gerechnet wird. Diese Mit¬
250 3443 1189 3500 teilung gewinnt dadurch an Wahrschein¬
253 3483 1196 3547 lichkeit, als am 29. März die Aufsichtsrats¬
2165 3458 2801 3600 Unlied Arlists?
1458 3461 2155 3602 Rex arbeitet für
256 3537 1202 3607 sitzung der Deutschen Bank stattfindet
265 3590 1200 3652 und bis zu diesem Zeitpunkt eine definitive
2125 3572 3053 3651 Filme durch Rex-Film beziehen. Die Filme
1229 3586 2123 3652 Wie wir erfahren, sind zwischen der
263 3638 1119 3714 Klärung der Ufalage gewünscht wird.
2125 3642 3056 3723 sollen durch den obengenannten Verleih
1204 3632 2130 3722 United Artists Filmverleih und der Rex¬
2126 3686 2576 3756 vertrieben werden.
1201 3697 2122 3758 Film A.-G. Verhandlungen im Gange, die
295 3691 1185 3760 Inzwischen ist Herr Forell als Organi¬
2176 3722 3059 3804 Falls die Verhandlungen zum Abschluß
255 3739 2132 3826 sator in die Ufa berufen worden, der, wenn sich auf die Herstellung einer Anzahl
2116 3787 3058 3853 kommen, ist diese Bereicherung der deut¬
2135 3845 3063 3897 schen Produktion als überaus erfreulich zu
2131 3888 3060 3942 bezeichnen. Allerdings rollt diese Mel¬
2131 3931 3073 3997 dung das Problem United Artists - Phoe¬
2136 3971 3071 4070 hus auf, da bekanntlich zwischen den bei¬
