3484 4224
276 158 662 232 Liebelei
746 153 1280 252 box 12/8
269 215 693 278 „
529 910 1274 1042 Apcar sehsvergeesden
436 1132 1325 1221 an Sares esurscne üeraussenntr-acno
418 1192 1327 1258 BERLIN SO 16, RUNGESTRASSE 22-24
414 1327 1329 1501 Vossische Zeitung
591 1462 1154 1550 Aussehnitt aus der Nummer voni:
780 1558 1229 1656 S ToKr. W#.
323 1755 1324 1860 „Tiebelei mit Kate Vorsch.
471 1836 1180 1921 Deutsches Künstlertheater.
263 1917 1440 1991 Sie mußte es einmal spielen, Arthur Schnitzlers süßes
233 1972 1435 2027 Mädel. Denn die Vorstadt im deutschen (S#iden ist für Käte
234 2024 1422 2070 Dorschs Kunst Hetmnatland, und ihre Frauen fühlen sich nun ein¬
240 2062 1427 2114 mal unterm Umschlaatuch am wohlsten. So hat sie niemand ent¬
229 2109 1319 2157 täuscht, der von Karkei nst einen Hauch verspüren wollte.
259 2143 1429 2192 Aber sie h###auch, effenherzig zu reden, niemand überrascht.
226 2198 1433 2252 Diese liebenden Seelen sichern sich nun schon die Bürgschaft ihres
232 2253 1432 2295 Erfolges, wenn Käte Dorsch sich ihrer annimmt. Kind und
228 2280 1430 2318 Mutter zugleich sein zu können, ist ihr Geheimnis. Der große
228 2315 1443 2378 Aufschrei im Schlußakt gehört freilich nicht zu ihrer Ausstattung.
233 2366 1438 2415 Wenn die Welt über ihr zusammenbricht, dann findet sie stillere
233 2409 1427 2458 Mittel, ihre Wunden zu zeigen. Niemals aber bezwingt sie
227 2463 1425 2515 stärker, als wenn sie den Herzensvumn da vor ihr mit den Blicken
233 2477 1431 2554 gleichsum ausschöpft. Ahnung und geheimes Wissen, so strömt es
232 2544 1442 2590 aus diesen Blicken, und Schnitzlers Christine ist, in ihrer Gestalt,
239 2578 1195 2638 schon im Uebermut des ersten Aktes eine Cezeichnete.
268 2630 1429 2694 Doch die Bühne da draußen, die nun kein Adalberttheater
233 2685 1423 2736 mehr, sondern ein Dorschtheater ist, sollte ihr andere Aufgaben
223 2723 1424 2783 stellen. Kein Wort gegen die „Liebelei". Sie behält, auch wenn
229 2774 1435 2828 das Pariser Thesenstück sich deutlicher als früher abzeichnet, ihre
226 2812 1422 2870 Qualitäten als ein Stück Theater, von feinen Händen dargereicht.
230 2860 1422 2914 Indessen, Käte Dorschs Weg führt nur über die süßen Mädel hin¬
218 2905 1428 2973 us zu Shakespeare und Anzengruber, zu Rose Bernd und Hanne
233 2947 1031 3020 Schäl. Sie steige, bevor sie stehen bleibt!
250 3007 1431 3057 Es kann getrost auch ein Aufstieg zur Höhe der Posse sein.
228 3044 1424 3099 Denn gestern hat sie wieder, als Hartlebens „Lore“ gezeigt,
228 3098 1419 3149 zum allgemeinen Entzücken gezeigt, wie das Derbste diesseits der
222 3141 1419 3193 Grenze des Gewöhnlichen bleiben kann. Käte Dorsch, ins Ber¬
227 3175 1417 3230 linische vermummt, mag getrost ein Sopha in die Höhe klettern
215 3213 1431 3283 oder beim Abschied Mephistos Wappen zeigen — sie bleibt immer
230 3260 1416 3323 eine Bürgerin der Vorstadt, aus einem blitzsauberen Zimmer. Ihr
226 3304 1425 3354 Lachen hält sogar für ein paar Minuten Hartlebens Einakter frisch,
230 3346 1420 3407 der am Ende freilich nach abgestandenem Flaschenbier schmeckt,
226 3392 1176 3446 trotz seiner Herkunft aus zwei klassischen Novellen.
244 3444 1415 3489 Unter den Wiener Studenten fand sie wirksamere Partner als
223 3485 1422 3554 unter den Berliner Commilitonen. Denn Edthofer, als Schnitz¬
232 3535 1421 3591 lers Fritz, hatte in seiner Sprödigkeit einen glücklichen Abend: er
226 3577 1429 3633 entdeckte die Hilflosigkeit der taumelnden Jugend in seinem Viel¬
224 3618 1416 3684 geliebten. Pröckels sicherer Humor fand in einem jungen Fräu¬
224 3657 1418 3718 lein Adrienne Geßner eine frische Kameradin und Emil
223 3701 1467 3770 Linds Vater Musikus tat im Segnen und Ausgleichen, was ein "“
1239 3750 1435 3824 N. 4
236 3751 720 3822 guter Regisseur tun muß.
1863 939 2584 1085 geces senverinhaden
1723 1051 2183 1177 N
2071 1130 2128 1204 □
1760 1161 2627 1248 ssdares esuraenee ##onez-Auasenutriscae
1768 1228 2625 1310 BERLIN SO 16, RUNGESTRASSE 22-24
1670 1284 2693 1371 Bearbeitet die deutsche und ausländische Presse auch auf In##rte.
1663 1339 2695 1429 Lietert Listen über geplante Bauten aller Art. Geschäftseröffnungen.
2015 1383 2348 1440 Festlichkeiten usw.
1990 1471 2365 1557 Neue Berliner
1786 1541 2578 1639 12=Uhr Mittggs=Zeitung
1946 1619 2422 1698 Ausschnitt aus der Nummer vom:
2140 1673 2605 1798 2 70KT. Be4
1912 1863 2614 1998 Theater: Kunst.
1842 2041 2660 2151 Schnitzler=Hartleben=Abend.
1909 2117 2589 2214 im Deutschen Künstler-Theater.
1853 2200 2719 2276 .. Und es stieg, mit Schnitzlers „Liebelei“,
1801 2263 2704 2333 die Wolt der füßen kleinen Mädchen herauf, mit
1814 2302 2711 2372 schlichter Hingabe, inschuldigem Ernst, umd der
1810 2342 2714 2414 Tragik der konventionellen Duell=Verwicklung.
1812 2393 2718 2479 Das Stück, in dem Schnitzler den Beginn seiner
1806 2451 2243 2521 Liebesthematik macht.
1858 2477 2719 2566 Und die Käthe Dorsch zeigte als Christine
1808 2525 2720 2597 ihre volkstümliche Kraft, die volle Tragik eines
1812 2568 2720 2645 hingegebenen, zerbrochenen Geschöpfs. Ihre leise
1810 2615 2729 2677 Hingabe erschüttert in dem klingenden Ton der
1822 2658 2724 2730 himmlischen Stimme, und die tiefe Spannung bei
1813 2700 2727 2769 der Todesnachricht macht sich Luft in einem Wein¬
1819 2744 2723 2823 krampf, bei dem man erzittert. Es war einer
1825 2783 2725 2855 ihrer größten Abende ... und wer am hin¬
1822 2841 2723 2901 gerissensten klatschte, das waren die bösen Kritiker,
1814 2882 2521 2960 die wohl wußten, was hier los war .
1860 2921 2735 2986 Ein recht gut abgetöntes Enseble mit Emil
1820 2965 2734 3029 Lind (Weiring), Adrienne Geßner (Mizzi)
1817 3003 2742 3074 und vor allem Ebthofer (Fritz) und Pröckl
1819 3046 2744 3128 (Theodor) stand in einer stimmungsdichten Auf¬
1823 3102 2598 3170 führung unter Linds Führung zusammen.
1867 3127 2734 3207 Der Tragödie folgte das Satyrspiel: Hartlebens
1824 3175 2731 3264 „Lore“, das ist die dramatisierte Geschichte vom
1825 3227 2740 3289 abgerissenen Knopf. In welcher dieselbe Käthe
1828 3267 2742 3337 Dorsch alle Quellen munterer, bestrickender Launen
1834 3310 2745 3385 springen ließ, umgestellt von der Tragik zur
1826 3377 2007 3444 Komik.
1887 3393 2750 3466 Es war der entzückendste literarische Süße¬
2575 3447 2793 3519 L.5
1811 3457 2157 3538 Mädchen=Abend.
