3484 4256
230 149 656 236 Liebelei
756 145 1238 252 box 13/3
220 209 661 280 DSE
2145 787 3098 892 Bundeskanzter Dr. Doufug kam dann auf die
1099 815 2153 895 [Wirtschafts= und Sparverein der
107 855 1127 935 Megeln des selig in der Vernunft verschiedenen
1112 885 2135 950 [Festbesoldeten in Bad Ischl und Um¬
2120 867 3147 950 französische und die englische Note vom 11. Februar
1118 927 2134 991 gebung, reg. Gen. m. Geschäftsanteil¬
105 923 1117 994 Wuellkodex hatte natürlich der Gegner nicht Platz
2111 921 3146 1013 zu sprechen und teilte über Ersuchen des Haupt¬
122 971 373 1041 u nehmen.
1113 979 2768 1042 shaftung, wider die Landesregierung Linz wegen ausschusses deren Wortlaut mit.
1120 1008 1710 1099 Bäderbauabgabe (A 522/30).
144 1006 1134 1100 Die Wirkung der „Liebelei“ kam einer förmlichen
2155 1039 2873 1112 Die Note hat folgenden Wortlaut:
122 1069 779 1150 Auferstehung des Stückes gleich.
1366 1088 1893 1179 Freitag, den 10. März.
2162 1087 3160 1169 „Bezugnehmend auf die Verbalnote vom 1. Fe¬
1144 1138 3157 1217 Saal I um 10 Uhr vorm.: Österr. Glas= bruar, die der Herr Bundeskanzler in Angelegenheit
139 1169 3164 1256 In einem hübschen inneren Zusammenhang sab]igbriken und Raffinerien Josef der Waffenaffäre von Hirtenberg gerichtet hat, be¬
122 1237 1131 1308 an zuvor das Puppenspiel „Der tapfere
2120 1249 3177 1317 ehrt sich der Gesandte im Auftrage seiner Regierung
1121 1240 2144 1303 [Inwald A. G. in Wien wider die Finanz¬
116 1281 1120 1360 Kassian“ aus dem Zyklus von Einaktern, die
2120 1291 3166 1351 Herrn Dollfuß zur Kenntnis zu bringen, daß die
1116 1293 2136 1351 landesdirektion in Wien wegen Körperschaftssteuer
115 1333 1124 1402 en gemeinsamen Namen „Marionetten“ führen.
2126 1340 3169 1392 Regierung davon Kenntnis genommen hat, daß die
1121 1348 2137 1412 für das Jahr 1929 (F 316 32); — um 12 Uhr
114 1369 1119 1444 Paul Kalbeck hat auch diesem Stückchen eine sehr
2135 1389 3170 1453 Waffen, die an die Fabriken von Hirtenberg und
1119 1391 2128 1454 mittags: Rudolf Leitner in Linz wider die
129 1415 1122 1490 hübsche und farbige Umrahmung gegeben. Bis zu
2125 1428 3167 1499 Steyr zwecks Entrostung und Verlängerung des
1129 1431 2131 1501 Finanzlandesdirektion in Linz wegen Personal¬
131 1480 1128 1540 seiner Dämonie drang er eigentlich nicht vor. Das
1131 1487 1923 1543 steuern für das Jahr 1929 (F 357/32).
2128 1485 3170 1557 Laderaumes gesendet worden sind, aus Beständen
127 1529 1132 1589 Spiel zwischen Trug und Wahrheit, Schein und
2125 1535 3164 1591 der ehemaligen österreichisch=ungarischen Armee
1149 1524 2140 1595 Saal lI um 10 Uhr vorm.: Steyrermühl¬
123 1581 1128 1639 Sein kam, so wie es Schnitzler meint, nicht mehr
1134 1580 2143 1646 Papierfabriks= und Verlagsgesell¬
2129 1586 3168 1646 stammten. Sie kann jedoch die von der österreichi¬
129 1621 1131 1683 recht zur Geltung. Hans Thimig war ein wahr¬
1133 1630 2138 1689 chaft in Wien wider das Bundesministerium
2126 1632 3168 1682 schen Regierung aufgestellte These nicht annehmen,
123 1675 1132 1743 Haft todtrauriger Genarrter und Betrüger des
1122 1670 2138 1741 für soziale Verwaltung wegen Unfallversicherung
2127 1679 3173 1732 nach welcher diese Waffen das Bundesgebiet im
1124 1723 1408 1790 (A 258/31);
118 1707 1142 1783 Todes, ein Sieger, dem der Untergang über dem
1457 1712 2140 1791 um 11 Uhr 30 Min. vorm.:
2131 1724 3173 1795 Transitweg durchfuhren, wo doch die auf sie bezüg¬
1132 1774 2148 1837 Dr. Heinrich Neuhaus,chem.=mikroskop.
123 1776 1131 1833 cheitel steht. Er lebte so leicht und trugvoll, wie er
2125 1774 3182 1838 lichen Frachtbriefe einen österreichischen Bestim¬
1126 1825 2130 1877 Laborctorium in Wien, wider das Bundes¬
127 1811 1125 1889 ergeben und melodramatisch stirbt. Mit ihm schwang
2132 1821 3182 1885 mungsort angaben. Der Regierung zufolge liegt
1126 1865 2142 1924 ministerium für soziale Verwaltung wegen Ersatzes
2127 1871 3173 1938 eine flagrante Verletzung des Artikels 134 des Ver¬
135 1876 830 1946 sich so etwas wie Melodie empor.
1130 1914 2142 1978 des Arbeitslosenunterstützungsaufwandes (A 26/32);
2133 1917 3175 1973 trages von Saint=Germain und des Artikels 1 des
151 1906 1133 1988 Wieder auch war Friedl Czepa so der richtige
1161 1969 2132 2025 — um 12 Uhr 45 Min. nachm.: Versicherungs¬
2129 1972 3175 2025 österreichischen Gesetzes von 1928 in der Tatsache,
131 1957 1135 2043 unte Schmetterling, so die richtige weibliche Beute,
1127 2014 2136 2066 [anstalt der Presse in Wien wider das
2132 2018 3170 2082 daß Österreich Gewehre und automatische Gewehre,
133 2029 1141 2081 die selbst ein Raubtierchen ist. Herr Neuge¬
1127 2063 3174 2111 Bundesministerium für soziale Verwaltung wegen die verwendungsbereit sind, importiert. Selbst wenn
139 2074 1132 2136 bauer als tapferer Cassian gab der Figur mehr
1125 2097 3175 2155 Vordienstzeitanrechnung der Versicherten Kreszenz die österreichische Regierung von der Einfuhr nicht
118 2128 1127 2185 Has Wuchtige, Bramarbasierende als die doch not¬
1136 2153 1596 2235 Hummer (A 201/31).
2119 2150 3169 2212 vorher unterrichtel war, so ist ihre Verantwortlich¬
123 2166 1143 2250 wendige hinreißende und bezwingende Persönlichkeit
2136 2206 3167 2288 keit doch durch die Erteilung der Bewilligung zur
1362 2191 1904 2277 Samstag, den 11. März.
123 2214 541 2298 nd Sieghaftigkeit.
2140 2249 2513 2316 Einfuhr gegeben.
1152 2250 2142 2322 Saal II um 10 Uhr vorm.: Rudolf Biach in
150 2247 1148 2334 Dieses echte Schnitzler=Spiel zwischen Wahrheit,
2162 2295 3174 2377 Zu ihrem Bedauern kann die Regierung auch nicht
1130 2309 2150 2384 Wien wider das Bundesministerium für Handel
133 2300 1146 2397 Pächerlichkeit und Sinnigkeit glitt auf den zarten
2139 2351 3170 2421 den Gesichtspunkt annehmen, daß es mit dem
1129 2356 2142 2418 und Verkehr wegen Entziehung der Erlaubnis
130 2356 1143 2438 Klängen von Gitarren=, Flöten= und Geigenmusik
697 2391 3174 2484 Rudolf Holzer. zur Führung von Kraftfahrzeugen (A 474/31); — Artikel 132 des Vertrages vereinbar ist, daß Aus¬
138 2425 556 2505 nmutsvoll vorüber.
