3484 4224
466 165 849 231 iebelei
967 163 1419 260 box 10/3
274 165 848 277 5. LaMSe
335 900 1461 984 Max Karfunkel's Nachrichten-Bureau „Argus“
417 972 1411 1046 Berlin C., Poststrasse 29. Telephon V. 1227.
1198 1033 1382 1114 Paris.
439 1041 676 1115 London.
784 1030 1081 1111 New-Vork.
358 1110 1478 1168 (Liest alle Zeitungen der Welt und liefert ans denselben
549 1160 1263 1223 Ausschnitte über jeden Gegenstand.)
635 1312 1163 1404 Neue Badische Landeszig.
814 1377 1130 1458 Mannheim.
767 1549 1087 1680 7-TEB.96
2249 1665 2550 1738 B
1514 1696 1630 1759 F TRD
944 1700 1299 1785 Mn
1481 1695 3299 1797 verliert, sondern daß es auch den unabweislichen Forder-1 seine Tochter verliebt ist, aber er
1484 1738 3279 1840 ungen der Bühne gerecht wird und ein Menschenschicksall weil er weiß, daß sie ihr einziges
1491 1782 3237 1880 zum tragischen Abschlng bringt. Die Handlung ist klein, noch einmal zurück, um Thristin
420 1799 1418 1880 Arthur Schnitzler's Schauspiel „Liebelei“
2624 1825 3219 1884 sie hängt bebend an seinem Ha
1492 1842 2250 1931 aber klar und konseqnent durchgeführt.
2618 1864 3222 1926 nicht jene Liebe für sie empfind
345 1861 1503 1930 ist, wie bereits berichtet, am Deutschen Theater in
2008 1864 2620 1948 von dem Gedanken aus, daß
1555 1896 1859 1953 Arthur Schuft
2631 1901 3226 1956 und daß die Reise, die er vorso
342 1908 1496 1975 Berlin mit einem entschiedenen und starken Gesolge zum
1987 1919 2626 1980 #n kann, sondern daß er auch
1488 1929 1827 2005 ein Mann nicht
2616 1944 3235 1995 schied für immer bedeutet. Die
344 1954 1493 2012 ersten Male aufgeführt worden, „Die gesammte Bertinen
1996 1945 2623 2020 #s elden Fritz leichtlebiger
1499 1973 1943 2047 zuweilen liebeln Mnste
2622 1980 3263 2041 feineren, intimeren Stimmungen
352 1989 1493 2049 Presse spricht sich sehr auerkünend über Schnitzl##
2220 1990 2624 2059 guf, daß die Frauen
1541 2000 2051 2071 und Theodor stellt soge
2632 2016 3322 2075 dringlich wie der erste mit seiner
352 2030 658 2104 Dichtung aus.
2303 2035 2623 2091 sondern daß sie
1648 2034 2149 2106 Recht haben, interessant
2632 2048 3376 2121 Spannung, aber der Verfasser konnte
444 2041 1487 2117 So schreibt Max Schönau im Kl. Journg „Liebele
2377 2068 2633 2129 im Grunde
1663 2089 2155 2144 gessant zu sein brauchen.
1497 2100 1623 2154 nur
2413 2096 3281 2162 ##itig sind. Mal vor der Gardine erscheinen.
353 2103 1488 2161 ist eine sehr einfache dramatische Geschichte, aber diese Ge¬
1776 2127 2192 2185 die Frauen lieben, 5#
2700 2125 3372 2200 Und das Publikum folgte ihm we
1499 2135 1794 2191 eigentlich nur
2486 2148 2633 2197 feschen
347 2141 1499 2199 schichte hat ein Poet erzählt, der den Menschen nicht blos
1502 2158 2243 2216 Aus diesem Grunde hat Theodor mit
2625 2168 3326 2246 Schluß. Der dritte Akt bringt
351 2182 1500 2241 abgeguckt hat, wie sie sich räuspern und wie sie spucken,
1516 2196 2360 2265 wie eichtlebigen Modistin ein Verhältniß an
2628 2209 3329 2284 als die Nachricht, daß Fritz
355 2199 1510 2277 sondern der ihnen auch ins Herz zu sehen vermag und den
1496 2235 2431 2314 um seinem Freunde Fritz, dem das Blut etwas
2626 2252 3345 2315 Aber wie diese Nachricht, die
355 2266 1504 2319 Sinn jenes feinen Geflechts von Nerven und Adern, von
1500 2267 2512 2332 langsamer durch die Abe## fließt, eine ähnliche
2636 2285 3319 2349 vorbereitet wird, wie Christine
356 2301 1499 2366 Gedanken und Empfindungen zu deuten weiß, das wir
1510 2305 2525 2377 haltung zu verschaffen, hate ehn mit einer Freundin
2629 2318 3362 2396 Fe##nde, der schon von der Beerdigung
346 2333 1504 2402 Leben nennen. Ich glaube gern, daß die „Modernen“
1507 2353 2622 2417 Freundin zusammengebracht. Fue Fritz war eine solche Ab¬
2629 2365 3338 2435 von den stummen, zuckenden Lippen
369 2378 1506 2439 Schnitzler zu den Heren rechnen, und will deshalb nicht
2223 2379 2633 2440 durch ein Verhältniß
1503 2397 2070 2472 lenkung um so nothwendiger.
2630 2406 3224 2473 ruht, bis sie weiß, daß der M
357 2418 1503 2470 mit ihnen streiten. ##ir ist es ungemein gleichgiltig, ob ein
2310 2421 2634 2481 nz melancholische
1511 2426 2132 2501 zu einer verheiratheten Frau schon
2631 2450 3157 2500 Andere in den Tod gegal
360 2455 1495 2524 „Junger“ oder ein „A#ter“ geschrieben hat, und nur gegen
2277 2459 2639 2522 Mmung und un¬
1500 2475 2067 2547 Stimmung geratben war. U
2633 2487 3186 2546 schlichter und überzeugender
366 2499 1498 2551 den eingebildeten Uebermuth jener „Jungen“, die die allein¬
2267 2495 2637 2565 zu werden, stürzt
1501 2509 2139 2579 aufhörlichen nervösen Erregunge
2644 2525 3222 2581 wie sie nur einem echten un
368 2530 1503 2588 seligmachende Kunst gepachtet zu haben glauben, kann
1514 2537 2644 2616 Fritz sich Hals über Kopf in diese neue Liebelei mit
2648 2562 3232 2623 Thristine will von Trost nichts
363 2573 1506 2631 man nicht oft genug Front machen. Im Uebrigen giebt
1510 2580 2636 2645 Christine, der hübschen Tochter des Geigers Hans
2642 2603 3232 2663 fort, und während ihr alter 2
355 2609 1504 2680 es für mich nur schlechte oder gute Stücke, und „Liebelei“
1501 2611 2648 2705 Weiring, der im Orchester eines Wiener Vorstadttheaters
2639 2635 3223 2699 sammenbricht: „Die kommt ui
364 2660 950 2728 ist ein ausgezeichnetes Stück.
1511 2658 2635 2732 beschäftigt ist. Mit einem flotten Souper à quatre setzte der
2801 2683 2866 2726 * —
2639 2679 3220 2743 wieder! — fällt der Vorhan
436 2675 1505 2741 Arthur Schnitzler hat vor diesem Schauspiel nur ein
1511 2693 2642 2769 erste Akt ein, bei dem die Modistin Mizi ihrer Vorliebe
2646 2717 3219 2779 auch am Schlusse immer wied
356 2724 1513 2780 einziges dramatisches Gedicht aufführen lassen. Es hieß
1514 2729 2646 2803 für süßen Wein und süßere Torten mit ursprünglichstem
2643 2754 3221 2813 in diesen ehrlichen, vollauf ve
371 2763 1514 2824 „Märchen“ und erlebte in Wien im Deutschen Volkstheater
1511 2772 2641 2837 Behagen sich hingiebt. Aber schon bei diesem tändelnden
2653 2791 3274 2860 diesmal kein Zeichen der Mißstim
373 2803 1508 2875 einen eklatanten Mißerfolg. In Berlin ist der Dichter
1515 2803 2647 2886 Geplander, das mit bestrickender, graziöser Frische geführt
2631 2836 3295 2892 Verkannt, daß ein Poet zu ihm ge
371 2832 1515 2904 gestern zum ersten Mal und mit völlig reinen Händen vor
1520 2851 2644 2918 ist, offenbart sich, daß Christine doch ein ganz anderer
2648 2881 3372 2938 viel Gutes und Schönes zu erhoffen
370 2886 1508 2938 ein Publikum getreten das er sich im Fluge erobert hat.
1519 2884 2662 2955 Charakter ist, als die leichte Mizi, und daß ihr die Liebelei
364 2917 1507 2981 Man wußte wohl, daß „Liebelei“ schon in Wien und Frank¬
1516 2937 2671 3003 zur großen Liebe wird, die ihr ganzes Leben entscheidend.!
379 2958 1510 3016 furt a. M. erfolgreich in Szene gegangen war, aber man
1526 2963 2667 3037 bestimmt. Das fröhliche Mahl wird jäh unterbrochen.
364 2997 1510 3056 weiß ja auch, daß das Berliner Publikum sich durch solche
1512 2999 2673 3064 Der Gatte jener Frau, die Fritz geliebt, kommt. Er hat
366 3033 1521 3110 Erfolge vom Hörensagen nicht gern beeinflussen läßt. Im
1512 3048 2435 3114 Alles entdeckt und ein Duell ist unausbleiblich.
371 3072 1517 3141 Gegentheil, es fühlt sich dann erst recht kritisch gestimmt,
1581 3075 2667 3148 Der zweite und dritte Akt svielen in dem einfachen,
366 3123 1526 3178 and um so höher ist der gestrige Erfolg des neuen Schau¬
1514 3125 2662 3190 wohnlichen Zimmerchen Cheistine's. Der alte Weiring, den
374 3158 857 3227 spiels zu veranschlagen.
1515 3163 2675 3224 eine klatschsuchtige Nachbarin gegen seine Tochter aufhetzen
460 3187 1521 3249 Auch in „Liebelei“ ist, wie in den meisten realistischen
1526 3205 2676 3263 vill, ist ein stiller, feinfühliger Mensch, der über seinem
362 3225 1529 3277 Dramen, wenig Werth auf die eigentliche Handlung gelegt.
1518 3237 2673 3321 Violinspiel das Denken keineswegs verlernt hat. Er ver¬
380 3272 1520 3319 Sie ist dunn und durchsichtig und sie würde für drei Akte
1522 3274 2682 3350 theidigt eine Theorie, die für unsere üblichen moralischen
360 3306 1526 3359 Kaum ausreichen, wenn der Dichter es nicht verstanden
1518 3316 2678 3395 Anschauungen vielleicht etwas befremdlich wirkt, der man
367 3346 1517 3402 hätte, sie mit einer Fülle fein beobachteter Details zu um¬
1526 3371 2675 3427 aber eine starke innere Berechtigung kaum abzustreiten ver¬
375 3380 1524 3458 (kleiden und sie durch die klare, plastische Schilderung auch
375 3399 2689 3485 der leichtesten Gefühlsübergänge zu vertiefen. Diese Vor¬#mag. Er meint ganz ehrlich, was denn ein armes, junges
379 3423 2691 3527 züge jedoch sind schließlich auch manchem anderen der Mädchen, das abseits im Schatten des Lebens erblüht ist,
390 3507 2705 3556 heueren Dramen eigen, aber was „Liebelei“ vor ihnen den von all seiner Bravheit eigentlich hat wenn es darüber zur
377 3554 2675 3610 Vorzug giebt, ist die Thatsache, daß es auch ein wirkliches alten Jungser eintrocknet, ohne je sich auch nur an einem
380 3555 2687 3657 Theaterstück ist, daß es sich nicht in vage Stimmungsmalerei Schimmer von Glück erfreut zu haben. Er ahnt längst. das
