3484 4256
176 225 728 317 5. Liebelei
365 230 1299 340 box 13/8
576 673 990 764 Telefon 12801.
177 751 1463 908 ex. Weigl’s Unternehmen für Zeitungs-Ausschnitte
1092 875 1325 941 Ausschaltt
446 851 1091 1013 OBSERVER“
1080 939 1388 1029 Nr. 2
191 947 1486 1100 Fr. behördl. cone. Bureau für Zeitungsberichte u. Personalnaebrichten
216 1041 1328 1189 Wien, IX, Türkenstrasse 17.
408 1124 1081 1237 — Piliale in Budapest: „Pigyela“
187 1177 1469 1331 egen in Berlin, Chicago, Genf. London, Newyork, A'wis, Rom, Stockholm.
188 1302 1217 1444 chnitt aus: jiustr. Wiener Extrabiall
182 1440 580 1526 2/12 1200
1236 1904 2268 1988 kennen zu lernen. Auch meine Hochzeitsreiss führte
2359 1915 3248 2003 „Sailicler s „Liebelei werden wir ebenfalls
226 1911 1580 2022 Ein Plauderstündchen mit Agnes nich nach Wien.“
2268 1947 2619 2030 on Ihnen Horch
2880 1987 2936 2026 ##
1347 1968 2311 2063 „Es hieß wiederholt, Sie würden im Burg= —
604 1986 888 2063 Sorma.
2332 1984 3258 2057 „Jc liebe diese Dichtung. Sie ist wie von
1235 2016 1826 2092 theater spielen?“ bemerkte ich.
2229 2036 3217 2102 Grillpaer Geist erfülle Die Christite har Aehnlich¬
342 2033 1256 2116 Graf und Gräfin Minotto wohnen im Hotel
1348 2045 2233 2122 „Ich erhielt oft Anträge. Zuerst von Wilbrandt.
2228 2060 3231 2134 keit mit Herd, zu der gewiß eine Wienerin Mo¬
237 2071 1230 2138 „zum gränen Baum“ in Baden. Die Gräfin Minotto
1248 2102 2221 2149 Dann kam — ich glaube, es war unter dem Pro¬
2233 2108 3172 2162 dell gestanden ist. Nur der Dialekt macht m
241 2129 2223 2200 heißt in der Welt der Coulissen — Agnes Sorma.hisorium mit Sonnenthal — Herr Hartmann zu mir
2228 2160 3170 2226 Schwierigkeiten. Ais ich die „Liebelei“ studirte, faß
239 2168 2230 2239 Auf ihren Wanderfahrten ist die Künstlerin endlich nach Berlin, um mich für Wien zu engagiren. Zu¬
2230 2188 3161 2243 ich den Plan, die Rol#e hochveutsch zu sprechen.
239 2203 1232 2249 auch zu uns gekommen. Ihre Truppe hat in Wien
1240 2231 3185 2291 letzt hat Director Burckhard mich berufen. Doctor müßte mir aber bald sagen: „Das geht doch un
235 2244 1237 2288 Absteigequartier genommen: die Chefesse häl“ in
1237 2253 3164 2321 Burckhard schlug mir eventuell ein Ehrengastspiel vor. möglich.“ Dann legte ich mir einen Dialekt zure¬
244 2276 331 2328 Bal
418 2268 1231 2330 kaststation. Sie empfing mich in ihrem Salon
1241 2293 2231 2352 Leider mußte ich ablehnen. Ich wollte mich nicht
2224 2304 3182 2353 aus meiner schlesischen Heimat —ich bir Breslauern
238 2315 294 2362 11
443 2321 1224 2368 Agnes Sorma trug ein schlichtes schwarzes
1240 2333 2228 2380 binden. Ich werde nie mehr ein sires En¬
2276 2339 3191 2393 und aus Wienerischem doch das Gemist) kang
458 2357 1236 2406 braune Haar war zu einem Knoten ge¬
1233 2372 2221 2425 gagement eingehen. Ich habe sie satt bekommen, die
2228 2376 3175 2433 nicht recht. Jetzt glaube ich da verhältnißmäß
468 2400 1241 2441 über die gohe, weiße Stirne drängten sich
237 2392 292 2447 sa
1245 2408 2225 2452 Abhängigkeit von T##aterdirectoren. Das soll mir
2235 2419 3191 2463 Beste gefunden zu haben. Ich urchte mich vor dem
237 2434 306 2476 ein
475 2439 1236 2490 gellöckchen. Eine elegante Erscheinung
1238 2438 2223 2490 nicht als Feindseligkeit ausgelegt werden. Einigen
2234 2462 3193 2511 Dialekt — ach wie geene möchte ich „lerchenfelderisch“
469 2463 1236 2513 Ziererei und Wichtigthuerei, frei
242 2470 406 2537 ohne
1231 2471 2192 2537 Directeren bin ich sehr zu Dank verpflicht.t, aber —
2229 2487 3234 2536 sprechen köninen. Na, vielleicht erlerne ich es noch
230 2498 283 2556 4
354 2510 2222 2581 jeder Pose. Die Gestalt, etwas über ich will meine Freiheit mir bewahren, auch nach der
2232 2532 3238 2601 Mein Man, beherrscht die Wiener Mundart seyte
725 2533 999 2587 wie Lotte
251 2533 721 2607 Mittelgröße, ungefähr
989 2542 1233 2607 Mitt, doch
1240 2558 2218 2610 Richtung des Schaffens hin. Denken Sie, ich mußte
2228 2568 3001 2635 gut, ich habe von ihm Manches gelernt.“
434 2574 1232 2629 voll. Schöne, sehr gescheidte Angen
243 2583 382 2643 nicht
1243 2597 2160 2656 die Rautendrlein an siebzigmal en suite spielen.“
2331 2597 3223 2657 Graf Minotto ist in vielen Dingen der
233 2615 1241 2669 beltuchteren das intelligente, ein wenig blasse Gesicht.
1243 2608 2222 2743 stellen: o in Wien dar¬
2226 2650 3224 2705 künstlerische Berather seiner Frau. Der Graf hat
238 2653 1248 2707 Der Graf ist ein Mann in den besten Jahren. Die
238 2690 1246 2747 Minotto waren Patrizier in Venedig; das Geschlecht
2225 2694 3226 2745 Vieles gesehen, seine Urtheile sind die eines Mannes
1357 2696 2224 2771 „Das Burgtheater hat „Die versunkene Glocke“
2240 2727 3226 2776 von Geist. Er berichtete über einen Empfang bei dem
244 2726 1244 2777 ließ sich später in Oesterreich nieder. Der Gatte von
1253 2742 2222 2809 freigegeben. Sie wollen wissen, wie ich diese
2229 2774 3232 2830 deutschen Botschafter. Eine kleine Gesellschaft war
239 2772 1241 2817 Agnes Sorma ist in Hietzing geboren, er ist mit der
1248 2787 2224 2831 Phantasiesigur auffasse? Halb Kind — halb Teufe..
2232 2815 3227 2861 anwesend. Fürst Eulenburg nahm Gelegenheit, Frau
250 2804 1236 2851 Gräfin Schönfeld (Lomse Neumann) nahe verwandt.
1247 2829 2230 2874 Das elbische Wesen wird durch den Umgang mit
370 2851 1237 2898 räfin Schönfeld=Neumann hat trotz ihres hohen
2233 2848 3224 2902 Sorma lebhoften Dank zu spenden für „die muthige
1248 2866 2234 2921 Heinrich vermenschlicht. Ich kann auch teuflisch sein
405 2888 1237 2947 die Winterreise nach Wien nicht gescheut, um
2228 2887 3095 2947 That, deutsche Kunst nach Paris zu tragen.“
331 2885 412 2934 ers
1252 2898 2228 2965 — hier warf die geschätzte Rednerin einen schelmischen
2351 2915 3229 2970 „Es war ein Wagniß, aber es gelang“ — be¬
419 2921 1178 2971 des ersten Auftretens der Sorma zu sein.
241 2924 328 2982 Zeu
1777 2945 2225 2991 fragen Sie nur meinen
1228 2931 1723 3007 Blick nach ihrem Gatten
2230 2956 3225 3005 merkte der Graf — „die officiellen Kreise und das
365 2940 1240 3001 „Sie haben keine Ahnung“ — sagte die be¬
1241 2980 2227 3049 Mann. Ich glaube, es steckt ein Stück von Rautendel
230 2988 1247 3037 rühmte Gastin — „wie sehr ich mich auf dieses Auf¬
2233 2998 3226 3044 Publicum überboten sich in Artigkeiten gegen die
1240 3014 1412 3071 in mir.“
248 3034 1251 3083 treten vor dem Wiener Publicum freue. Das ist
2237 3034 2698 3100 deutschen Schauspieler.“
1372 3043 2239 3115 „Sie begimnen mit „Nora“ am nächsten
251 3071 1251 3119 mein Christkindl, das betrachte ich als mein
2335 3061 3229 3137 Sudermann's Drama „Johannisfeuer“ wird
1406 3089 1468 3137 525
1246 3086 1438 3162 Freitag?“
247 3104 1250 3163 schönstes Weihnachtsgeschenk. Wir waren
2240 3097 3228 3159 von Director Bukovics nicht freigegeben werden
1351 3122 2236 3203 „Ich wollte, dieser Freitag wäre auch ein
440 3145 1251 3190 Rumänien und sollten wählen zwischen
2241 3150 3236 3204 man wird also Frau Sorma als Marikke nicht sehen
1246 3164 2234 3228 Dreizehnter. Ich bin nämlich gar nicht abergläubisch.
453 3186 1249 3240 fluge in die Provinzstädte und einer kurzen
2232 3189 3228 3257 können. Die Künstlerin creirte diese Rolle in
1255 3219 2233 3263 Der Freitag und der Dreizehnte haben mir schon oft
458 3220 1252 3276 in Wien, um uns für das Debut im
2236 3231 3163 3287 Amsterdam. Sudermann kam selbst zur Première.
1258 3248 2233 3300 Glück gebracht. Als ich die „#ora“ zum hundertsten
433 3252 1246 3310 =Theater zu stärken. Fast alle Mitglieder
2337 3254 3219 3332 „Wie ich mich zu meinen Aufgaben stelle!
1247 3299 2233 3339 Male in Berlin gespielt hatte, schickte ich das Tam¬
238 3307 1243 3349 meiner Gesellschaft sind Oestekreicher, die meisten
2234 3310 3211 3362 Bitte, verlangen Sie kein langes Glaubensbekenntnif
1245 3326 2234 3382 bourin an Ibsen. Von dem vielen Hin= und Her¬
244 3338 1242 3385 Wiener. So entschloß ich mich, Rumänien vor der
2244 3355 3233 3403 von mir. Was ich nicht empfinden, was ich nich
1259 3370 2237 3412 werfen war das Instrument schadhaft geworden.
243 3379 1235 3429 Zeit zu verlassen. Meine Ankündigung: „Wir gehen
2239 3389 3232 3466 glauben kann, das bin ich nicht im Stande zu
1248 3403 2226 3450 Ibsen beantwortete meine Sendung mit freundlichen
247 3420 1237 3459 nach Wien“ wurde von dem Ensemble freudigst auf¬
2238 3420 2420 3489 spielen.“
1251 3445 2226 3497 Zeilen, deren Sinn ungefähr war: Das Tambourin
248 3448 1249 3497 genommen. Und so sind wir da. Ich kenne diese
2329 3461 2887 3535 Also sprach Agnes Sorma.
246 3492 2240 3524 schöne Stadt seit Langem. Wiederholt nahm ich hier konnte unter Ihren Händen Schaden nehmen, das
2827 3497 3208 3590 n
260 3529 1729 3586 Aufenthalt, um die Museen und auch die Theater Stück ist heil geblieben.“
