3484 4320
1816 -7 2819 64 eeennnencen
789 26 1822 81 der literarischen Produktion jenen Zug von geistiger
2833 27 3038 100 und daf
1827 49 2848 118 same Vernichtung? Für welche Schuld? Weil er sich
784 70 1825 119 und moralischer Askese ferngehalten, der uns in den
2842 82 3035 154 Frieden
1873 105 2839 160 wie ihm seine Frau haßerfüllt zuruft — sicher
793 113 1834 167 Werken nordländischer Naturalisten nicht immer an¬
2841 139 3025 212 weitere
787 160 2837 207 genehm anmuthet. Arthur Schnitzler ist der geglaubt und für den Verlust seines köstlichsten Be¬
2941 180 3047 244 B
1829 192 2836 250 sitzes nicht gezittert hat? Lüge, Verstellung und Grau¬
786 195 1833 256 Erste, der mit keckem Griff mitten ins warme Leben
1821 234 2842 280 samkeit sind nimmer Rechte der Seele. — In der
2842 216 3042 300 Offiziös
781 237 1833 292 hineingreift und uns mit aller Härte der Thatsachen
1823 270 2841 340 Wiedergabe des Duettes von Liebe und Widerwillen
777 287 1824 333 ein packendes Bild vor das Auge stellt, ein Bild
2828 278 3034 348 Sachen
1827 325 2830 375 zeigte sich Frl. Kallina ihrem Partner Herrn
774 327 1824 376 voll Wahrheit und voll Schmerz, aber auch voll
2836 330 3042 403 bedingur
788 377 2838 421 echter Poesie, die auch im Leben an allen Ecken undsHartmann stark überlegen. Sie war von dämo¬
2832 377 3049 443 seien nic
1822 411 2829 464 nischer Schönheit und Kraft in den aufflammenden
783 414 1821 464 Enden in zarten Blüthen zum Licht dringt, das
2842 427 3027 495 Frieden
785 454 2833 517 Starre mildert, das Lächeln adelt, die Thräne versüßt, Aeußerungen ihrer Leidenschaft. Die Größe und Viel¬
2832 469 3038 544 tinop
1825 492 2837 564 seitigkeit ihrer Begabung ist bewundernswerth. Das
913 501 1810 570 Schnitzler's Schauspiel behandelt die alte, alte
2806 527 3015 586 haben,
1828 536 2811 599 Haus war auch diesmal vollständig ausverkauft. X.
791 533 1817 600 Geschichte vom gebrochenen Herzen. Junges Blut
2800 566 3052 644 bewillige
792 583 1830 661 sucht Seinesgleichen und Eines nimmt die Sache zu
1923 605 3053 681 * (Volkstheater.) Johann Strauß' vor=ffür de
781 629 1807 688 tragisch. Die beiden Studenten Fritz Lobheimer und
1819 653 3045 732 jüngste Operette „Waldmeister“ ist nahezu der Waf
782 684 1806 730 Theodor Kaiser tändeln nach Studentenbrauch mit
1814 691 2843 759 anderthalb Jahre nach ihrer ersten Aufführung im
774 728 1815 784 zwei jungen Mädeln. Die „Schlagermizi“ die es mit
2831 721 3052 787 der Türk
1810 752 2834 819 Wiedener Theater auf der Budapester Operetten¬
780 747 1815 819 dem flotten Theodor hält, ist eine Lebensphilosophin,
2841 773 3052 838 Heeres a
1822 794 2831 846 bühne erschienen, wo dem Wiener Meister einst die
773 802 1817 880 wie er selbst. Sie kennt die Eintagsliebe Bruder
2832 815 3065 894 denen sie
1819 841 2843 910 größten Erfolge blühten. Dankbarkeit und Respekt
776 847 1820 906 Studios und ist zu jeder Stunde zum Brechen der
2934 875 3060 944 Ko
1817 886 2850 942 für den Komponisten der „Fledermaus“ und des
774 895 1806 956 alten und zum Knüpfen neuer Bande bereit. Die
1823 932 2844 992 „Zigeunerbaron“ öffnen dem Walzerkönig auch dann
2832 927 3072 1007 erfolgte
776 939 1819 992 kleine Christine aber, die Tochter des alten Theater¬
1811 972 2841 1022 die Pforten des Volkstheaters, wenn er nicht gerade
782 986 1806 1038 musikanten Weiring, liebt ihren Fritz mit der ganzen
2841 992 3051 1059 die D.
1823 1009 2835 1070 im Triumphwagen angefahren kommt. „Waldmeister“
776 1027 1805 1085 Gluth ihrer jungen Seele, die zum ersten Mal, aber
1809 1042 3061 1120 hat heute keinen Erfolg ersten Ranges errungen, der Me
772 1072 1807 1130 von der ganzen Sturmgewalt der Liebe erfaßt wird.
1814 1106 3067 1173 aber in der freundlichen Aufnahme des gewiß nicht! Pforte d
773 1131 1808 1177 Für Fritz aber ist auch sie nicht mehr wie ein an¬
1812 1139 2835 1197 packenden Werkes äußerte sich die ganze Sympathie des
770 1163 1808 1220 muthiges Spielzeug; er hat noch Zeit und Lust, auch
2842 1159 3070 1236 seligk
1811 1195 2844 1247 Publikums für den genialen Künstler und man nahm
779 1203 1817 1261 Besuche von Ehefrauen bei sich zu empfangen. Die
1810 1228 2840 1287 ohne Widerstreben die feine musikalische Mache, den
2842 1217 3084 1297 Grundbed
770 1240 1811 1304 jungen Leutchen begehen eben in der Wohnung
1823 1276 2840 1329 Reichthum der Arabesken, welche die üppige musikalische
777 1287 1818 1337 Fritzens ein fröhliches Symposion mit Wein und
2831 1272 3068 1365 stillstande
781 1327 2831 1388 Moccatorte, Blumen und Musit. Da klingelt es Verzierungskunst Strauß' in die Partitur hineinge¬
2838 1339 3066 1414 von zeh
1820 1362 2835 1417 zeichnet, gerne für die mangelnde Melodienhochfluth
771 1374 1806 1439 plötzlich. Die Gäste ziehen sich zurück und Fritz em¬
1820 1408 2837 1469 und den hinreißenden Schwung der Gedanken in
2829 1390 3076 1471 entsch
764 1418 1805 1489 pfängt den Besuch eines Herrn, der von ihm blitze¬
1818 1442 3073 1512 Tausch, die in Strauß' ersten Werken die Herzen ent= Landesgre
765 1467 1812 1522 sprühenden Auges den — vergessenen Schleier seiner
1808 1481 2834 1551 zückten. Zwei hübsche Nummern im ersten Akte, das
786 1507 1812 1574 Frau fordert. Der Verführer steht vor dem Rächer
2832 1511 3078 1589 griechische
1797 1523 2844 1595 duftige Blumenduett „O Jemine“ und ein Spiel¬
774 1549 1494 1622 beleidigter Ehre. Er stellt sich ihm.
1800 1596 3084 1648 sconplet zu Beginn des zweiten Aktes athmeten sogar des intern
887 1587 1821 1664 Anderen Tags besucht er Christine in der
1808 1624 3075 1720 eiwas wie alten Strauß'schen Zauber und wurden konvention
771 1634 1815 1710 Wohnung ihres Vaters und nimmt zärtlichen Ab¬
1814 1666 2838 1722 sehr beifällig aufgenommen. Das große Finale, das
783 1694 3033 1781 schied von ihr. Er müsse auf einen Tag verreisen. künstlerisch glänzenden Aufbau und ein poetisches brecher,
780 1748 3062 1823 In banger Ahnung wirft sich ihm Christine schluch= Walzerthema bringt, hätte nur eine kraftvollere In= Volo und
782 1788 3076 1887 zend um den Hals. Fritz fällt im Duell. Der alte terpretirung durch Regie, Chor und Orchester erfor= des Wasse
779 1835 2832 1873 Vater Christinens, dem sein Kind ihr Geheimniß dert, um zur schlagendsten Wirkung zu gelan¬
767 1864 1808 1942 anvertraut, nachdem er es schon längst errathen, er¬
2836 1867 3082 1948 mächtigten
1807 1896 2825 1944 gen. Der Text der Operette weist dem Komponisten
767 1916 2841 1994 fährt die Wahrheit, wagt aber nicht, es ihr mitzu= auch keine verlockenden Aufgaben zu. Die dickflüssige
2919 1922 3077 1999 Kon
765 1970 2844 2050 theilen, aus Furcht, auch noch sein Kind, sein Alles, Verkleidungsgeschichte, in der die naschhafte Galan¬
2831 1970 3019 2047 mittags
773 2020 2820 2080 zu verlieren. Schließlich vernimmt Christine die ent=terie eines Oberforstrathes einer Sängerin gegenüber,
2832 2032 3018 2107 statt.
764 2043 1808 2097 tsetzliche Gewißheit und wie zum Hohne noch den
1812 2063 2836 2130 die Liebe eines Forsteleven zur Braut des Forst¬
2969 2067 3082 2154 V
766 2098 1816 2152 Trost, Fritz habe auf dem Wege zum Duell „auch“
1800 2113 2830 2176 rathes, ein unbeholfener sächsischer Professor und
765 2144 2842 2222 von ihr gesprochen. Auch von ihr! So war sie ihm etwas Botanik besorgen in nicht sehr kurzweiliger
2913 2141 3085 2206 Kon
772 2178 1804 2231 nicht mehr gewesen wie eine Blume, ein Buch, ein
1813 2172 3071 2248 Weise den Themenwechsel der Handlung, die einerflicher I
764 2218 1811 2279 Spielzeug! Aufgelöst in Thränen, stürzt sie davon
1813 2234 3077 2295 ungarischen Theaterdarstellung fremd ist. In dassverwun
766 2247 1813 2344 und der greise Vater bricht schluchzend zusammen:
1801 2287 3088 2348 graue Milieu der Vorgänge bringen die häufigen transportire
768 2311 1465 2378 Sie kommt mir niemals wieder!
2686 2325 3087 2392 Farbe von Elassor
1806 2332 2691 2388 Verkleidungen des Fräulein Küry
887 2369 3079 2407 Obwohl uns statt der unvergleichlichen Besetzung und Abwechslung. Was der Operette an steht wegen
775 2408 3070 2464 im Wiener Burgtheater in einigen Rolien geradezu Chic fehlt, das gab die Künstlerin vom Eigenen Millio;
2822 2451 3076 2517 und Artiller
775 2443 2831 2520 beleidigende Ersatzleistungen geboten wurden, hinter=hinzu, und sie entfaltete den ganzen Reichthum
2820 2501 3092 2568 eine Nachbe
774 2493 2821 2564 ließen Stück und Darstellung einen mächtigen Ein= ihres von Einfällen und belebendem Esprit erfüllten
776 2540 1803 2596 druck. In der Darstellerin der Christine, dem blut¬
2918 2545 3095 2602 Dom
1813 2545 2819 2607 Talents, das überallhin Glanz trug, wo Dichter und
769 2577 1799 2655 jungen Fräulein Medelsky — die beneidens¬
2831 2571 3077 2653 Sämmtliche
1802 2596 2820 2651 Komponist Schatten gelassen haben. Die vielen
764 2636 1799 2690 werthe kleine Dame zählt erst siebzehn Lenze! —,
2831 2636 3077 2690 salus wurd.
1802 2637 2829 2697 Bravourstücke der Künstlerin wurden mit dem
762 2681 1806 2739 lernte man ein Talent allerersten Ranges kennen.
1811 2685 3069 2758 reichsten Beifall und überreichen Blumenspendensgesteckt.
772 2717 1795 2778 Das anmuthige Fräulein vereinigt in sich Jugend,
2974 2720 3093 2781 the
1802 2726 2828 2782 honorirt. Nächst ihr holte Frl. Komäromy für
766 2767 1810 2830 Poesie, Wärme, Natürlichkeit und Verständniß. Man
1801 2744 3088 2825 ihre stimmlichen Leistungen größeren Beifall; von Soldat¬
764 2802 2828 2867 wird von Frl. Medelsky noch sprechen. — den Herren vermochte allein Herr Tollagi, der
2827 2809 3091 2874 Nachmittags
776 2852 2820 2913 Vorzügliche Leistungen von scharfer Charakteristik den sächsischen Botaniker gibt, die Lachlust des vollen
2828 2853 3062 2925 Kretahi¬
767 2883 2820 2977 und sorgfältiger, einheitlicher Durchführung boten Hauses zu befriedigen. Nach den Aktschlüssen wurden
2824 2895 3065 2967 heute Früh
772 2934 1813 2989 Fräulein Kallina und Herr v. Zeska in
1798 2940 2484 3006 die Darsteller mehreremal gerufen.
2917 2939 3077 2999 Athe
769 2987 1813 3055 der Darstellung des leichtfertigen Liebespaares.
1970 2963 3086 3049 (Im Sommertheater im Stadtwäldchen) tags. („Agen
767 3025 1790 3075 Fräulein Kallina zumal (nebstbei die einzige Dar¬
1806 3028 3075 3075 wurde heute die Saison eröffnet. Das Debut der die Türken
765 3074 1794 3130 stellerin, die den anheimelnden Wiener Dialekt voll¬
1802 3069 3042 3139 Bühnengesellschaft, welcher mehrere von früher be= Erzbischof
769 3099 3077 3190 kommen beherrscht) schuf eine Figur von lebens= kannte und anerkannte Kräfte angehören, gestaltete schickt, um
761 3162 2823 3215 warmer, gewinnender Realistik. Die Besetzung der sich ziemlich verheißungsvoll. Zur Aufführung ge¬
766 3201 3099 3270 anderen Partie ist keines Lobes, kaum der Erwäh= langte eine Posse mit Gesang „Kikapos ferjek“ keine diesbez
765 3250 1803 3313 nung werth. Der schlaue Impresario, dem sein
1791 3239 2817 3308 nach einer fremden Idee vom Arader Advokaten Karl
2900 3248 3080 3315 Athen
768 3274 1803 3352 Schmuggel diesmal so gut gelungen war, steht stark
1793 3296 3089 3352 [Rado aufgearbeitet. Das Sujet des Stückes ist war der bilt
765 3336 2812 3395 in der Schuld des Publikums. Wir sind begierig, in nicht ganz neu — Herren aus der Provinz gehen in
2814 3350 3073 3413 Bairakt
778 3390 2813 3434 welcher Währung er im nächsten Cyklus zahlt. Wie die Hauptstadt, um sich hier zu amusiren, werden
2813 3390 3088 3461 Gribovio¬
774 3421 1792 3499 bereits erwähnt, erzielte das Stück einen durch¬
1797 3430 2821 3480 aber von ihren Ehegesponsinen überrascht; die Komik
2813 3439 3088 3520 darunter 280
774 3459 1174 3546 schlagenden Erfolg.
1795 3467 2807 3535 besteht in mehr=minder drolligen Situationen und
2820 3498 3051 3573 geschwächt,
901 3495 1800 3570 Geringeren Eindruck machte das überklügelte
1795 3511 2804 3571 Verwechslungen. Das Publikum amusirte sich sehr
2804 3551 3085 3609 heuteau
763 3545 2814 3627 Schauspiel Giacosa's „Die Rechte der gut und honorirte die Darsteller mit zahlreichen Her¬
2804 3592 3068 3659 würde den
772 3593 2805 3663 Seele“. Der berühmte Autor behandelt mit vorrufen. Nach dem ersten Akte erschien auch der
771 3639 3085 3712 scharfer Bühnendialektik ein interessantes Problem, Autor vor der Rampe. Von den Darstellern seien dieschen=Aru
766 3672 3088 3756 das er in verletzender, fast brutaler Weise löst. Ein Damen Bogyi, H.=Lévai, Rönaßeki, Plan war, sie
756 3728 3098 3809 junger Gatte erfährt nach fünfjähriger Ehe, daß Halmai, Miklösi und Läng und die Herrensvolis is
