3344 4224
253 145 605 217 Liebelei
774 138 1211 232 box 13/5
302 521 899 669 Tie den-don geluich vies
481 642 730 732 2.0KI.
345 799 908 870 Théätre du Vieux-Colombier.
936 855 992 899 ur
405 852 894 903 a play in three acts, by 4
248 867 292 945 5
349 862 986 928 Mitzier, and -Les Derniers Masgues. a
286 911 996 964 offe-nerplay, by the same author, both
289 948 898 1000 translated by Mme. Suzanne Clauser.
289 967 1003 1047 Interest here is more in the art of
260 1020 991 1085 Mme. Ludmilla Pitoéff than in the
459 1070 529 1103 ——
247 1101 995 1140 forty-year-old Schnitzler play. Movie
249 1140 995 1200 color has vivified Tiebelei“ on the
264 1178 1000 1217 screen. Quaint as the Pitoéff produc¬
258 1212 927 1262 tion is, it has failed in this respect.
288 1240 990 1289 The great emotional outburst of
265 1274 1004 1326 Christine when she finds her lover has
252 1320 995 1376 been killed in a duel over another
255 1361 993 1413 woman is as noteworthy as it should be.
244 1411 1001 1464 Otherwise the play moves slowly. The
246 1431 989 1500 curtain-raiser.Les Derniers Masques,“
248 1487 749 1543 is much more effective.
178 1667 998 1784 „OBSERVER'
275 1769 961 1828 I. österr. behördl. konzessioniertes
228 1820 990 1887 Unternehmen für Zeitungs-Ausschnitte
306 1867 933 1950 WIEN, I., WOLLZEILE 11
370 1928 856 1996 TELEPHON R-23-0-43
185 2066 561 2138 Ausschnitt aus:
403 2103 1037 2245 Reue Züricher zellung, Lüfion
191 2305 341 2355 vom:
423 2340 717 2442 = 3 0KT.
408 2461 856 2555 Kleine Chronik
197 2529 1123 2623 Monitler in Paris. M. K. Während-der
157 2590 1114 2650 letzten Saison hatten die Pitoöffs Glück
153 2645 1125 2700 mit Schnitzlers „Reigen“. Aus Dankbarkeit geben
170 2677 1122 2747 sie nun, wo sie sich im Vieux=Colombier installiert
163 2738 1124 2786 haben, die „Liebeleis. Die reizendste Insze¬
163 2777 1110 2824 nierung aber hilft so wenig wie vor anderthalb
167 2802 1122 2871 Jahren beim „Anatol“ darüber weg, daß sich die
157 2853 1123 2916 Wiener Holdheit und Schwermut nicht übersetzen
166 2889 1124 2957 und nicht an die Seine versetzen läßt. Die Süße
163 2945 1120 3002 verliert sich. Christine kommt nicht auf gegen
166 2988 1122 3032 Mimi Pinson, die Pariser Variante des „süßen
159 3021 1125 3081 Mädels“, das doch etwas mehr Geist und Witz
165 3054 1119 3128 hat. In der mangelnden Atmosphäre treten zu¬
167 3116 1124 3173 dem die technischen Lässigkeiten des Stückes stär¬
162 3154 1119 3216 ker hervor. Bei dieser vergilbten Gravüre schwingt
170 3239 1135 3306 für den Pariser nichts mit. Und für uns, denen
180 3286 1124 3337 „Liebelei“ einst ein hübsches Erlebnis war, tönt
166 3330 1126 3370 nur ein ferner Ton aus einem verlorenen Para¬
162 3365 1132 3426 dies herüber. Vielleicht spekulierte man auf die
166 3415 1128 3471 jetzige 1900=Mode. Der Theaterzettel wenigstens.
163 3459 1120 3517 versetzte die Handlung „in den Anfang des Jahr¬
170 3503 1122 3551 hunderts“ Aber die Wahrheit bestätigte sich, daß
177 3538 1129 3603 für unsere Perspektive die echten 1900=Stücke un¬
166 3575 1130 3645 wahr und schal erscheinen, während die retrospek¬
167 3625 1120 3689 tiven 1900=Stücke, die heute fabriziert werden, die
160 3665 1127 3731 richtige Atmosphäre geben. An dem hinter den
156 3714 1122 3772 Erwartungen zurückstehenden Ergebnis war zu¬
159 3760 1129 3814 dem wohl auch die mangelhafte Besetzung mancher
157 3790 1112 3859 Rollen schuld. Balpetre gab einen annehmbaren
163 3843 1118 3887 Weiring, Agnes Capri eine lustige Mizzi. Lud¬
159 3883 1119 3942 milla Pitoöff hatte sich die Rolle der Christine
166 3927 1112 3987 vorbehalten. Das süße Mädel liegt ihr aber nicht.
160 3970 1118 4031 Der Abend begann mit einer viel lebhafter ge¬
152 4012 1125 4060 rätenen Wiedergabe der in Paris früher schon
155 4060 809 4122 gesehenen „Letzten Masken“
1756 965 2597 1061 „OBSERVER'
1863 1053 2551 1115 I. österr. behördl. konzessioniertes
1830 1104 2569 1163 Unternehmen für Zeitungs-Ausschnitte
1902 1155 2512 1226 WIEN, I., WOLLZEILE 11
1963 1221 2430 1280 TELEPHON R-23-0-43
1787 1345 2502 1467 Ausschnitt aus:
1932 1462 2284 1542 àbendbl
1785 1583 1931 1645 vom:
2019 1598 2516 1705 — 4. OKT. 95
1963 1817 2450 1903 „Liebelei“ in Paris
1800 1868 2651 1960 * Unser Gd.=Korrespondent schreibt uns
1746 1938 2042 1995 aus Paris:
1792 1978 2656 2038 Im Theatre du Vieux Colombier
1743 2022 2656 2088 spielten die Pitoeffs Schnitzlers „Liebe¬
1739 2075 2635 2127 lei“. Pitoeff hatte bekanntlich in der letzten
1733 2117 2653 2177 Saison mit einer Aufführung von Schnitz¬
1745 2161 2651 2215 lers „Reigen“ („La Ronde“) einen nach¬
1747 2194 2659 2258 haltigen Serienerfolg und man darf die Auf¬
1751 2240 2653 2297 führung der „Liebelei“ als einen Akt der
1754 2284 2654 2335 Dankbarkeit bezeichnen, den der berühmte
1756 2326 2646 2390 russische und seit langem in Paris anlässige
1745 2377 2587 2427 und eingebürgerte Regisseur setzen wollte.
1775 2411 2651 2454 Ludmilla Pitoeff spielte selbst die Chri¬
1743 2465 2634 2517 stine. Man weiß, daß sie eine Art französisch¬
1760 2507 2645 2562 russischer Bergner ist. Die Rolle des „süßen
1745 2535 2647 2596 Mädels“ liegt ihr also eigentlich nicht recht¬
1741 2584 2644 2639 Die Inszenierung durch ihren Gatter war
1739 2632 2629 2696 reizend. Aber es läßt sich nicht leun# daß
1743 2674 2651 2727 das Wienertum, das in Schnitzlers „###lei“.
1737 2708 2653 2768 beschlossen liegt, sich nur allzu schwer ins
1741 2753 2637 2809 Französische übertragen läßt. Mimi Pinson,
1749 2803 2650 2858 die Heldin der „Boheme“ wird den Parisern
1738 2841 2644 2909 immer näher stehen als die Christine der
1743 2889 2640 2937 „Liebelei“. Die gewissen dramaturgischen
1752 2924 2637 2992 Mängel dos Stückes treten für das Pariser
1750 2966 2625 3024 Publikum, bei dem nicht die Saiten eines
1743 3009 2637 3075 persönlichen Erlebens angeschlagen werden,
1734 3060 2045 3125 stärker hervor.
1781 3089 2575 3162 Das Programm versetzte die Handlung „
1741 3146 2622 3200 den Beginn des Jahrhunderts“ Aber auch
1739 3180 2638 3239 diese Rückversetzung in die Atmosphäre der
1739 3233 2627 3278 Entstehungszeit des Stückes nützte nicht viel.
1740 3268 2614 3328 Allerdings waren auch manche Rollen nicht
1737 3312 2629 3371 zureichend besetzt. Das gilt nicht für den recht
1747 3367 2620 3418 guten Weiring des Herrn Balpetre und
1741 3404 2626 3460 die recht amüsante Mizzi Mlle. Capris.
1750 3454 2626 3512 Der Erfolg blieb weit hinter den Erwartun¬
1744 3493 1992 3555 gen zurück.
