3436 4224
249 175 653 262 Liebelei
244 172 1241 285 Sessser box 12/7
1695 609 2919 687 ### o dieser Betanntmachung müssen auch Mietverträge über
543 632 1033 741 Die Angelegenheit der
1699 668 2908 716 möblierte Zimmer vom Vermieter dem Wohnungsamt an¬
144 648 485 760 eachten ist, daß
919 692 1248 785 Decla-Bioskop
1708 698 2923 779 gezeigt werden. Als Norm für die Festsetzung des Mietpreises
151 723 324 807 pflegt.
1705 771 2920 842 sind vom Ausschuß für das Wohnungswesen den Mieteini¬
492 747 1699 850 will nicht zur Ruhe kommen, da die Aktionäre sich durchaus
1693 813 2914 882 gungsämtern folgende Richtlinien gegeben worden: Der Miet¬
470 831 1692 882 nicht mit der Fusion Nationalfthn einverstanden erklären wol¬
1132 860 1181 895 15
744 877 1352 943 S
1385 882 1564 935 Ssternemrmammn
1681 871 1838 937 Weeereerreruen
551 922 1700 983 Wie wenig er den Sinn dieses Schauspiels erfaßt hat,
1709 925 2915 985 repräsentativsten, als er im Panoptikum in Hemdär eln „er¬
495 971 1692 1037 zeigt das Vorspiel zum dritten Akt. Hier schildert Neumann in
1700 981 2906 1048 schüttert“ dastand. Eugen Gottlieb, der musikali# Lei¬
493 1030 1690 1091 einem breit angelegten sinfonischen Gemälde den Zweikampf
1706 1015 2912 1087 ter, hatte das Blüthner=Orchester trefflich einstudiert; ob er
490 1075 1694 1135 und Tob Fritz'. Es ist nicht mehr wie natürlich, daß sich der
1707 1071 2916 1140 der schwierigen Partitur in allen Teilen gerecht wurde, mag
1706 1122 2922 1196 dahingestellt bleiben. Maximilian Moris, der künstlerische
489 1109 1704 1186 Tondichter diesen großartigen Vorwurf für sein Tondrama
144 1141 487 1238 apellmeister des
1708 1154 2923 1241 Leiter, hatte für ansprechende Szenenbilder und — soweit
494 1171 1700 1228 nicht entgehen lassen durfte, und es ist vor allem anzumerken,
143 1216 490 1287 durch Richard
1713 1230 2348 1303 möglich — flottes Spiel gesorgt.
486 1212 1704 1283 daß dieses Musikstück an sich ein hervorragendes tonmalerisches
2612 1213 2886 1293 Rich. Berg.
124 1261 479 1333 Schnitzlers „Lie¬
486 1271 1698 1322 Gebilde ist. Aber Franz Neumann begnügt sich nicht mit
1780 1279 2923 1354 „Traumulus“ von Arno Holz und Oskar Jerschke
151 1314 484 1374 mals in seiner
496 1321 1693 1381 dem Vorteil, den er an sich schon durch seine Tonsprache gegen¬
1704 1345 2922 1402 im Residenztheater zu neuem Leben erweckt. Es lohnte
160 1373 483 1430 isches Blut zu¬
490 1372 1697 1430 über dem Wortdichter hat Jeder, der dem Gang der Hand¬
1707 1383 2925 1450 sich, wenn auch die Persiflagen auf die wilhelminische Aera
154 1409 489 1481 die Oper „Lie¬
493 1417 1708 1481 lung gefolgt ist, weiß, was dieses Tongemälde zu bedeuten
1705 1435 2938 1505 heute merkwürdig anmuten. Es lohnte sich, weil man Albert
157 1460 485 1528 ls viel beachtet,
495 1475 1695 1541 hat. Neumann aber schätzt sein Publikum noch tiefer ein.
1710 1487 2922 1547 Bassermann (Traumulus), Wilhelm Bendow (Brutus)
156 1516 485 1580 Mun ist es vom
498 1517 1698 1574 Er läßt inmitten des Vorspiels zwei Schüsse ertönen, und un¬
1707 1542 2922 1604 und Albert Patry (Landrat von Kannewurf) zur Verfügung
161 1561 481 1633 rgesiebelt und
490 1556 1705 1612 mittelbar darauf hebt sich der Vorhang zu — einem lebenden
1716 1589 2925 1652 hatte, die von dem übrigen Ensemble trefflich gestützt wurden.
159 1606 485 1673 ommeroper, die
497 1616 1697 1672 Bild! Oder vielmehr zu einem toten. Wir sehen den Aus¬
1717 1644 2914 1705 Bassermann in der Rolle des in seiner Lebensphilosophie
164 1668 486 1728 Opernregisseurs
495 1671 1701 1731 gang des Duells. Fritz liegt erschossen am Boden, Theodor
1716 1682 2923 1742 erschütterten, alternden Gelehrten, der das Gute glaubt und
167 1720 493 1776 rd seines Blei¬
499 1717 1699 1777 beugt sich weinend über ihn. Diese Geschmacklosigkeit ist
1713 1732 2928 1799 das Schlechte nie erkennt, ist in der Tat ein Erlebnis. Er geht
175 1764 488 1829 sich die Opern.
493 1765 1699 1820 schauerlich! Das ist Panoptikum, das heißt, ein Werk nicht
1715 1778 2921 1846 mit seinem Schmerz um den irregeleiteten Zögling an die
171 1810 481 1875 weil die Oper
499 1819 1702 1879 vertonen, sondern esverkitschen. Damit ist aber auch
1701 1829 2928 1902 Nieren. Prachtvoll Wilhelm Bendows jugendliche Ge¬
168 1856 484 1941 kann, das das
489 1869 1701 1939 die großartige Steigerung der letzten Szene bei Schnitzler ver¬
1707 1890 2928 1944 staltungskraft, von der man mehr sehen möchte. Wie er dem
496 1906 1699 1964 nichtet. Das Publikum, ein mit Keulenschlägen wissendge¬
1715 1930 2924 1994 verehrten Lehrer seinen Fehltritt gesteht und durch einen Blick.
496 1954 1708 2001 machtes, steht den Schmerzensusbrüchen Christines fremd und
159 1932 493 2023 üssen wir uns
1712 1984 2921 2050 seiner Dulcinca vom Pfade der Wahrheit abweicht, mit wel¬
497 1999 1706 2074 teilnahmslos gegenüber. Hier wird Vernunft Unsinn, Wohl¬
160 2006 483 2080 d die tiefe Wir¬
1712 2031 2921 2098 chem zu Herzen gehenden Ausdruck er schmerzerfüllt Ver¬
493 2044 749 2125 tat Plage!
179 2062 483 2125 der Handlung,
1715 2086 2927 2152 zeihung erfleht, ist ergreifend. Leider wurden oft die besten
563 2077 1700 2158 Man müßte in diesem Vorspiel einen kräftigen Strich
176 2109 484 2175 unkompliziert.
1711 2144 2926 2196 Szenen durch unverständliches Lachen und Räuspern urteils.
499 2156 1702 2213 machen, wie sich denn überhaupt Neumann entschließen sollte,
161 2160 489 2222 er trotz der ge¬
1713 2183 2922 2243 losen Publikums gestört. Albert Patry ist mit seiner derb¬
503 2203 1697 2259 das Werk umzuarbeiten. Daß er auch feine humoristisch¬
154 2202 483 2271 theit, der sein¬
1714 2227 2920 2293 komischen Poltrigkeit und der überlegenen Geste ein intrigan¬
500 2251 1706 2314 charakteristische Töne anzuschlagen weiß, eigt die musikalisch
167 2257 495 2330 Schicksals, das
1716 2282 2922 2337 ter Landrat, wie er im Buche steht. Von den weiblichen Dar¬
497 2304 1700 2364 trefflich gelungene Zeichnung der Frau Binder. Ueberhaupt
371 2299 493 2374 hlbar
164 2303 333 2370 so recht
1717 2323 2917 2390 stellerinnen Else Bassermann und Else Wasa ist nichts
497 2353 1703 2413 soll die ernste Arbeit nicht verkannt werden, und es wäre sehr
172 2356 319 2417 das un
386 2357 477 2417 tlich
1718 2378 2930 2450 Besonderes zu sagen. Sie fügten sich gut dem Ganzen ein,
505 2398 1705 2461 zu wünschen, daß sich das Deutsche Opernhaus dieses
368 2406 495 2468 s der
172 2404 304 2466 r, und
1713 2430 2916 2491 odne besonders zu begeistern. Störend ist die Toilette der
493 2449 1696 2509 Werkes annähme und es seinem Publikum brächte. Die In¬
160 2449 287 2516 dels“
382 2457 484 2515 ier¬
1709 2476 2924 2538 letzteren im Schlußakt, weil eine noch so moderne Frau in
505 2502 1705 2563 strumentation verrät den gewiegten Fachmann, dem vom
168 2505 271 2580 as
1706 2528 2924 2592 einem so kleinen Städtchen niemals wagen darf, sich wie eine
501 2551 1692 2621 „Fidelio“ bis „Electra“, von „Robert den Teufel“ bis „Tosca“
1722 2568 2925 2635 grande Cocotte aus dem Palais des danses anzuziehen. Dem
493 2597 1050 2655 nichts fremd geblieben ist.
159 2577 485 2667 orwurf zu einer
1713 2629 2925 2687 Regisseur Carl Kahlmann, der für ein treffliches Zusam¬
574 2630 1702 2711 Die Aufführung der Volksbühne ist, am Maßstab
166 2651 485 2723 es Tondramas
1713 2670 2922 2734 menspiel sorgte, gebührt für die gelungene Studentenkneipe
501 2691 1704 2766 einer Sommeroper gemessen, sehr gut. Köstlich Desider
169 2697 486 2769 unkt, zur Sub¬
1720 2713 2923 2798 seligen Angedenkens mit allem Klamank und Radau ein
496 2746 1702 2813 Zador, der den Theodor in Gesang und Spiel vortrefflich
168 2756 493 2822 aber unwillkür¬
2691 2759 2893 2834 E. Go.
1718 2772 1914 2856 Hurrah!
491 2798 1709 2853 darstellt. Auch Hans Heinz Bollmann singt und spielt den
161 2804 489 2868 wiß konnte den
1786 2819 2923 2890 Das Theater am Kurfürstendamm wird, unter Dr. Ro¬
488 2842 1707 2897 Fritz sehr annehmbar. In Helmuth Berndsen lernte ich
159 2852 496 2919 ner Vertonung
1718 2862 2934 2937 berts Leitung, mit der dreiaktigen Komödie „Ingeborg“ von
502 2891 1717 2957 einen vortrefflichen Bassisten kennen, dessen Hans Weiering
161 2898 501 2967 ht gelungen, sie
1719 2924 2916 2970 Kur Goetz eröffnet werden. Es folgt wahrscheinlich „Die
505 2951 1705 3005 jedem winterlichen Opernensemble zur Zierde gereichen würde.
171 2951 496 3015 Er erhebt den
1719 2953 2931 3018 fremde Frau“ von Alexander Bisson, und bann soll ein neues
508 2990 1705 3065 Schade, daß Margarete Schlemüller, die die Christine
170 2988 501 3075 ls Untergrund
1711 3002 2929 3064 Schauspiel von C. A. Ralph, „Carneval“, zum ersten Male
1711 3040 2929 3120 aufgeführt werden. Auch „Zaza“ wird wieder zur Auffüh.
505 3045 1705 3114 gut singt und spielt, in dieser Rolle so unmöglich aussieht.
169 3050 495 3109 igen tragischen
1708 3084 2060 3156 rung gelangen.
500 3095 1706 3156 Das war kein „süßes Wiener Mädel“, sondern eher eine
174 3090 493 3166 nterstreicht mit
1792 3113 2914 3197 Oskar Fried, der hervorragende Musiker und Dirigent, hal
493 3135 1717 3216 potenzierte Walküre. Die Mizzi der Friedel Schwarz war
176 3153 498 3215 dreifach. So
1716 3187 2919 3244 in dieser Woche seinen 50. Geburtstag gefeiert. Der Name
496 3189 1705 3252 gesanglich und darstellerisch gleich farblos, während Ida
177 3202 490 3265 das Schauspiel
1718 3240 2924 3307 Oskar Fried ist ein Programm, er bedeutet: das Moderne
508 3253 1705 3308 Holms eine trefflich singende komische Alte zu sein scheint.
176 3247 498 3328 Neumann stets
185 3306 247 3358 S
496 3269 2933 3366 Ein Herr war kein Herr, und Herr Kant machte sich am in der Musik. Vor allem aber ist er unlöslich mit dem Gustav
297 3382 1063 3642 WPun
