3344 4224
277 159 658 233 Liebelei
817 161 1248 257 box 13/5
249 209 683 272 en enene enene enenen
454 478 1048 582 N· Di DT T
655 579 1149 664 HONTNTF• DII JOUR
244 588 526 677 "Errtreit de:
605 637 1190 731 17. Rue Grange-Batelière, 17
253 679 457 770 Adresse
616 717 1190 868 5 OCTOBRE 1933
250 789 418 870 Date:
257 880 1246 983 Sihnaturr
250 970 720 1067 Eapesition
420 1242 2908 1336 Kauldaliaiauiluuu LEs HoMMEs De Jouf Auuuimuuuauuaaaun
417 1331 867 1550 T00
1085 1407 2862 1562 LES SPECTACLES
461 1537 562 1614 Seenenenenen
1274 1546 1408 1627 Snenne enestenen
1269 1643 2056 1720 images, qu'un dialogue; et il a plus
2143 1648 2918 1720 velle carrière) en offrant à Marie
1287 1700 2059 1759 tôt fait de créer une atmosphère. II
2142 1710 2920 1761 Dubas la vedette délaissée par Jo¬
1277 1738 2067 1796 a l’avantage du mouvement, de T’air
2138 1746 2929 1813 séphine. Une heure de tour de chant
473 1693 1154 1814 Nu Chéätre
1277 1772 2067 1849 qut semble circuler, qui circule au¬
2134 1790 2924 1840 permet à la trépidante artiste de
1291 1823 1814 1879 tour de ses personnages.
2140 1838 2924 1886 cueillir des lauriers que d’aucuns lui
1312 1852 2069 1913 Mais ceci ne détournera pas les
2134 1870 2915 1931 refusent. Peut-étre risque-t-elle de
1282 1899 2066 1946 spectateurs d’apporter le légitime
660 1880 962 1962 A LATRENEE
2142 1909 2914 1956 ternir sa popularité lorsqu'elle se
1287 1940 2062 2011 tribut de leur présence au spectache
454 1882 551 2007 O
2152 1947 2918 1990 lance dans le genre dramatique. Son
1313 1983 1744 2045 du Vieux-Colombier.
2152 1987 2921 2032 tempérament, bien plutôt que celui
445 1984 1183 2065 (Prière pour les vivants )
2146 2022 2915 2074 d’une tragédienne lyrique, est d’une
446 2050 1199 2120 La surabondance des générales en
2136 2056 2911 2110 fantaisiste. Alors, pourquoi préten¬
1482 2064 1867 2142 GRANn-Gurcnor
415 2080 1214 2147 ces premiers jours d’octobre — et
2149 2103 2921 2146 dre rivaliser avec Damia, Germaine
422 2139 1160 2183 aussi l’abondance des matières —
2148 2140 2923 2193 Lix, ou avec le souvenir vivace de la
421 2173 1217 2228 nous contraint à passer en revue,
2141 2187 2912 2237 poignante Yvonne Georges 2. I
1402 2177 1940 2264 ( Quinze couples „
2145 2216 2926 2269 nous parait que Marie Dubas n’est,
407 2215 1200 2288 avec un penible laconisme, les pié¬
412 2249 741 2313 ces nouvelles.
1307 2246 2067 2318 Fini le genre Grand-Guignol. Du
2153 2258 2927 2313 dans son répertoire nouveau, nulle
457 2271 1204 2357 En premier lieu, une piéce de M.
2138 2300 2916 2355 part plus à l’aise, nulle part meil¬
1286 2282 2058 2354 moins, fini sur la scène ou il prit son
1288 2334 1433 2395 essor.
2147 2327 2928 2385 leure que dans le Caboulot, ou elle
416 2322 1210 2374 Jacques Deval, qui confirme une
2144 2359 2923 2438 sait exprimer la poésie des vers de
409 2374 1212 2431 fois de plus sa réputation dhomme
1306 2350 2056 2425 Le spectacle de la salle de la rue
2156 2399 2473 2465 Francis Carco.
415 2408 1217 2467 de théätre et d’observateur. & Amer
1274 2403 2058 2465 Chaptal est d’une formule neuve :
2178 2429 2923 2503 Aux Deux-Anes, à la Lune-Rousse,
417 2438 1207 2500 savoir celui que tire du voyage.. .
1280 2448 2070 2503 quinze dialogues demandés à des
2146 2481 2928 2543 des revues retapées ou nouvelles
416 2484 1203 2545 Pauteur de Marie-Galante. Qu'im¬
1282 2491 2054 2547 ###teurs différents. Au fond, une
414 2525 1201 2580 porte qu'il ait adopté, pour cons¬
2151 2532 2923 2579 tiennent l’affiche, mais le tour de
1271 2526 2064 2586 anière de revue dont les sketches
419 2561 1206 2608 truire sa Prière pour les vivants le
2144 2550 2925 2618 chant des chansonniers y est d’une
1334 2567 2063 2625 visent pas qu'à provoquer le rire,
2146 2600 2924 2650 qualité supérieure au talent des re¬
413 2606 1210 2665 découpage d’une image d’Epinal:
1321 2591 2066 2661 ais tendent à nous donner une
2161 2634 2917 2684 vuistes. Et, à l’zuropéen, Gilles et
421 2649 1217 2695 elle vaut pour les grandes person¬
1316 2642 2066 2697 sion de g l’ample comédie aux
2143 2685 2919 2741 Julien achévent de continuer leur
418 2680 1214 2748 nes, cette image au dessin äpre et
1321 2689 2062 2752 nt actes divers ) que se jouent
2149 2724 2921 2777 ascension méritée vers la grande
402 2721 1106 2779 à la substance, hélas! si vraie.
1322 2724 2066 2784 puis toujours les hommes. et les
2145 2758 2923 2811 notoriété: ce n’est pas en vain qu’on
457 2746 1202 2817 Le sujet? C’est toute la vie d’un
1327 2768 1496 2820 mmes.
2144 2797 2922 2855 apporte à distraire le public l’expé¬
413 2791 1213 2846 bourgeois moyen. 1873-1933. Avec
1320 2785 2061 2859 A détacher: la scène due à Paul
406 2836 1227 2894 tout cequi peut constituer 4 l’idéal-s-
2142 2838 2935 2910 rience et la culture d’authentiques
1321 2839 2065 2892 hard, les trouvailles de Jean Bas¬
2142 2874 2406 2942 comédiens.
414 2871 1198 2923 d’un bourgeois: argent, considéra¬
1315 2877 2071 2945 a, la scène pathétique due à Mme
2481 2894 2903 2980 GUY DORNAND.
421 2907 1196 2972 tion, en surface; au fond: cupi¬
1303 2920 2066 2981 lenriette Charasson, qu'inspire un
423 2958 799 3021 dité, sensualité.
1297 2962 2081 3028 ouple de modernes Philémon et
459 2975 1200 3037 Allons! Ilyadu bon: les e jeu¬
1292 2981 1473 3052 Baucis.
414 3026 1189 3086 nes 2 semblent renoncer à la con¬
1310 3016 2070 3087 Parmi les artistes, une mention
417 3069 1201 3125 fiserie style de Flers et Caillavet.
1278 3078 2074 3149 particulière s’impose en faveur de
447 3093 1204 3160 Notons le succès de qualité obtenu
1288 3110 1672 3183 Mlle Betty Spell.
414 3135 1204 3208 par cette ceuvre qui fait honneur à
422 3173 1209 3236 la scène ou elle se joue, à notre
2354 3231 2416 3287 1180
426 3224 1194 3273 théätre contemporain. Et applaudis¬
1562 3212 1759 3293 DEJAZET
2543 3231 2718 3324 S
419 3260 1200 3315 sons les interprétes, si nombreux.
412 3301 1205 3361 qu'il nous faut nous borner à citer
415 3346 1196 3396 M. Jacques Baumer, au réalisme
1334 3317 2001 3403 ( T’auras pas la reine 9
415 3378 1212 3434 exact et intelligent, Mme Yolande
1317 3389 2068 3454 Télégraphions:  Vaudeville pas
415 3403 1214 3480 Laffon, Mme Germaine Auger, M.
1275 3427 2059 3489 mort. René Pujol suit.., la tradition.)
421 3455 1085 3510 Palau et la belle Junie Astor.
1314 3475 2052 3533 „La tradition qui assura la for¬
1295 3494 2064 3569 tune des anciennes Variétés, du
1276 3544 2076 3611 Palais-Royal et de Déjazet méme,
598 3555 1017 3639 VIEUX-COLOMBIER
1283 3588 2067 3647 ce berceau de Tire au flanc. Remar¬
1275 3617 2068 3676 quons, à propos de cette fantaisie
1274 3662 2065 3725 joyeuse, ce que gagna son auteur au
628 3669 988 3753 (Liebelei 9
1280 3697 2076 3765 contact du cinema: la science du
1281 3740 1573 3804 mouvement.
466 3723 1210 3789 Mme Suzanne Clauser vient
1319 3761 2063 3832 Quant à vous dire pourquoi une
406 3777 1215 3833 d’adapter les trois actes du grand
1277 3814 2058 3866 jolie fille a été élue miss Paris aux
411 3812 1202 3873 écrivain autrichien Arthur Schnitz¬
1282 3859 2063 3911 lieu et place de sa sceur et ce qui en
407 3849 1207 3919 ler, cette Liebelei, cetté  amou¬
1277 3889 2067 3951 découle.., Non. Allez donc rire vous¬
406 3899 1200 3956 rette 2 qu'un film a rendue notoire.
1276 3935 2072 3987 mème à Déjazet. Vous y laisserez le
408 3935 1195 3987 Et T’on assiste à ce fait curleux:
1277 3972 2062 4043 souvenir de la crise au vestiaire.
419 3974 1200 4032 c’est que la version théätrale de
1297 4013 1577 4079 Ainsi soit-il.
411 4021 1198 4065 l’ceuvre originale nous décoit pres¬
1323 4035 2048 4100 Ala semaine prochaine le plaisir
418 4053 1202 4124 que, après qu’on a vu la version ci¬
1297 4077 2059 4136 d’analyser comme il sied deux spec¬
423 4084 828 4139 nématographique.
