3484 4224
871 149 1312 248 box 12/8
321 155 737 229 Liebelei
314 200 735 265 ein den e  en eeene
796 774 1489 908 geons scavengependen
1014 902 1143 977 E
704 1006 1573 1094 ondaerss osurachel TeirunetrAussesirr-acae
707 1068 1573 1142 BERLIN SO 16, RUNGESTRASSE 22-24
607 1131 1640 1220 Bearbeitet die deutsche und ausländische Presse auch auf Inserate.
595 1195 1640 1257 Liefert Listen über geplante Bauten aller Art. Geschäftseröffnungen.
952 1233 1271 1277 Festlichkeiten usv.¬
616 1243 840 1329 S
700 1309 1555 1434 Berliner Börsen=Courier
804 1409 1420 1483 Morgenausgabe — Berlin SW. 19
866 1451 1355 1523 Ausschnitt aus der Nummer vom:
1149 1500 1609 1606 2 70KT. 1824
1727 1607 2672 1685 Mal einen matten, klischierten Ausdruck hat
1713 1652 2677 1716 Käthe Dorsch untertreibt dann und diese Unter
884 1654 1640 1739 Schnitzler und Hartleben.
2360 1689 2677 1751 Man hat der
1721 1700 2370 1775 treibung wirkt wie Routine.
907 1724 1633 1792 Deutsches Künstlertheater.
855 1768 2670 1816 Das Schicksal eines Kunstwerks spiegelt sich Eindruck: Kätbe Dorsch wird gerade dam
783 1768 2685 1873 nicht nur im Wandel des Urteils, sondern fast kitschig, wenn sie den Kitsch vermeiden will
1736 1813 2680 1873 Diese — auf ihrem Gebiet — herrliche Schau
798 1854 1735 1911 mehr noch im Wandel der kritischen Ausdrucks¬
1739 1856 2684 1931 spielerin müßte einen Regisseur haben, der an
804 1894 1729 1957 form wieder. Man könnte fast sagen: die Dich¬
1742 1903 2679 1959 ihren Instinkt appelliert, der sie also nicht in
2446 1934 2681 1995 eine ein¬
798 1951 2456 2005 tungen sind ewig, die sich in jeder kritischen Einzelnen korrigiert, sondern ihr
801 1977 1739 2040 Ausbrucksform zurückstrahlen lassen, und die
1748 1974 2692 2046 heitliche Vision der Gestalt vermittelt und sie
799 2015 1741 2078 Dichtungen sind der Zeit unterworfen, die nur
1737 2018 2585 2082 aus dieser Vision zur Entfaltung bringt.
1648 2058 1706 2101 8 1
796 2061 1619 2119 eine besammte kritische Art wiebergibt.
1799 2035 2692 2116 Als Hartlebens „Lore“ war Käthe Dorsch
800 2096 1747 2163 kein Zweiss, daß Schnitzler im wesentlichen
1751 2101 2691 2162 entfaltet. Gewiß, sie spielte sie als Soubrette
817 2141 1745 2196 allein Hon##e#er impressionistischen Kritik ge¬
1737 2142 2625 2215 Aber dieses Soubrettentemperament war
898 2177 1736 2236 enswerden kann. Und es ist ebenso sicher, daß
2346 2167 2704 2253 draufgängerisch,
1742 2189 2311 2242 fabelhaft echt, so prachtvoll
922 2217 1735 2282 was Heute durchbrechen will, nur zu einer
1742 2229 2304 2300 daß man mitgerissen wurde.
908 2258 1745 2323 hetischen spricht. Immer wird eine Zeit
1793 2257 2694 2334 Ueberhaupt war die Aufführung der „Lore“
916 2303 1755 2362 damit auch die Kritik einer Zeit) ein
925 2309 2691 2399 res oder schwächeres Verhältnis zum gut: sie erinnerte an die besten Zeiten von
1466 2360 2703 2430 Aber Shake= Barnowskys „Kleinen Theater“. Walther
919 2377 1444 2440 ferischen Menschen haben.
903 2386 2708 2481 re ließ sich impressionistisch und synthetisch Steinbeck, der als „Herr“ bei Schnitzler in
811 2429 2706 2527 fassen (wenn er auch heute stärker erlebt wird einer Dämonie machte, die ihm fremd ist, war
810 2472 2707 2553 als vor 30 Jahren). Aehnlich wie die Wechsel= als Vetter knapp und sicher. (Immer finden
807 2545 2704 2602 wirkung zwischen Dichtung und Kritik ist die sich mittlere Schaupspieler auf vertrautem Boden,
807 2546 2707 2651 Wechselwirku.g zwischen Theater und Kritik, wenn sie auf die Charakteristik von Typen ge¬
2225 2593 2622 2656 Die Aufführung
805 2613 2089 2682 Eine zusammengefaßte, versachlichende Dar= stoßen werden.)
1748 2638 2708 2705 im Tempo, während in der „Liebelei“ trotz
814 2673 1756 2742 stellung bedingt ein zusammenfassendes, versach¬
1730 2665 2707 2741 [Edthofers Fritz, der den Anfang sachlich
817 2710 1154 2779 lichendes Urteil.
904 2714 2667 2808 Schnitzlers große psychologische Schauspielepielte, alles belastet wurde. Emil Lind o
817 2791 2663 2849 sind heute unmoderner, als Schnitzlers Vosks=Weirig wurde bei dem lobenswerten, aber mit
814 2795 2705 2900 stück „Liebelei“ (in denen die feuilletonisti=samen Bestreben, nicht zu chargieren, eintöng
1768 2855 2140 2920 und ausdrue
816 2868 1751 2942 sche Umschreibung des Themas seltener ist als
2177 2864 2674 2972 Herbert Iherirg.
807 2914 1763 2970 in den geredeten Werken). „Liebelei“ muß aber
820 2952 1757 3018 auch als Volksstück gespielt werden: knapp, ein¬
819 2979 1773 3057 fach, so daß die Stellen, in denen das „süße
818 3023 1781 3098 Mädel“ das „Verhältnis“ doch als Problem
819 3072 1766 3135 beredet wird, in die Melodie des Vorgangs
815 3110 1769 3184 übergeben. Im Deutschen Künstlertheater wurde
811 3154 1770 3222 gedehnt. Im Deutschen Künstlertheater fehlte
822 3171 1782 3261 es vor allem am tonlichen Ausgleich. So war
817 3229 1778 3290 besonders Herr Proeckl als Theodor viel zu
831 3271 1778 3331 laut. Gerade der Dialekt ist eine Frage des
831 3311 1779 3379 künstlerischen Taktes. Wenn er wie hier nicht
824 3351 1793 3420 als anonyme Melodie, nicht als geheimer Ton¬
829 3390 1775 3448 fall, sondern als Wirkungsmittel gegeben wird,
830 3437 1782 3514 ist er heute auf der Bühne unerträglicher als je
893 3483 1811 3540 B. Täthe Dorsch wird die Verwandschaft!
824 3514 1799 3567 mit Hausi Niese immer offenbarer. Und wie
829 3555 1782 3623 die Niese ist auch sie in Gefahr, sich ohne Leitung
900 3599 1788 3657 nicht zu veräußerlichen, aber aus unbewußter
830 3643 1800 3712 Unsicherheit übersicher zu werden. Diese Beob¬
835 3684 1801 3747 achtung macht man, wenn Käthe Dorsch für das¬
841 3725 1823 3808 selbe Gefühl — wie hier die Liebe zum Fritz —
849 3766 1852 3847 einneal ihren echten, elementaren, das ander
