3436 4192
400 113 800 186 Liebelei
243 118 799 232 5. Knennen 4.
447 855 869 923 TTTT
626 1067 745 1132 enzlos
593 2004 653 2101 825
547 2096 705 2231 tes
406 2227 452 2302 #t
473 2223 698 2301 6873—75
481 2294 695 2353 9–19.222
461 2384 698 2456 ert-Saal
448 2446 699 2533 eise-Säle
485 2535 534 2622 üg
475 2618 535 2699 u
438 2765 595 2871 rqu
587 2870 677 2937 Haus
342 2857 571 2936 eshaus im
396 2968 681 3033 und Feier¬
409 3024 636 3091 -Konzert
533 3079 575 3134 3
528 3213 726 3302 W
502 3297 722 3376 „.
298 3368 569 3450 eNr. 8
140 3368 218 3489 83
261 3427 739 3491 PER Telephon 22.983 *
171 3474 571 3545 3.— aufwärts
145 3526 564 3590 zung O 0 O o
156 3554 743 3625 WTTTWTTTTTTTTT•
157 3608 853 3687 WTTTTTTETTTTTTYY•
935 100 1379 208 box 12/4
1273 835 2893 922 „TTTTTAT
1901 1385 2253 1489 Liebelei.
1657 1473 2505 1555 Oper in drei Akten von Franz Neumann.
1428 1529 2729 1603 Text nach dem gleichnamigen Schauspiel von Arthur Schnitzler.
1470 1631 2814 1722 Arthur Schnitzlers Schauspiel „Liebelei“ wurde zum ersten Male
1339 1687 2806 1743 am 9. Oktober 1895 im Burgtlieater aufgeführt; mit durchschlagendem
1346 1743 2805 1809 Erfolg, der dem Stück auch bis auf den heutigen Tag treu geblieben ist.
1338 1788 2805 1851 Mit der „Liebelei“ begründete Schnitzler seinen Ruf als dramatischer
1343 1827 1530 1910 Dichter.
1475 1863 2802 1960 Arthur Schnitzler war ursprünglich Mediziner. Er wurde 1862 ge¬
1340 1937 2802 2010 boren und promovierte mit 23 Jahren zum Doktor der Medizin. Aber nur
1345 1996 2804 2056 wenige Jahre betätigte er sich als praktischer Arzt. Bald widmete er sich
1335 2046 2811 2107 ausschließlich seiner schriftstellerischen Tätigkeit. Sein Dichterruhm ver¬
1329 2095 2809 2153 breitete sich rasch auch über die Grenzen der Heimat. Als österreichischer,
1350 2143 2807 2211 spezifisch wienerischer Dichter ist er ebenso auch in Deutschland bekannt;
1340 2190 2814 2263 als der Dichter des Wien der Gegenwart wurde er im vorigen Jahr zu seinem
1346 2235 2242 2286 50. Geburtstag allerorts geehrt und gefeiert.
1459 2287 2811 2352 Die beiden Hauptpersonen der „Liebelei“ sind Schnitzlersche
1335 2324 2812 2384 Lieblingstypen: der „leichtsinnige Melancholiker“ und das Wiener Mädel“,
1395 2391 2801 2450 Fritz ist in eine Liebesgeschichte mit einer verheirateten Frau ver¬
1339 2431 2809 2503 strickt; die Leidenschaft zu diesem „dämenischen Weibe“ hält ihn ganz
1337 2490 2810 2556 gefangen. Mit Besorgnis gewahrt sein Freund Theodor, daß sich dies Ver¬
1328 2531 2816 2580 haltnis immer mehr ins Romanhafte entwickelt. So beschließt er denn, den
1329 2580 2809 2640 Freund aus den Liebestesseln der „dämenischen Frau“ heraus, und in ein
1338 2621 2808 2694 leichter wiegendes Liebesabenteuer mit einem Mädel „hinein zu retten“.
1339 2669 2814 2743 Die Liebe soll durch eine Liebelei geheilt werden. Er vermittelt Fritz die
1342 2728 2813 2782 Bekanntschaft mit seinem „süßen Mädel“ Mizzi und deren schönster
1325 2788 2811 2843 Freundin Christine. Fritz findet an Christine Gefallen, und diese wieder
1336 2819 2817 2877 verliebt sich sterblich in Fritz. — Erster Akt: Theodor improvisiert in
1327 2868 2813 2931 Fritz' Wohinung ein Souper mit den beiden Mädchen. Mizzi hat dazur das
1332 2921 2812 2990 Nötige besorgt und erscheint, mit all ihren Einkäufen. Christine kommt
1333 2974 2796 3032 etwas später, sie mußte noch ihren Vater, Hans Weiring, Theaterkapell¬
1335 3029 2806 3097 meister in der Josefstadt, begleiten. So vergeht die Zeit in Fröhlichkeit mit
1603 3328 1796 3424 SD
1250 3486 2669 3591 BR
1234 3589 2899 3661 „
