3436 4352
-26 2193 50 2268 b
-5 2443 48 2501 n
263 185 841 285 5. Liebelei
435 181 1399 307 aebeter box 10/1
183 978 1025 1072 n und dami auch nat zuu 2.9.
189 1037 2255 1124 Gesammt=Monarchie würden. Diese Bestrebungen, welche in 2.. Dierf zalter der e.n..
187 1100 2966 1148 ne politische Bedeu= grammen der Opposition in Croatien und Dalmatien trachtet werden darf. Es ist schwer, die innere Suchtige
178 1138 2981 1229 wiegende Majorität bekanntlich eine hervorragende Rolle spielen, finden in1 keit des deutschen oder des czechischen Landwirthes höher
592 1255 2988 1326 nicht, sie ist nur einfach „grantig“, zankt mit der Und gleich darauf wieder verdirbt Mamsell Leichtsinn
610 1315 1800 1373 Schwester, ihre Unruhe nur verräth die Seelenangst.
1794 1305 2983 1372 das schöne Spiel; sie erscheint zum Diner mit reichem
617 1357 1793 1399 Die echte Wienerin also, die deßwegen noch lang „ka
1798 1360 2980 1401 Schmuck, und sagt so obenhin, daß sie noch viel mehr
615 1396 1798 1458 Traurigkeit g'spüren!r“. Nur erst im Augenblicke, da
182 1383 311 1466 ter.
1785 1400 2985 1456 daheim habe. Mama Bauer weiß sich einen Vers
618 1444 1797 1492 Er, der Letzte, auf den sie noch hofft, als Besucher ge¬
1785 1449 2992 1533 darauf zu machen und — da man zu Tische geht, fängt
182 1439 558 1537 n J. J. David.)
609 1488 1788 1547 melde wird, da faltet sie vor dem Muttergottesbilde
1789 1491 2234 1559 es an zu regnen. —
172 1508 622 1599 nodernen deutschen
605 1530 1798 1586 die Hände und fleht in einem kurzen Stoßgebetlein um
1877 1527 2973 1606 Die Stimmung hat umgeschlagen. Mit sicherer
196 1569 614 1642 Gustav v. Moser.
603 1581 1796 1637 einen guten Ausgang. Und es schickt sich Alles zum
1779 1578 2973 1654 Hand führt David den Vorgang einer Lösung ent¬
195 1626 613 1688 er es dem großen
606 1630 1785 1681 Guten. Dr. Karl v. Dauer, ein junger, viel¬
1791 1627 2977 1696 gegen, wie sie nur der begnadete Poet ersinnen kann,
187 1666 615 1733 inen, unschädlichen
601 1663 1797 1736 erfahrener, reicher Gutsbesitzer, sucht in Kitty, was
1788 1677 2984 1738 und gefährdet diese Lösung, wie das nur ein welt¬
186 1720 611 1780 rde der Erfolg nach
602 1721 1792 1783 Kitty ihm bieten kann: Fröhlichleit und Freude
1788 1721 2974 1789 fremder, in sich traumverlorener Sinnirer im Stande
196 1762 610 1827 kluge Autor aber,
615 1756 1797 1833 für sein ernstes Haus, in dem bisher nur Arbeit und
1785 1766 2974 1830 ist. — Kitty wirft sich selbst aus dem Hause. Der
185 1804 613 1882 cht besehen, strich
612 1799 1791 1886 Pflicht gegolten haben. Kitty nimmt in ehrlicher
1784 1817 2981 1874 Entschluß ist glaubhaft, er ist liebenswürdig motivirt.
181 1844 612 1924 nd Fehlerchen, die
604 1855 1797 1919 Freude, aber auch mit ehrlicher Neigun für den Red¬
1790 1868 2987 1911 Das Ausreifen des Entschlusses in Kitty's Seele unter
177 1897 605 1973 eunden aufgefallen
612 1893 1791 1964 lichen den Verlobungsring und verspricht ihren baldigen
1782 1900 2978 1956 dem Druck verregneter Langweile, völliger Rathlosig¬
182 1951 611 2014 verwandelt hatten.
1487 1949 1786 2011 — Ein vor¬
607 1958 1504 2017 Besuch bei der Mutter ihres Bräutigams.
1786 1957 2986 2013 keit und Ueberflüssigkeit, feelischer Fremdheit Allem
186 1989 593 2063 großen Theater. —
608 1990 1790 2060 trefflicher, lebhaft bewegter Vorgang, der nur in den
1789 2003 2986 2070 gegenüber, was im Schloß, im Dorf, auf dem Gute
195 2036 623 2105 nJ. J. David's
613 2041 1781 2121 zu redselig gerathenen Expositionsscenen seinen Hemm¬
1781 2039 2984 2100 Freud und Leid der Menschen ausmacht, unter
184 2082 581 2149 n Regentag“
607 2091 1790 2150 schuh hat. Kitty hat alle Sympathien für sich und doch
1790 2094 2979 2143 dem demüthigenden Bewußtsein, daß die Anderen
179 2121 614 2193 hrung am Deutschen
614 2134 1782 2193 hat sie keinen Anspruch auf das Glück, welches ihr
1788 2139 2974 2219 bessere, nützlichere Menschen sind, dem Bewußt¬
184 2176 612 2243 en Mängeln einer
608 2177 1787 2236 winkt. Man fürchtet ein grausames Ende und kann
1792 2183 2345 2263 sein der Unfähigkeit,
2463 2195 2982 2251 so werden zu können
209 2223 609 2283 belastet gewesen,
608 2225 1798 2291 doch den „guten" Ausgang nicht als möglich halten.
1787 2231 2973 2313 wie die Anderen sind. das „Zu spät“ der 26 Jahre
193 2273 608 2333 k daran Schiffbruch
604 2260 1787 2340 David ist ja ein Dichter, der seine Charaktere so auf¬
1778 2276 2971 2324 ist wol ein innerer, aber dennoch echt dramatischer
187 2321 612 2402 die Handlung und
606 2320 1788 2379 recht erhält, wie er sie in die Handlung einführt, nicht
1791 2326 2984 2374 Vorgang. Die Steigerung von der Mißlaune bis zur
607 2349 1782 2421 einer von den Machern, die im Handumdrehen aus
1783 2365 2973 2443 Wuth und Verzweiflung, der Uebergang zur Reue bis
600 2397 1163 2481 Sündern Heilige machen.
169 2387 614 2470 ken Kitty und Lizzi
1791 2417 2978 2477 zu erlösender Erkenntniß ist dichterisch und dramatisch
173 2461 612 2524 dem Baron Ludwig
696 2447 1785 2516 Nun muß der zweite Act freilich ein neues Interieur
1780 2459 2236 2525 gleich vortrefflich. —
2252 2465 2979 2534 Wenn nur David es unterlassen
157 2507 616 2573 ich verschuldet über¬
606 2495 1795 2561 exponiren, den ernsten Haushalt der frisch geadelten
1783 2511 2976 2577 hätte, auch die Figuren der Philisterumgebung gleich
172 2547 617 2611 hschaftet hatte und
604 2549 1801 2618 Gutsherren, Derer „von Bauer“ Auch diese Exposition!
1785 2551 2978 2623 sorgfältig durchzuführen! Ein Mädel, das eine gute
179 2591 614 2655 herungs=Gesellschaft
609 2592 1791 2654 ist zu redselig, denn das Nöthigste hat der Bräutigam
1779 2588 2979 2668 Partie freiwillig ausschlägt, das ist keine so einfache
200 2646 621 2709 richtige Zigenner¬
607 2647 1786 2703 schon bei seiner Werbung erzählt. Umso lebendiger
1785 2647 2978 2718 Sache für unser Theaterpublicum. Wenn sich schon die
167 2692 623 2747 Hause. Viel Prunk,
607 2687 1786 2750 und reizvoller geräth die Entwicklung Kitty's. Jauchzend
1782 2690 2979 2756 Leute für das „Aussi möcht i!“ dieser wienerischen
171 2720 624 2804 m Nöthigsten; der
614 2734 1793 2807 und begeistert, glücklich und verliebt kammt sie von
1789 2733 2975 2808 Boulotte interessiren sollen, dann dürfen die
171 2772 626 2849 wvenn er daheim ist,
608 2782 1794 2842 ihrem ersten Spazierritt an Karl's Seite zurück. Alles
1784 2775 2981 2859 Anderen nicht mehr thun, als eben nöthig
168 2827 1792 2893 lub. Die jüngere gefällt ihr in der sonnigen Landschaft, sie fühlt sich frei,
1795 2835 2867 2899 ist, um Kitty die philiströsen Stichworte
2917 2824 2984 2893 1
164 2869 311 2938 uthig
400 2867 627 2944 auf ihr
606 2888 1795 2937 erlöst, gebessert, und merkt erst in der Begegnung mit
1782 2874 2968 2941 geben. Jeder Augenblick, während dessen Kitty
161 2908 1796 2981 Konesse begnügt sich Karl's Mutter, daß es mit der Besserung noch nicht
1778 2927 2968 2995 nicht auf der Bühne ist, ist auch verloren. Die Ueber¬
167 2966 2974 3035 eit und fröhlichen weit her ist. Offen und fret, mit der Liebens= zeugung, daß jenes Schloß bei Olmütz Alles, nur kein
209 3015 1698 3071 die interessante würdigkeit des guten Weltkindes beichtet
1777 3017 2970 3080 Kaffeehaus für Kitty ist, kann nicht concentrirt genug,
175 3054 2981 3118 leichtsinnig, kokett, Karl' Mutter ihre verfehlte Erziehung, ihre die Steigerung nach drei Regentagen — nicht einem,
172 3092 1796 3162 fen in ihren Adern. vertändelte Jugend; sie bittet um Geduld und ist nahe
1784 3108 2977 3179 wie der Titel sagt — kann nicht rapid genug gemacht
154 3157 1792 3217 gt sie an, ängstlich daran, das Herz der alten Frau zu gewinnen. Es ist
1781 3159 2981 3211 werden, um dem Selbsthinauswurf Kitty's die volle
158 3197 1793 3259 ngen, so viele Be= das ein Meisterstück. Die ganze Scene nur innerer Vor¬
1782 3198 2968 3259 Wirkung zu sichern. — Wie liebenswürdig ist dieser
161 3228 620 3312 ebene Abenteuer und
603 3239 1796 3305 gang auf beiden Seiten, ein Suchen und Versteckens¬
1778 3249 2978 3320 Entschluß, wenn Kitty geht, weil sie Karl liebt und
174 3294 2966 3348 Elend einer proble= svielen von zwei Frauenseelen. Dies ganze Spiel voll nicht auch ihn unglücklich machen will! Wie hübsch und
168 3346 2985 3416 r Kitty beclamirt dramatischer Spannung und voll des echtesten Liebreizes.j ehrlich Kitty's thörichter Kampf! „Gehen wir über den
