3484 4224
456 167 841 243 Liebelei
308 163 1443 303 5 box 10/3
1772 1092 2039 1170 Die Kritik
1200 1090 1343 1181 310
1590 1311 2221 1424 Berliner Premièren.
1547 1492 2269 1592 Arthur Schnitzler: Liebelei.
1208 1573 2625 1636 Bodör, ein wohlhabender junger Wiener, Student der Rechte, Reserveoffizier
1220 1628 2614 1713 in einem Dragoner=Regiment; sie, die Tochter eines kleinbürgerlichen
1212 1686 2628 1785 Musikers. Auf seiner Seite Liebelei, auf ihrer Liebe; er fällt im Duell um
1211 1737 2624 1810 eines verheiratheten Weibes willen. Diese einfache Geschichte, wie sie des
1214 1807 2623 1887 öfteren sich ereignet, nicht erst aus den. Gestern geboren und sich immer
1225 1876 2645 1956 ziemlich gleich, ist die Fabel der jüngsten Première des Deutschen
1214 1934 1455 2012 Theaters.
1334 1951 2628 2068 Ich habe den Inhalt des dreiaktigen Stückes*) absichtlich, so kurz zu¬
1225 2054 2631 2123 sammengefaßt, nur mit den paar Worten wiedergegeben; denn je einfacher,
1222 2089 2625 2183 schlichter und alltäglicher der Stoff ist, um so größere Anerkennung gebührt
1222 2166 2628 2240 dem Gestalter desselben für eine der feinsinnigsten, lebenswärmsten und wir¬
1229 2233 2254 2292 kungsvollsten Dichtungen unserer neueren Litteratur.
1345 2265 2638 2350 Ueber Schnitzler's „Liebelei“ — der Titel ist mir etwas zu leicht und
1232 2332 2626 2409 seicht — leuchten drei Sterne: die Gretchentragödie, Kabale und Liebe und
1226 2386 2632 2464 Jugend. Nicht als ob irgend eine Entlehnung stattgefunden hätte, oder wir an
1226 2444 2646 2526 eine der drei Dichtungen gewaltsam gemahnt würden, aber der frische
1231 2496 2648 2590 Blüthenduft junger sittlicher Liebe und das dunkle Todesstimmungsrauschen
1232 2566 2485 2650 sühnender Vergeltung und Strafe durchwehen auch diese Dichtung.
1347 2619 2645 2700 Die Handlung des Stückes ist äußerst einfach und klar und zugleich
1240 2675 2641 2759 aufs liebevollste in Einzelheiten durchgeführt; trotzdem kein unnütz wuchernd
1245 2732 2639 2815 Rankwerk, welches in eng= und kleinmaschigen Umschlingungen den Stamm
1240 2792 2646 2876 verdeckt und zu ersticken droht; fast kein Wort zu viel und keines zu wenig.
1356 2860 2644 2954 Der erste Akt in Fritz Lobheimers elegant behaglicher Junggesellen¬
1243 2910 2651 3011 behausung giebt in scharfen, knappen Zügen eine musterhafte Exposition. Der
1249 2981 2659 3056 Versuch des Freundes, ihn aus dem Bannkreise einer „interessanten“ Frau
1235 3040 2658 3105 zu befreien, indem er ihm die Bekanntschaft mit der Freundin seiner zeitigen
1236 3097 2663 3182 kleinen Geliebten vermittelt; das lustig=melancholische Souper à quatre, die
1240 3173 2669 3238 Katastrophe der Liebestragödie durch das Erscheinen des Rechenschaft for¬
1253 3209 2667 3311 dernden Gatten, schließlich das Scheiden der drei Gäste: des heiteren
1360 3274 2662 3418 *) Arthur Schnitzler: Liebelei. Schauspiel. Berlin, S. Fischers Verlag, 1896.
