3436 4224
197 120 323 223 5.
370 137 557 214 Lieb
322 139 776 270 zsele1
892 138 1339 243 box 13/8
1267 972 1907 1070 LA REVUE MUSICALE
2282 996 2432 1070 (344)
735 1055 2441 1119 BEBETEEEETEEEEHENEEEEEEEHRSGTBÄGERHHEHEEHGEGHEZZHEEHHEBNHEHHEBHEHTHHEEEEEE
750 1117 2447 1195 de Byron, de Daudet: mais aujourd'hui si l’on remet les deux premières
747 1180 2445 1242 à la scène, c’est en l'’honneur de la musique et pour l’intérêt de la replacer
747 1241 2453 1315 dans son cadre; il se peut bien qu’il en soit déjà de méme pour le drame
750 1290 1059 1373 de Daudet.
828 1349 2437 1428 Nous touchons la à une des difficultés de la collaboration entre arts;
736 1416 2442 1474 leur inégal vieillissement déséquilihre l’ceuvre. Généralement les livrets
754 1495 2443 1552 se desséchent tout d’abord (Durdanus, la Flüte enchantée, Fidelio,
752 1535 2436 1598 Euryanthe; il est juste de noter, en sens inverse, la bonne tenue des livrets
750 1596 2437 1675 de Quinault et de Du Rollet). Les textes de Wagner ne détonnent pas trop
744 1654 2459 1715 avec la musique; cequi a vieilli, c’est la mise en scène, partie intégrante
749 1705 1376 1788 de l’ceuvre pour Tauteur.
826 1769 2430 1845 Notons toutefois qu'un tel langer ne menace pas le cinéma. En effet,
757 1817 2446 1899 et justement parce que la mie en scène, forcément incorporée à l’ceuvre,
755 1883 2449 1961 vieillit rapidement, ancun film ne peut prétendre à la durée: nous l’avons
745 1963 2442 2018 tous constaté pour des films anciens d’excellente qualité (Les Proscrits);
740 2005 2455 2071 ilyalà un phénoméne général qui ne tient pas seulement à ce que, de 1900
753 2075 2448 2134 à 1930, la Vérité s’est substituée à l’Erreur. Ce point acquis, l’auteur du
753 2123 2440 2193 film, débarrassé du souci de l’avenir, organisera son cuvre au mienx
748 2178 2444 2243 pour les trois ou quatre années de durée qu’il a le droit d’envisager, en
753 2245 1707 2317 utilisant les matériaux dont il dispose.
818 2263 2440 2368 Reprenons maintenant l’énumération théorique des genres, en élimi¬
743 2362 2442 2423 nent le film complétement muet, limite pratiquement impossible à
756 2409 2441 2490 atteindre. Nous trouvons, forme aujourd'hui périmée, le film sans discours,
746 2469 2444 2525 mais avec accompagnenient musical ad libitum ou obligatoire, qui naguère
751 2534 2452 2603 constituait la régle de l’écran. Le genre a-t-il définitivement disparu?
754 2585 2435 2655 II serait téméraire de l’affirmer; cherchons une comparaison hypothé¬
757 2644 2446 2726 tique. Supposons que dans un pays qui posséde une certaine culture
753 2721 2449 2782 artistique, on ne connaisse que le blanc et le noir. Quelqu'un survient,
741 2761 2434 2821 invente la couleur: du coup, l’art est bouleversé, personne n’accepte plus
754 2812 2443 2897 de continuer à s’exprimer par des moyens restreints, alors que le voisin
753 2869 2446 2949 en dispose d’infiniment variés. Ceci jusqu'au jour ou les artistes, ou le
745 2921 2449 3012 public s’apercevront que le dessin, la gravure ont un pouvoir d’expression
743 2994 2443 3068 propre qui n’est pas seulement un appauvrissement du pouvoir de la
755 3056 993 3141 peinture.
825 3097 2431 3171 Voici un autre rapprochement qui n’est pas une simple hypothése:
750 3170 2443 3248 de Haendel à Richard Strauss, on voit l’orchestre enrichir sans cesse ses
747 3228 2447 3317 moyens; arrivé au maximum, une réaction se produit, le petit orchestre
757 3288 2469 3352 reparait, la restriction volontaire des moyens s’affirme, Il est tout à fait
