3436 4256
346 160 756 238 Liebelei
341 223 763 277 RR A
888 159 1340 255 box 13/4
1333 846 2185 939 „OBSERVER
1434 937 2124 1009 I. österr. behördl. konzessioniertes
1398 984 2167 1045 Unternehmen für Zeitungs-Ausschnitte
1473 1037 2079 1116 WIEN, I., WOLLZEILE 11
1541 1100 2011 1154 TELEPHON R-23-0-43
1359 1234 1715 1311 Ausschnitt aus:
1513 1315 2253 1414 Obersteirische Volkszaki#ig, Lden
1356 1437 1513 1526 vom:
1715 1445 2139 1550 2 1. CKT. 1933
2363 1508 2428 1653 C
1689 1575 1931 1662 „Liebelei“.
1183 1650 2420 1736 Die Tragödie zweier Menschen nach Artur Schnitzlers Bühnenwerk.
1562 1699 2019 1764 Im Tonkino Donawitz.
1274 1743 2420 1799 Nach dem „Träumenden Mund“ habe ich nicht mehr so viel
1191 1806 2412 1867 Menschlichkeit, soviel Wahrheit des Lebens gesehen, als gestern
1197 1854 2414 1901 bei der Erstaufführung der „Liebelei“ von Artur Schnitzler. Was
1203 1898 2422 1970 noch nie der Fall war, in diesem Tonfilm wurde das Theater weit
1196 1944 2419 2014 überholt, da die Kulissen vor der lebenswahren Wirklichkeit zu¬
1188 1999 2420 2058 rückwichen und nur das Leben, der Herzenston eines Dichters,
1193 2050 2422 2107 Künstler als Menschen und Menschen als Künstler sprachen. Was
1190 2104 2417 2159 den Film so wertvoll macht, ist die Vornehmheit und Feinheit der
1203 2140 2408 2196 Anlage, die gedämpften Stimmungsakkorde, das Vermeiden grel¬
1197 2200 2403 2254 ler Effekte und Szenen, die auf der Leinwand unwirklich erschei¬
1196 2237 2414 2301 nen würden. So bleibt das Duell unsichtbar. Nur ein Schuß fällt,
1194 2290 2412 2341 das Ausbleiben des zweiten Schusses läßt die Ahnung über den
1185 2342 2417 2403 Ausgang des Zweikampfes zur Gewißheit werden. Auch der
1189 2381 2406 2438 Selbstmord Christls wird nur dezent angedeutet. Wie stimmungs¬
1189 2439 2420 2500 voll ist andererseits die Schlittenfahrt der beiden Liebenden durch
1187 2487 2414 2531 den verschneiten Wienerwald. Wunderbar die Symbolik am Aus¬
1201 2531 2404 2576 klange der Schicksalstragödie, da wieder der winterliche Wiener¬
1188 2586 2418 2638 wald erscheint und das Versprechen ewiger Liebe durch seine
1206 2618 2411 2673 Bäume rauscht. Daneben bietet die erstklassige Regie stilvolle Bil¬
1201 2673 2415 2720 der von Reiterübungen, Opernaufführungen, prunkvollem und be¬
1200 2720 2418 2791 scheidenem Milieu. Die begleitende Musik untermalt wirkungsvoll
1206 2779 2411 2830 die Stimmung der Handlung. Den Höhepunkt bildet aber die Dar¬
1200 2820 2418 2877 stellung, deren Größe in der Einfachheit und Menschlichkeit höchste
1205 2870 2411 2929 Bewunderung erzwingt. Mit welcher Innigkeit und Poesie gab
1201 2920 2410 2970 Magda Schneider, sonst der Schalk in den Lustspielen, die stille
1200 2969 2418 3038 Christl im Frühling der Liebe, auf den der Reif gefallen. Unaus¬
1205 3014 2413 3066 löschlich der ergreifende Eindruck vor dem letzten Gang. Prachtvoll
1205 3062 2408 3113 Luise Ulrich als Gegenstück in der leichteren Lebensauffassung,
1193 3130 2415 3182 pickant Olga Tschechowa als Ursache des Konfliktes. Willi Eich¬
1202 3160 2405 3211 berger zeichnete den Oberleutnant Theo mit gewinnender Herz¬
1197 3202 2406 3253 lichkeit, Wolfgang Liebeneiner den unglücklichen Fritz ernsthaft und
1200 3256 2405 3300 schicksalergeben, zwei Leistungen, die sich wunderbar ergänzten. Ein¬
1209 3307 2405 3362 zig wieder Paul Hörbiger, der den leidgetroffenen Vater mit tie¬
1209 3353 2417 3413 fem Gefühl wiedergab. Eiseskälte übertrug Gründgens als betro¬
1196 3404 2419 3468 gener Ehegatte. Paul Otto und die übrigen Darsteller bis zur
1205 3450 2411 3499 kleinsten Rolle fügten sich meisterhaft in den Rahmen der Hand¬
1201 3506 2430 3586 lung. So erschüttert ging wohl selten ein Publikum aus dem
1200 3543 1359 3608 Hause.
2199 3545 2390 3612 S. Sp.
