3436 4352
394 183 803 246 Liebelei
243 166 1363 289 5. L1 box 10/1
1662 1160 3335 1212 gehört, was freilich wenig sagen will. Er hat indeß ein 20. d. M.; die Anmeldungen können
615 1156 1662 1242 Theater, Kunst, Musik und Literatur.
1659 1196 2681 1251 gutes Auge für lokale Beobachtung und weiß seinen Ge¬
2678 1197 3347 1250 klus der sieben Königsdramen in Eine
1243 1223 1631 1296 Wien, 10. Oktober.
2675 1229 3334 1278 katen angegebenen Weise erfolgen, d
1659 1232 2684 1287 stalten charakteristische Umrisse zu geben. Das ist aber auch
1671 1272 2684 1324 so ziemlich Alles, was er für den dramatischen Dichter mit¬
2691 1268 3338 1328 starken Nachfrage seitens der Schule
915 1264 1372 1349 Hofburgtheater.
2679 1304 3326 1356 nur mehr Sitze zu 2 fl. und 3 fl.
1666 1307 2676 1359 bringt. Die Handlung läuft ihm unter den Händen weg
658 1310 1653 1367 7 Rechte der Seele“ Schauspiel in einem Akte von Giuseppe
2676 1341 3339 1408 und 10 fl. zu haben, da alle andere
1663 1344 2676 1392 und wird durch einen Schwall von Worten ersetzt, die
623 1339 805 1419 Giacosa.
835 1356 1661 1404 Hiebelet“ Schanspiel in drei Akten von Aethur
756 1379 1548 1439 Schnitzler. — Erstaufführungen am 9. Oktobor 1895.)
2680 1388 3346 1454 Saison an Schulen, Vereine, Institute
1665 1385 2676 1440 häufig wenig Geschmack verrathen. Die Idee zu „Liebelei“
1671 1413 2678 1472 wäre nicht übel. Ein schlichtes Mädchen aus dem Volke
2722 1429 3324 1486 Im Hofoperntheater gelangt
663 1418 1663 1478 Der erste Novitätenabend unseres Hofschauspielhauses
1667 1457 2683 1510 verliebt sich in einen jungen Mann aus wohlhabenden
2678 1467 3337 1516 Oper „Cavalleria rustican
643 1467 1665 1522 gehörte zwei Vertretern der modernen Schule und damit
1667 1492 2689 1552 Kreisen, der zuerst nur eine Liebelei beabsichtigt, dann aber
2683 1511 3333 1559 Schläger, Forster und Kaulich und
632 1510 1664 1574 ist auch schon gesagt, daß der Ehebruch als das treibende
1661 1535 2684 1585 durch die innige Liebe des Mädchens gerührt wird und
2690 1532 3341 1596 Neidl zur Aufführung. Hierauf folgt das
626 1551 1664 1602 Motiv in der Handlung der beiden neuen Stücke er¬
1668 1579 2690 1635 solidere Pläne fassen möchte, an deren Ausführung er aber
2686 1573 3339 1634 In der Hosoper haben bereits die Pr
638 1585 1660 1642 scheint. Das erste derselben, der Einakter „Rechte der
1661 1614 2690 1653 dadurch gehindert wird, daß ihn der Gatte einer Frau, mit
2681 1619 3334 1671 in den Spielplan aufgenommenen Ba
628 1625 1663 1673 Seele“, hat den Autor der „Sündigen Liebe“, den
1663 1648 2692 1699 der er vordem in intimen Beziehungen gestanden, zum Duell
2700 1663 3339 1720 mann“ begonnen. Die Titelrolle wir
629 1660 1663 1725 Italiener Ginseppe Giacosa zum Verfasser. Es enthält
1660 1674 2689 1727 fordet und erschießt. Das Mädchen nimmt sich den Tod des
2697 1690 2850 1757 spielen.
630 1705 1658 1756 nahezu keine Handlung, sondern stellt sich als eine psycho¬
1670 1724 2687 1774 Geliebten weniger zu Herzen als die Thatsache, daß er
2717 1716 3334 1783 Der Komiker Herr Wittels ha
625 1737 1666 1788 logische Studie dar, die sich interessant anläßt, dann aber
1669 1756 2688 1820 wegen einer Anderen gefallen ist. Sie reißt sich nach einer
2693 1769 3337 1818 vorgestern der Direktion des Raimun
629 1776 1663 1831 monoton wird und schließlich banal verläuft. Der Ehemann
1662 1800 2684 1844 endlos scheinenden Rührszene von ihrem alten Vater, der
2693 1812 3328 1860 großen Verlegenheit geholfen, denn
640 1807 1659 1867 verliert seinen besten Freund durch dessen Selbstmord. In
1670 1841 2683 1886 eine Art umgekehrter Musikus Miller aus „Kabale und
2695 1839 3327 1903 Stunde mit bestem Erfolge für den
640 1855 1665 1901 der Brieftasche des Hinterbliebenen finden sich die Beweise,
1661 1876 2683 1933 Liebe“ repräsentirt, los und läuft davon. Niemand
2694 1879 3336 1930 katarrh erkrankten Herrn Leopold Na
628 1893 1656 1953 daß derselbe nur darum sich die tödtliche Kugel in den Kopf
1658 1899 2690 1958 weiß wohin. Vielleicht in die Donau, da das Stück
2685 1919 3345 1979 Karl Felbinger in der neuen Gesang
633 1929 1661 1978 gejagt hat, weil ihn die Fran des Freundes nicht erhören
1744 1944 2691 2013 Wien spielt. Diesmal sinkt der arme Vater
1656 1957 1755 2010 in
2699 1954 3346 2009 ratsschwindler“. Heir Witt
637 1968 1662 2016 wollte. Die Brieftasche übt auf der Bühne in der Regel
1665 1988 2685 2048 zu Boden und jammert: „Sie kommt nicht mehr.“ Herr
2700 1998 3338 2041 Sonntag in derselben Rolle auftreten
1225 2004 1664 2062 von jener des seligen
632 2006 1243 2061 eine unheilvolle Wirkung aus —
1666 2023 2680 2082 Schnitzler hat seinem sentimentalen Liebespaar noch ein
2692 2035 3342 2095 den Schneider Würmerl im „Bruder M
643 2042 1665 2091 Fürst im Prater abgesehen — diesmal verwirrt sie den
1663 2064 2685 2115 anderes zur Seite gestellt, das das Leben von der heiteren,
628 2076 1669 2135 traurigen Helden so sehr, daß er eifersüchtig auf den Todten
2733 2083 3347 2128 Im Josefstädter=Theater find#
1667 2088 2686 2155 will sagen leichten Seite nimmt, und den Titel seines Stückes
2699 2121 3337 2173 die erst'e Aufführung des dreiaktig
635 2119 1660 2173 wird und die ihm treugebliebene Gattin mit ungerechten
1679 2131 2689 2194 vollkommen rechtfertigt. Dieses lockere Paar ist dem Antor
630 2156 1655 2197 Vorwürfen so lange kränkt, bis sie ihm endlich gesteht, sie
2699 2162 3334 2201 Rabenvater“ von Jarno und
1660 2177 2691 2225 in der Zeichnung am besten gelungen, während die eigent¬
630 2188 1662 2243 habe in der That den Verstorbenen geliebt und bereue erst
2699 2193 3338 2239 Schwank ist bekanntlich ein Kassenstüch
1668 2209 2693 2266 lichen Träger der Komödie sehr dald zu rührseligen Puppen
631 2225 1668 2287 jetzt ihre Tugend. Das letztere Geständniß nimmt sich im
2689 2231 3324 2282 Theaters. Die Hauptrollen der von
1678 2242 2691 2301 werden, die mit ihrem unaufhörlichen Einerlei ihrer Reden
630 2266 1659 2317 Munde einer anständigen Frau sehr befremdend aus, ist
2689 2255 3345 2326 szeuirten Novität befinden sich in den
1661 2290 2689 2351 das Publikum sehr langweilen würden, wenn Herr Schnitzler
624 2301 1665 2366 aber höchst modern. Der Gatte jedoch ist darüber zuerst
2691 2309 3326 2363 Pohl=Meiser, Fischer, Schmidl=Leeb,
1675 2331 2694 2379 nicht das Glück gehabt hätte, im Burgtheater so gute Dar¬
630 2341 1656 2402 ganz paff und weist die Frau, die patbetisch die „Rechte
2697 2344 3335 2400 der Herren Maran, Franker, C. A.
1672 2372 1983 2430 steller zu finden.
631 2375 1665 2425 der Seele“ vertheidigt, die sie leider nachträglich nicht mehr
2698 2381 3242 2447 Vorstellung beginut um 7 Uhr.
1692 2395 2693 2473 Namentlich Fräulein Adele Sandrock bot mit dem
638 2419 1669 2475 in reelle Praxis umsetzen kann, aus seinem Hause. Sie ist
2727 2400 3339 2470 Im Rudolfsheimer Volkstheat
1660 2443 2691 2510 getäuschten Mädchen eine ausgezeichuete Leisiung, die
640 2456 1662 2511 damit vollkommen einverstanden, worüber der Mann aber¬
2683 2451 3342 2515 noch morgen, Freitag, mit der Direkt
1670 2487 2686 2548 sogar den thränenreichen dritten Akt erträglich machte.
635 2494 1667 2544 mals den Verstond des Antors verliert und in geradezu
2685 2502 3332 2545 Löwe in der Titelrolle in Szene. D
1676 2513 2687 2579 Fräulein Kallina, als leichtfertige Griselte, war von
2697 2539 3345 2594 spielt der neuengagirte Charakterdar
634 2531 1666 2591 erbärmlicher Weise um ihr Verbleiben zu jammern beginnt.
1660 2558 2691 2620 überraschender Natürlichkeit und Frische, die sie trotzdem in
643 2557 1672 2611 Sie aber, deren kuriose Moral den Spieß so wirksam um¬
2686 2575 3336 2636 Nächsten Samstag gelangt „Ei
1671 2605 2690 2653 dezenten Grenzen zu halten wußte. Mit ihr wetteiferte
635 2605 1663 2655 zukehren verstand, daß beinahe der Gatte als der schuldige
2691 2613 3253 2674 willig er“ zur Aufführung.
1672 2636 2692 2688 Herr Zeska als humoristischer Liebhaber, während Herr
639 2647 1667 2692 Theil erscheint, geht stolz von dannen und erklärt, nie
2717 2656 3285 2707 Herr Heinrich Jantsch, der
1672 2667 2692 2730 Kutschera für den sentimentalen Partner die richtigen
626 2686 1661 2752 wieder zu kommen. Der Verlassene bricht lant klagend zu¬
2689 2685 3342 2743 Theaters in Wien und des Troppaue
1673 2715 2686 2767 Töne fand. Den Rächer seiner Gattenehre spielte Herr
636 2721 836 2790 sammen.
2699 2728 3340 2791 gestern in Troppau sein 20jähriges
1661 2749 2689 2796 Mitterwurzer, der nur in einer Szene auftrat, aber
685 2747 1668 2822 Das Stück, das sich oft durch eine geistreiche Sprache
2691 2776 3338 2815 Er hat nämlich vor 20 Jahren, am
1673 2794 2683 2836 dieselbe ganz ausfüllte. Den alten Musikus gab Herr
2705 2808 3341 2868 ersten Male die Direktion einer Büh
644 2809 1666 2848 auszeichnet, fand am Burgtheater eine sehr liebevolle Dar¬
1681 2825 2691 2886 Sonnenthal mit schöner, vom Herzen ausstrahlender
2701 2851 3349 2900 Viktoria=Theaters in Frankfurt a. M.
636 2840 1665 2888 stellung. Frau Hohenfels wußte in der Rolle der un¬
1105 2880 1181 2917 nter
1675 2865 2697 2916 Wärme. Der Beifall, den die Novitäten fanden, war ein
2698 2889 3324 2938 hat er die Stadttheater in Danzig,
630 2879 1670 2937 verstandenen Frau das Interesse der Hörer mächtig zu
1665 2906 2687 2958 lauter. Er galt aber entschieden zur Hauptsache den Dar¬
2707 2912 3327 2969 Königsberg geleitet. Die Mitglieder
629 2913 1675 2968 fesseln und deckte mit ihrer eigenen Anmuth den Mangel
1677 2942 2699 2991 stellern, wiewohl Herr Dr. Schnitzler von seinen im
641 2958 1673 3002 an Sympathie, dem dieses „Nora“=Perbant zum Schlusse
2696 2955 3337 3025 theaters hatten sich zu einer gemeinsch
1668 2979 2693 3030 Hause anwesenden zahlreichen Freunden wiederholt gerufen
643 2985 1672 3036 verfallen muß. Herr Hartmann spielte den Gatten nur
2690 2996 3213 3051 läums ihres Chefs vereinigt.
1667 3017 2692 3077 wurde. Er erschien dankend in einem Anzuge, der wohl im
648 3033 1673 3082 in der ersten Hälfte des Stückes gut, später trieb er einen
2738 3022 3343 3080 An den Musikschulen Kaisen
1672 3055 2701 3104 Koffeehause, nicht aber im Burgtheater, bei solchem, für den
636 3070 1674 3118 übermäßigen Aufwand an Stimmmitteln und larmoyanten
2688 3072 3338 3130 hat der Unterricht in allen Instrumc
1677 3091 2666 3158 Autor bedeutsamen Anlasse, am Platze wäre. Alpha.
645 3102 1677 3163 Gesten. An sekundärer Stelle wirkten Frau Kratz und Herr
2705 3108 3343 3160 Fächern sowohl, wie auch in den
2705 3137 3334 3193 Frau Professor Caroline Pruckn
627 3150 1147 3207 Krastel sehr verdienstlich.
2698 3186 3342 3231 prüfungskurs Anfangs Oktober begon
1708 3169 2703 3238 Im Hofburgtheater gelangt Sonntag, den 13. d. M.,
685 3172 1681 3243 Der Autor der zweiten Novität: „Liebelei,“
2699 3214 3337 3270 Schüleraufnahmen werden Ende Okto
1679 3218 2701 3272 Nachmittags wegen andauernder Erkrankung des Herrn
643 3225 1662 3272 Schauspiel in drei Akten, ist ein in der Wiener Ge¬
2705 3267 3343 3325 des Schuljahres finden Aufnahmen i
1675 3254 2695 3308 Rohert statt „König Richard II.“ — „Othello“ zur Auf¬
637 3268 1668 3314 sellschaft bekannter junger Arzt, Dr. Arthur Schnitzler,
1666 3288 3145 3355 führung. Der Cykius der Königsdramen beginnt am verfügboren Plätze statt.
627 3294 1658 3364 der zu den Talentirteren unter den Wiener „Modernen“
2815 3344 2903 3402 e
2311 3343 2418 3402 S
3171 3391 3342 3475 —5507
644 3391 3094 3490 O CAIITRETTTTT T  AA
