3436 4256
187 221 696 316 5. Liebele
365 220 1336 340 bos 12/7
1864 156 2946 219 Bartels einen gewissen Grad von vornehmem Ra¬
1859 217 2966 278 turalismus zugesteht, erweist sich auch hier wierer
1866 255 2946 317 als geistreich und witzig, als geschmackvoller und
1855 312 2955 364 trefflicher Schilderer, als scharfer Beobachter Die
1861 364 2955 410 dem Dichter eigene Schwermut und der Hang zum
1861 412 2951 462 Düstersehen verleihen dem Schauspiel das für Schnitz
1854 448 2967 511 ler bezeichnete Gepräge. Die Handlung ist ein Stück
1868 493 2954 552 Wirklichkeit und wegen ihrer Lebenswahrheit so
1864 534 2962 599 packend. Sind auch die Beziehungen der Menschen
1862 597 2957 660 zueinander immer nur leicht und flüchtig angedentet
1857 638 2954 689 genießen sie das Erlebte auch nur in der Erinnerung
1856 687 2966 751 und endet die wahre Liebe stets nur mit Trauer,
1873 750 2961 804 so ist die Hauptlache des tiefen Eindruckes in der
1860 789 2965 848 Gegenüberstellung der beiden Weltmenschen, der bei¬
1863 840 2958 897 den gebildeten jungen Leute, die der besten Gesell¬
1865 890 2970 946 schaft angehören, aller geldlichen Sorgen enthoden
1870 948 2967 997 sind, jeden Wunsch erfüllen und jedem Zuge ihre¬
1874 986 2960 1039 Herzens folgen können, und den beiden Mädeln aus
1866 1029 2972 1079 dem Volke zu suchen, von denen das eine als eine
1869 1076 2966 1122 Vertreterin jener erscheint, die zärtlich lieben kön¬
1874 1131 2971 1185 nen, ohne aber dabei das Bedürfnis nach Treue zu
1872 1185 2963 1240 haben, während das andere in Einfalt und Un¬
1862 1220 2975 1284 schuld sein Herz verlangend und heiß an den Einzi¬
1866 1270 2978 1340 gen hängt und von ihm die gleiche Liebe restlos
1868 1334 2977 1398 heischt. Der Vorwurf des Schauspieles, das für
1877 1379 2972 1436 Schnitzler ein großer Erfolg wurde, ist einfach und
1874 1416 2978 1488 schlicht. Beim Vergleiche der heurigen Aufführung
1869 1467 2974 1526 mit denen vergangener Jahre vermißten wir man¬
1877 1523 2973 1576 ches. Die mehrfach wahrgenommenen Pausen und
1874 1561 2967 1628 die dadurch notwendig gewordenen Verlegenheits¬
1879 1616 2971 1675 gespräche wären bei einer Wiederholung zu ver¬
1871 1651 2977 1713 meiden. Der erste Akt ist kein tatsächliches Ge¬
1877 1704 2985 1774 schehen, sondern eine muntere, leichtflüssige Plaude¬
1871 1760 2987 1828 rei. Die Szene zwischen der vier jungen Leute litt
1872 1807 2983 1891 unter nervöser Hast und die zur Schau getragene
1871 1858 2988 1913 Lustigkeit wurde nicht als echt empfunden. Frau
1882 1904 2991 1977 Schartmüller, die wir als denkende Künstle¬
1874 1961 2983 2025 rin schätzen, war auch diesmal wieder mit Herz
1882 2000 2990 2073 und Kopf bei der Sache. Leider faßte sie ihre
1890 2060 2994 2119 Rolle nicht im Sinne des Dichters auf. Die Chr¬¬
1887 2116 2989 2162 stine soll ein süßes Wiener Mädel sein, etwas me¬
1889 2160 2981 2216 lancholisch, nicht berückend, nicht elegant, nicht über¬
1878 2201 2989 2257 mäßig schön, aber begabt mit einem warmen Her¬
1883 2246 2996 2322 zen voll sehnender Liebe, das noch den Glauben an
1880 2309 2996 2354 die Menschen nicht verloren hat und alle mit sei¬
1893 2359 3004 2415 nem eigenen offenen, geraden Sinn mißt. Frau
1900 2392 2986 2458 Schartmüller aber paßte nicht in ihre Umgebung;
1895 2440 2996 2519 sie war viel zu vornehm und hätte eher eine Bür¬
1889 2500 2995 2559 gerstochter aus altem Hause sein können. Frl. En¬
1888 2540 3007 2600 zinger spielte mit viel Temperament und brachte
1886 2590 2998 2670 frisches Leden in die Aufführung. Die männlcchen
1889 2646 2996 2704 Rollen waren mit den Herren Lichtenberg und
1889 2697 2991 2750 Neuhardt gut besetzt. Letzterer war der leicht¬
1893 2726 3000 2805 sinnige, bedenkenlose, von Abenteuer zu Abenteuer
1894 2796 2996 2851 Eilende, den aber doch dann in Vorahnung des
1888 2832 2994 2905 nahenden Verhängnisses tiefe Schwermut befällt.
1884 2886 2994 2947 Herr Lichtenberg (Theodor) verkörperte den
1897 2932 2990 3008 gebildeten Lebemann, der wohl zu lieben weiß, we¬
1898 2987 3011 3043 gen seines kühlen und nüchternen Verstandes aber
1898 3033 3008 3097 jede tiefere Leidenschaft von sich fern hält und im
1895 3079 3005 3150 Weibe keine Traumgestalt sucht. Herr Hübner
1892 3126 3011 3193 (Weiring) stellte den alten Musiker in ergreifender
1886 3184 2991 3238 Weise dar. In kleineren Rollen waren Frl. Proß¬
1901 3227 3003 3303 nitz und Herr Horn mit Vorteil für die Auffüh¬
1892 3287 3007 3342 rung beschäftigt. Die Vorstellung war trotz der
1902 3328 3000 3392 langen Pausen vor halb 10 Uhr zu Ende, ob¬
1892 3372 3011 3436 schon der Zettel ¾10 Uhr als Schluß angegeben
1891 3436 3003 3492 hatte. In der Voranzeige war die gleichzeitige Auf¬
1896 3471 3008 3532 führung des Abschiedssoupers angekündigt worden,
1894 3537 3001 3598 die aber dann ohne Begründung unterblieb, ob¬
1901 3580 2997 3631 wohl „Liebelei“ nicht abendfüllend ist und hier frä¬
1899 3617 2999 3686 her meist mit einem Einakter zusammen gegeben
1898 3671 3000 3731 wurde. Nicht unerwähnt darf bleiben, wessen Gei¬
1897 3714 2996 3782 stes manche der Theaterbesucher — nicht etwa auf
1910 3776 3003 3829 der Galerie nein, auf den teueren Plätzen sind.
1904 3812 2994 3875 Während der packendsten, zu Herzen gehenden Stel¬
1907 3866 2996 3924 len konnte man halblautes Sprechen, ja sogar mehr¬
1911 3924 3002 3974 fach lautes Lachen hören. Es ist doch etwas schö¬
1904 3964 3005 4021 nes um die Rücksicht auf den ach so anspruchs¬
2875 4011 2990 4079 Lt.
1910 4015 2286 4082 vollen Nächsten!
