3436 4224
19 1854 87 1908 run
457 3452 554 3509 das
509 147 732 216 iebe
320 145 752 248 5. A
779 1567 887 1621 Taft
926 1567 1479 1631 hlägt wie das unsere. Da war
1171 1614 1383 1666 Wirklichkeit;
1421 1617 1511 1659 da v
1146 1654 1426 1706 ernheit, da war
957 1653 1089 1705 ühnenn
1441 1650 1528 1706 alles
868 1692 1150 1745 das zum Schlu
1201 1693 1272 1741 nich
769 1724 1112 1782 uslöste, sonderne
752 1765 1168 1822 de Zurechtfinden in den
794 1807 1069 1866 tal im Banne
1111 1810 1189 1862 loser
818 1844 1306 1905 Solch ein Menschenbild he
836 1878 1408 1938 ten Abschied mit zitternder
1520 1889 1683 1938 die Tür
847 1922 1689 1983 dis ihr Fritz hinausgegangen ist, wie sie in
883 1967 1692 2015 ißheit unbewußt mit suchenden Blicken und
992 1999 1700 2046 elbst zu verlieren scheint, das ist ebenso
867 2045 1700 2096 d, wie ihr entsetzliches Erkennen, was sie dem
862 2082 1694 2131 was sein Treubruch bedeutet, wie ihr auch nach
825 2116 1693 2167 nicht bleiben soll, keine ungetrübte Erinnerung,
791 2157 953 2208 er Trost
1009 2160 1695 2224 ihr Sichdurchringen aus lähmender
597 2198 667 2253 Star
736 2177 1262 2262 t zu rascher befreiender Tat.
655 2237 1702 2289 Neben Ida Wüst aber standen Mitspieler, denen allzu¬
574 2272 1701 2333 sammen nur uneingeschränktes Lob ausgesprochen werden
594 2323 1715 2363 ann. Robert Taube als weicher, gutiger, verzeihender
610 2363 1706 2405 ater, Meia Harden als klatschende, ränkesüchtige Nach¬
676 2394 1703 2457 Toni Rupprecht und Leopold Murauer als
677 2436 1707 2490 ebiges Pärchen, das hernach sich so plötzlich vom
725 2475 1711 2522 n Ernste des Geschehnisses berührt sieht (beide waren
718 2518 1707 2559 stummen Spiel der letzten Szene bewundernswert),
723 2557 1707 2609 v Semler in der besonders wohlgelungen durchge¬
731 2589 1703 2647 Rolle des betrogenen Ehemanns, vor allem aber
708 2628 1710 2683 d Schindler als Christines Geliebter. Die Auf¬
722 2671 1703 2721 jeser Rolle ist unsagbar schwer, denn das, was sie
766 2709 1708 2755 erfüllt und gestaltet, liegt in einem Erleben, das
793 2747 1702 2791 ichtbaren Ereignissen vor sich geht. Daß Schindler
799 2794 1712 2837 eses Erleben dennoch nicht nur nahe brachte,
809 2823 1707 2877 überzeugten Anteil daran nehmen ließ, ist seiner
811 2859 1702 2912 klugen Schauspielkunst zu danken. Wie er auf
801 2900 1713 2956 Belt der „Liebelei“ sternenfernen Gebiete gezeigt
763 2942 1705 2998 r sich nur der guten und vornehmen Mittel zu be¬
586 2991 1707 3032 dienen pflegt, so verschmahte er auch als Fritz jedes Ueber¬
576 3024 1705 3066 treiben oder Unterstreichen; ganz leise deutet er an, mit den
596 3056 1708 3107 einsten und zartesten Linien zeichnet er die Umrisse dieser
583 3088 1704 3145 Figur, die doch gleich vom ersten Augenblick an vertraut und
578 3130 1700 3188 liebenswert vor uns stand und uns mitriß durch alle ihre
569 3168 1585 3232 Nöte und Zweifel bis zum grausam schlimmen Ende.
633 3219 1706 3264 Direktor Stein hatte die Regie geführt und das Ganze
572 3257 1704 3307 mit innigstem Verständnis ganz auf die Stimmung angelegt,
567 3299 1707 3344 die dem Charalter der Schnitzlerschen Dichtung innerlich und
573 3347 1697 3385 äußerlich entsprach. Diese Regie hat ihren nicht zu unter¬
580 3377 1696 3442 schatzenden Anteil an dem erfreulichen Gelingen dieses ersten
585 3414 1404 3467 literarischen Abends im Deutschen Theater.
633 3451 1807 3505 Das Publikum, das dankbar reichsten Beifall spendete, ih
2583 1465 2756 1538 Mögrichte
1761 1577 2672 1631 atte sich ziemlich zahlreich eingefunden; hoffentlie
1735 1620 2654 1664 aber nicht nur die künftigen literarischen Abende
1750 1654 2602 1704 besucht, sondern es wird auch sonst — das sei bei d
1741 1694 2267 1747 heit nochmals ausgesprochen
2353 1698 2622 1752 die soziale
1746 1738 2627 1782 lerische Pflicht, deren Erfüllung sich niemand en
1747 1777 2630 1824 der nur irgend dazu in der Lage ist, fleißiger g
1742 1817 2656 1860 hannoverschen Bühnen durch guten Besuch in die
1740 1861 2665 1921 bringen, durchzuhalten. Auch sie arbeiten zu ihrem
1730 1896 2704 1944 im Dienste des Vaterlandes, sei es, indem sie die
1729 1939 2709 1985 gebliebenen durch die Gewährung edler Genüsse erhel
1736 1975 2732 2016 erbauen, sei es, daß sie in das ernste und schwere Leb
1733 2009 2747 2077 Zeit einspaar fröhliche, lustige, erholungschaffende Sti
1730 2049 1906 2106 bringen.
2392 2053 2813 2116 Martin Frehsee.
