3344 4256
393 141 805 231 Liebelei
918 138 1384 249 box 11/2
235 141 816 274 5. Mateker
562 444 1946 523 Über Schnitzlers „Liebelei“, die auch in den Kammerspielen auferstanden,
480 503 1942 563 nur wenige Worte: Der Wiener Walzer in seinen weichen Mollakkorden und
474 555 1954 630 hüpfend leichten Tanzrhythmen, mit seiner Wehmut und seinem Feuer, dieser
485 610 1947 679 Wiener Walzer und das Wiener Mädel sind enge Verwandte. In der „Liebelei“.
481 661 1954 745 geigen zuerst die Fröhlichen zum Tanze und dann kommt das harte Leid, die
475 714 1952 784 weiche Trauer. Aber es fließt doch auch hier das eine zum andern — zu einer
486 766 1952 844 Atmosphäre zusammen. Gerade die rechte Atmosphäre hatte die Berliner Auf¬
486 822 1952 900 führung nicht. Ein Beispiel: wie spröde und nüchtern war der alte Weiring
483 882 1953 961 Hans Pagays, eine Figur, die aus der lächelnden Melancholie von Grillparzers
479 937 1960 1011 armem Spielmann gestaltet werden muß. Die Lustigkeit war ohne wienerischen
484 989 1967 1064 Schmiß, und die Sentimentalität des sanguinischen Wiener Temperaments wurde
486 1046 1541 1124 durch kontemplative norddeutsche Gedankenstriche verzerrt.
2818 1782 3220 1889 Seen eeenenee ne
1350 1838 3359 1940 hat. Nahe Bande der Verwandtschaft, der Freund=nicht widerstehen konnte, mußte das Groß= seinem Herrn
1359 1909 3340 1990 schaft und der Bundestreue haben bis zum herzogtum mit einer Kriegs=Kontribution die die Kaiser
649 1894 1200 2045 Die Beilagen
1356 1972 3358 2040 heutigen Tage den mehr als Achtzigjährigen von sechs Millionen Gulden an Preußen bezahlen. königliche Si
1354 2007 3335 2084 mit dem Hause Hohenzollern und dem Reiche Kein Fürst mochte aber im Innern seines Herzensgebrauchen.
471 2023 1359 2110 der vorliegenden Nummer enthalten u. a.
1348 2064 3361 2127 verbunden. Es gibt wenige unter den Bundes= den Sieg eines Gegners jemals freudiger begrüßt des Fürsten.
471 2095 1046 2181 die nachstehenden Beiträge:
1345 2119 3322 2188 fürsten, in deren Herzen von allem Anfange an haben, als der Großherzog den der preußischen er im Jahr
1344 2167 3197 2252 der nationale Gedanke in so kräftiger Weise Waffen. Nach dem preußischen Siege in Böhmen auf
470 2155 957 2253 Berliner Börse.
1349 2219 3180 2287 Wurzel geschlagen hat, wie in der Seele dieses und vor allem auch nach der Niederlage der Bal
1356 2265 3184 2334 Fürsten aus dem Hause Zähringen: und es gibt auch badischen Division bei Werbach war übrigens die eine
468 2239 1025 2349 Unsterbliche Liebe.
1356 2316 3184 2386 wenige Herren in deutschen Landen, denen es be= öffentliche Meinung in Baden gar rasch umge¬ hine
552 2323 900 2408 Von J. Colin.
1361 2344 3186 2432 schieden war, schwerere Prüfungen durchzukämpfen, schlagen. In einer Adresse des Landtages wurde es
1358 2397 3190 2469 wie gerade ihm. Aber nach all den Kämpfen der Großherzog alsbald gebeten, den nutzlosen Aul
481 2391 943 2494 Das Armband.
2224 2460 3197 2544 Krieg aufzugeben und den Auschluß an Preußen in d
1362 2464 2179 2528 kamen die Siege, die Erfolge und die Ruhe.
555 2473 989 2547 Von D. K. Brown.
3079 2510 3180 2570 u0d
1410 2516 2581 2589 Es war eine schlimme Zeit für das großherzog= zu bewerkstelligen.
2284 2532 3175 2627 Im August wurde der Alliancevertrag mit fie
1366 2571 2242 2625 liche Haus von Baden, als der Großherzog ge¬
474 2537 1244 2653 Mozart und die Zigenner.
2227 2617 3182 2669 Preußen geschlossen und als vier Jahre später der bau
1359 2613 2236 2677 legentlich der großen Auseinandersetzung Preußens
551 2606 995 2702 Von J. C. Lusztig.
2241 2659 3210 2721 große Krieg ausbrach, da war es selbstverständlich, Bund
1359 2661 2250 2722 mit Oesterreich sich im Widerspriche zu der Mehr¬
1360 2711 3277 2777 heit seiner Bevölkerung befand. Er, der Schwie= daß die badischen Truppen Schulter an Schulter pieser Wi
481 2683 1323 2790 Liebeskomödie. Von Una Hudson.
2233 2747 3295 2810 mit den preußischen kämpften. Die badischemis Bisn
1361 2765 2235 2820 gersohn des Preußen=Königs, war gezwungen,
1364 2803 3295 2865 das Schwert gegen diesen zu ziehen. Division stand u ter dem Oberbefehl des Generals werfen mn
482 2782 1249 2893 Das Opfer einer Rettung.
1368 2849 3310 2915 Wie ungern er dies tat, wie dies erst von Werder, und die Tage von Straßburg, Dijon, Schwierigke
544 2858 998 2940 Von Elliot Flower.
1364 2886 3327 2971 geschah, als ihm nach einer Aufrage in Berlin die Nuits und Belfert bilden unverwelkliche Ruhmes= Kaisertitels
493 2904 1366 3000 Sport, Theater, Kunst und Literatur usw.
1360 2953 3358 3019 niederschmetternde Kunde ward, Preußen sei nicht blätter in der Geschichte des badischen Armee. Aber helms sich ni
1352 3001 3325 3058 in der Lage, das Großherzogtum im Falle einer bedeutungsvoller als das Eingreifen der kleinen der Großher
1363 3044 3343 3106 etwaigen Okkupation von Seite süddeutscher badischen Militärmacht in die Entscheidungen des dem Kronpri
1364 3096 3358 3157 Truppen zu schützen, das ist in jeder Schilderung großen Kampfes war die persönliche Rolle, die ehlichste in
1358 3144 3342 3212 jener historischen Ereignisse zu lesen. Wit späterhin Großhrzog Friedrich von Baden als auch keiner
648 3069 1276 3234 Feuitteron.
1372 3191 3359 3263 wenig er im Herzen auf der Seite Schwiegersohn des Königs von Preußen und als seinen „Geda
1363 3246 3351 3307 Oesterreichs war, war niemandem fremd, der sich einer der ersten seiner Paladine bei der Errichtung der zornigen
686 3252 1198 3358 Berliner Leben.
1366 3290 3357 3351 daran erinnerte, mit welchem Freimut gerade er des Deutschen Reiches spielte. Neben dem Kron= Charakter=Me
2245 3321 3360 3396 prinzen, dem späteren Kaiser Friedrich, besaß wohl Stunde, die
548 3328 2249 3406 Die Gedanken der deutschen Nation fliegen in drei Jahre vor Ausbruch des Krieges am Fürsten¬
484 3382 3359 3443 die Tagen nach dem Schmerzenslager, auf das tage zu Frankfurt den österreichischen dynastischen kein anderer in so unbeschränktem Maße das Ohr ging, war de
504 3456 3358 3513 eine schwere Krankheit einen der ehrwürdigsten Pläuen entgegen zu treten gewagt hatte. und das Vertrauen des greisen fürstlichen Herrn, stimmen und
499 3488 3334 3560 unter den deutschen Bundesfürsten, den Groß=Daß Friedrich von Baden der Mehrheit wie er. Fürst Bismarck war dies nicht fremd, werk, wie
489 3534 3360 3616 herzog Friedrich von Baden, hingestreckt seines Ministeriums und seines Landtages und er wußte den Einfluß des Großherzogs bei Spiegelsaale
