3484 4224
347 154 750 235 Liebelei
888 160 1362 272 box 13/8
207 150 776 281 B. MAhekuc.
266 1571 2071 1670 die Kronung des Einigungswerkes in Deutsch= bewies er allzeit durch Wort und Tal al#.
268 1636 3026 1720 land zugeschrieben werden muß. Bismarck schreibt in Heidelberg studierte, wirkte dort noch der alte des dahingeschiedenen Fürsten dirdersent
1221 1767 2214 1845 Blumenboot; wir haben seine Novellen und Romane
2193 1789 3182 1868 Tage wenn der Kritiker es uns sagt, sondern er¬
318 1703 1095 1893 W Zentkeien.
1222 1822 2211 1893 gelesen: Im Zwielicht, Frau Sorge, Die Geschwister,
228 1743 337 1922 0
2193 1833 3179 1906 klecklich später wird es uns klar werden, ob uns das
1226 1872 2215 1934 Der Katzensteg, Jolanthes Hochzeit, Es war. Und
2198 1882 3187 1957 Stück gefallen hat, nein ob es wert ist, den Tag zu
1236 1918 3189 1990 wir haben auch seine Streitschrift in die Hand be= überdauern. Unser Beifallsgeschrei kann einem
266 1859 502 2003 AC
464 1927 994 2029 Literatur.
1224 1958 3187 2044 kommen: „Die Verrobung der Theaterkritik.“ Er Dichter einen glücklichen Abend bererten, das Zischen
1220 1997 3097 2073 hatte ein Recht sich zu beklagen. Die Theaterkritik der Berliner — wir selbst zischen ja nicht — ka
3114 2018 3187 2076 n
367 2017 1244 2091 Sudermann wird morgen fünfzig Jahre alt.
1240 2045 2197 2105 hatte ihn verhöhnt, als der Erfolg ihn verließ; zum
2203 2054 3175 2119 ihn zum Selbstmord treiben und dennoch sprechen
252 2067 1245 2138 Alle seine zahlreichen Freunde werden dem Dichter
1239 2089 2192 2152 Teil wohl auch, weil er ihn verließ. Der Berliner
2203 2102 3181 2182 erst die Kommenden das gerechtere Urteil und erst
251 2118 1236 2178 der „Ehre“, der „Heimat“ der „Drei Reiherfedern“,
1232 2128 2196 2191 Premiérenmob hatte förmlich Orgien gefeiert. Man
2199 2140 3060 2203 sie entscheiden wahrhaft über Leben und Tod.
263 2165 1248 2228 des „Johannes“ ihre Glückwünsche senden, dem
1229 2173 2215 2236 konnte da wieder einmal die Psychologie der Massen
2281 2173 3177 2246 Man hat Sudermann sehr weh getan. War
262 2206 2193 2268 Dichter unt dem vornehmen Menschen, als den ihn studieren, die blindwütend die Götzenbilder nieder¬
2191 2222 3174 2290 der Erfolg sein Verbrechen? Oder war es der Miß¬
264 2246 2199 2319 eben seine Freunde kennen. Aber es wird keine un= reißen, denen sie eben noch Weihrauch gestreut, und
2191 2266 3173 2328 erfolg? Wenn man ihn nach seinem Wollen be¬
251 2296 2207 2365 getrübte Freude sein, die ihn an diesem Tag erfüllen die Könige quillotinieren um deren Lächeln sie eben
2193 2313 3186 2391 urteilt, so muß man zugestehen, daß er sich stets mit
254 2335 2199 2405 wird. Er ist berühmt und reich; er hat sich nicht noch gebuhlt. Wir in Prag sind so furchtbar gut
2185 2349 3185 2428 ernsten Problemen gesellschaftlicher oder psychologi¬
247 2388 1254 2447 nur auf der deutschen Bühne heimisch gemacht, son¬
1231 2392 3169 2467 gesittet. Bei uns fällt kein Dichter durch; wir lassen scher Art abgegeben hat und daß er auch da, wo der
257 2427 1235 2481 dern auch auf der französischen und italienischen.
1232 2433 2199 2501 sogar Kurt Kraatz leben. Wir wissen: er lebt sich
2185 2437 3120 2502 materielle Erfolg ungewiß war, nicht gezögert hal
253 2465 1246 2519 Wenn wir nicht irren, ist er sogar auf der türkischen
1232 2463 2196 2539 selbst zu Tode. Wir brauchen uns nicht zu empören,
2191 2482 2961 2546 die Gestalten, die sich ihm entgegendrängt
3045 2491 3113 2549 u b
256 2511 1238 2577 und japanischen Bühne erschienen. Aber was hilfts?
1228 2510 2196 2583 brauchen nicht zu pfeifen — woher sollen wir plötzlich
2187 2514 2928 2595 leben; so in den „Drei Reiherfedern“, so
257 2557 1239 2611 Die Palme seines Ruhmes hat einen Knacks bekom¬
1226 2559 2190 2631 Pfeifen nehmen? Wir schütteln den Kopf und gehen
2182 2564 2913 2638 nes“ Er wandte sich zur Sage und
3103 2559 3172 2654 n
248 2586 2200 2661 men. 17 Jahre alt ist sein erster großer Erfolg: schleunigst soupieren. Es kommt eben nicht viel
2187 2612 3032 2689 Geschichte, obzwar er wußte, daß seine Kre
254 2647 1239 2698 „Die Ehre“. Noch am Tage der Aufführung ging
1228 2636 3034 2729 darauf an, ob der Dichter unser consilium abeundil Berliner Boden wurzelte. Und obzwar er
252 2683 1230 2744 sein Direktor, Oskar Blumenthal, bangen Herzens
1227 2696 3172 2745 erhält; er versucht sein Glück eine Stadt weiter. In fleißig war hat er doch nicht gehudelt, sondern ernst¬
249 2720 1231 2785 im Theater herum — wirds am Abend den üblichen
1233 2738 3178 2788 Berlin fühlt jeder Premièrenbesucher das Schicksal haft gearbeitet. Wenn man ihn nach seinem Können
250 2767 3162 2832 Berliner Theaterstandal geben? Und am selben eines Dichters in seinen Handflächen, er macht beurteilt, dann muß man ihn erst recht anerkennen,
259 2819 1230 2875 Abend hatte Berlin hatte Deutschland einen großen
1226 2824 2190 2888 Literaturgeschichte. Wir aber machen keine. Der
2182 2827 3164 2903 denn um seinen Witz, der sowohl in der Wirkung der
247 2845 1239 2921 Dramatiker. Wir haben ja alles weitere miterlebt:
1222 2865 2193 2924 Dichter und die Literaturgeschichte stehen uns ein
2181 2871 3170 2957 Szene, wie in der des Dialogs die geschicktesten Stei¬
251 2903 2196 2958 Sodoms Ende, Heimat, die Schmetterlingsschlacht, bißchen fern, mit der objektiven Ruhe des lächelnden
2183 2913 3172 2971 gerungen hervorruft, könnten ihn nahezu alle leben¬
245 2949 2186 3012 Morituri, das Glück im Winkel, Johannes, Die drei Weisen lassen wir die Literatur über uns ergehen,
2171 2951 3161 3023 den deutschen Dichter — Kurt Kraatz eingeschlossen —
246 2989 2201 3049 Reiherfedern, Johannisseuer, Es lebe das Leben, Der denn wir wissen: jeder Tage gebiert neue Gedanken,
2182 3000 3160 3069 beneiden. Er hat sich freilich manchmal getäuscht
259 3037 3164 3132 Sturmgeselle Sokrates, Stein unter Steinen, Das neue Bestrebungen, neue Stücke. Nicht am nächsten und die Sicherheit seiner Feder ist ihm noch mehr
