3392 4256
1462 195 1542 294 M
292 288 666 392 Liebelei
215 283 1261 440 Lstesse box 13/6
512 878 2755 1068 hinaufgezeigt, beim Nort Thinunter“ hinunter. Sein Not Herz vird
521 1006 2750 1209 auf das Herz gezeigt und Vorte Lachen wird gelacht, drei Schritte
523 1127 2810 1298 rechts, sich gegenseitig drehen, drei Schritte links. Die ältestens
523 1239 2856 1437 Figuren auf der Serviertasse haben also nicht vergebiih ihre hundert¬
527 1350 2810 1504 jährigen Traditionen bewahrt. Die Dilettantenrevuen in der Handels¬
537 1463 2812 1635 und Angestelltenvereinigung wirken ganz bahnbrechend wenn man einen
543 1606 1240 1763 Vergleich anstellt.
866 1677 2862 1836 Mitten in diesen künst1erischen Jammer ging Holger Renberg
536 1789 2768 1937 herum als Gleichnis eines alten Nusiktehrer und spielt einen Men¬
556 1890 2814 2080 schen. Jedesmal wenn er vie eine Stimngabel den Ion nta#nz rein und
545 2000 2701 2200 klar gab, brüllt das Stück, die Szeneris und die Mitspieler ein
546 2144 2719 2252 falsches ##l. Erling Schröder gab jedoch den faden Zinnsoldaten¬
555 2235 2833 2379 lantnant ganz gut und Henry Schmidt stand ihm brav zur Seite. Klara
560 2355 2814 2485 Oestö die ja nicht um vieles angenehmer singt, als ein Messer, vel¬
567 2446 2885 2612 ches auf einen Teller knirscht, hat einen echten Schrebergartenhumor,
556 2576 2803 2737 und sah sich bemüseigt, die besten Witze des Abends zu bringen.Der
565 2696 1991 2859 Thautete kurz und gut slqul (zum Teufel).
846 2762 2924 2922 Eine gute unda anmutige Dame, Fräulein Else Jarlbak debutien¬
566 2917 2801 3073 glauben wir- in der veiblichen Hauptrolle des Stückes als die arg¬
564 2998 2809 3163 lose Christine. Was sie sonst in sich aufnimmt, muss die Zeit zei¬
573 3102 2912 3258 gen. Aber für diese Premiere war sie vie geschaffen. Das Gesicht oval
570 3259 2900 3372 wie ein alter Tagerotypferahmen gleich zum Immatellen kranz, das Pro —
571 3346 2870 3502 f11 in Camee, Gesamteindruck: die Psyche einer Kommode in einer net¬
576 3437 2853 3560 ten Fürgeratube, könnte einer Tornure nicht anders tragen. Fräulein
584 3558 2734 3690 Jarlbak war bei ihrem Entree etvas nervös und hatte Angst ihren
587 3673 2936 3820 Gesuchtsausdruck, den sie sich eben im Garderobespiegel gesichert h.t,
580 3812 2899 3922 zu ändern, aber nach und nach vur de sie natürlich und offerierte ein
