<?xml version="1.0" encoding="UTF-8" standalone="yes"?>
<PcGts xmlns="http://schema.primaresearch.org/PAGE/gts/pagecontent/2013-07-15" xmlns:xsi="http://www.w3.org/2001/XMLSchema-instance" xsi:schemaLocation="http://schema.primaresearch.org/PAGE/gts/pagecontent/2013-07-15 http://schema.primaresearch.org/PAGE/gts/pagecontent/2013-07-15/pagecontent.xsd">
    <Metadata>
        <Creator>prov=University of Rostock/Institute of Mathematics/CITlab/Gundram Leifert/gundram.leifert@uni-rostock.de:name=ONB_Newseye_GT_M1+(htr_id=10810)::::v=2.4.2
prov=University of Rostock/Institute of Mathematics/CITlab/Tobias Gruening/tobias.gruening@uni-rostock.de:name=de.uros.citlab.module.baseline2polygon.B2PSeamMultiOriented:v=2.4.2
prov=University of Rostock/Institute of Mathematics/CITlab/Tobias Gruening/tobias.gruening@uni-rostock.de:name=/mnt/transkribus/LA/DEA/URO/LA_news_onb_att.pb:de.uros.citlab.segmentation.CITlab_LA_ML:v=2.4.2
Transkribus</Creator>
        <Created>2019-10-07T12:04:43.780+02:00</Created>
        <LastChange>2019-10-09T20:46:57.066+02:00</LastChange>
        <TranskribusMetadata docId="223992" pageId="9510122" pageNr="1929" tsid="16687698" status="IN_PROGRESS" userId="40391" imgUrl="https://files.transkribus.eu/Get?id=QFWFZBQZBHJNNYSVCEEEWMVP&amp;fileType=view" xmlUrl="https://files.transkribus.eu/Get?id=LBTIKWSGVXUBZSBWHRCGHZYE" imageId="6198824"/>
    </Metadata>
    <Page imageFilename="223992_1929.jpeg" imageWidth="3484" imageHeight="4192">
        <ReadingOrder>
            <OrderedGroup id="ro_1711446537225" caption="Regions reading order">
                <RegionRefIndexed index="0" regionRef="r1"/>
                <RegionRefIndexed index="1" regionRef="r2"/>
            </OrderedGroup>
        </ReadingOrder>
        <TextRegion orientation="0.0" id="r1" custom="readingOrder {index:0;}">
            <Coords points="216,201 216,3931 1414,3931 1414,201"/>
            <TextLine id="r1l1" custom="readingOrder {index:0;}">
                <Coords points="320,231 723,240 739,234 739,175 655,185 603,169 551,180 491,167 462,185 450,173 384,183 360,169 320,185"/>
                <Baseline points="328,226 353,226 378,226 403,225 429,225 454,225 479,224 504,224 530,224 555,224 580,224 605,224 631,224 656,224 681,224 706,225 732,225"/>
                <TextEquiv>
                    <Unicode>Liebelei</Unicode>
                </TextEquiv>
            </TextLine>
            <TextLine id="r1l2" custom="readingOrder {index:1;}">
                <Coords points="870,235 1028,244 1053,227 1096,248 1150,237 1192,252 1298,217 1298,173 1241,164 1134,177 1109,165 1049,193 1006,184 959,196 910,171 870,198"/>
                <Baseline points="878,225 903,226 929,228 955,229 981,230 1006,231 1032,232 1058,232 1084,233 1109,233 1135,233 1161,232 1187,232 1212,231 1238,229 1264,228 1290,225"/>
                <TextEquiv>
                    <Unicode>box 13/7</Unicode>
                </TextEquiv>
            </TextLine>
            <TextLine id="r1l3" custom="readingOrder {index:2;}">
                <Coords points="321,272 352,274 376,255 417,265 487,255 534,258 563,281 655,260 694,274 733,262 733,220 675,214 627,230 602,209 545,230 490,231 476,218 451,231 321,228"/>
                <Baseline points="328,247 354,248 381,249 407,249 434,250 460,250 487,250 513,250 540,249 566,249 593,249 619,249 646,249 672,250 699,250 726,251"/>
                <TextEquiv>
                    <Unicode>Sretetenenerenenenennenenn</Unicode>
                </TextEquiv>
            </TextLine>
            <TextLine id="r1l4" custom="readingOrder {index:3;}">
                <Coords points="285,568 293,567 308,577 324,564 344,573 363,565 376,565 372,488 363,488 358,493 342,488 327,494 318,491 299,498 294,495 292,499 281,498"/>
                <Baseline points="292,564 317,561 342,559 368,560"/>
                <TextEquiv>
                    <Unicode>60</Unicode>
                </TextEquiv>
            </TextLine>
            <TextLine id="r1l5" custom="readingOrder {index:4;}">
                <Coords points="436,621 553,651 763,620 1136,634 1135,575 1070,558 835,579 664,556 598,588 435,584"/>
                <Baseline points="443,625 477,625 511,625 545,624 580,623 614,623 648,622 682,621 717,620 751,619 785,618 819,618 854,617 888,616 922,615 956,614 991,613 1025,613 1059,612 1093,612 1128,612"/>
                <TextEquiv>
                    <Unicode>Die Fledernaus, vien</Unicode>
                </TextEquiv>
            </TextLine>
            <TextLine id="r1l6" custom="readingOrder {index:5;}">
                <Coords points="653,698 687,703 726,689 790,698 818,683 892,677 915,691 1010,685 1010,646 910,622 865,633 840,624 822,641 764,619 744,636 652,629"/>
                <Baseline points="660,675 686,676 712,677 738,677 765,677 791,677 817,677 844,676 870,675 896,675 923,674 949,674 975,674 1002,674"/>
                <TextEquiv>
                    <Unicode>23.3. 1955</Unicode>
                </TextEquiv>
            </TextLine>
            <TextLine id="r1l7" custom="readingOrder {index:6;}">
                <Coords points="302,825 329,819 339,827 365,812 369,817 377,817 378,748 335,745 330,749 303,749"/>
                <Baseline points="310,795 340,795 370,796"/>
                <TextEquiv>
                    <Unicode>0</Unicode>
                </TextEquiv>
            </TextLine>
            <TextLine id="r1l8" custom="readingOrder {index:7;}">
                <Coords points="442,863 513,883 567,855 682,851 757,873 800,843 1029,867 1046,862 1045,815 911,790 809,810 647,789 597,812 440,814"/>
                <Baseline points="449,860 478,859 508,859 537,858 567,857 596,856 626,854 655,853 685,852 714,850 744,849 773,847 803,846 832,845 862,844 891,843 921,843 950,843 980,842 1009,843 1039,844"/>
                <TextEquiv>
                    <Unicode>vissen Sie sohon,</Unicode>
                </TextEquiv>
            </TextLine>
            <TextLine id="r1l9" custom="readingOrder {index:8;}">
                <Coords points="414,1021 1271,985 1269,937 1229,928 1043,955 735,945 531,981 489,954 413,988"/>
                <Baseline points="421,1003 463,1003 505,1004 547,1004 589,1004 631,1003 673,1002 715,1001 757,1000 799,999 842,998 884,996 926,994 968,992 1010,991 1052,989 1094,986 1136,985 1178,983 1220,981 1263,979"/>
                <TextEquiv>
                    <Unicode>daß das Londoner Gastspiel</Unicode>
                </TextEquiv>
            </TextLine>
            <TextLine id="r1l10" custom="readingOrder {index:9;}">
                <Coords points="493,1075 1228,1052 1272,1033 1269,985 1233,1005 615,1008 565,1054 492,1057"/>
                <Baseline points="500,1074 538,1070 576,1065 614,1062 652,1059 691,1056 729,1053 767,1051 805,1049 843,1047 882,1046 920,1044 958,1042 996,1041 1034,1039 1073,1037 1111,1036 1149,1034 1187,1032 1225,1030 1264,1027"/>
                <TextEquiv>
                    <Unicode>efstadh auf. den- Merbst ver¬</Unicode>
                </TextEquiv>
            </TextLine>
            <TextLine id="r1l11" custom="readingOrder {index:10;}">
                <Coords points="352,1065 399,1063 416,1050 428,1060 449,1051 461,1060 478,1046 510,1060 521,1054 534,1059 544,1050 579,1051 577,1026 552,1023 543,1014 533,1023 478,1013 455,1026 432,1018 424,1023 402,1006 380,1025 351,1028"/>
                <Baseline points="359,1057 385,1056 412,1056 438,1055 465,1055 491,1053 518,1051 544,1049 571,1045"/>
                <TextEquiv>
                    <Unicode>der Jos</Unicode>
                </TextEquiv>
            </TextLine>
            <TextLine id="r1l12" custom="readingOrder {index:11;}">
                <Coords points="357,1103 1262,1080 1236,1046 1045,1040 525,1076 473,1049 356,1076"/>
                <Baseline points="365,1103 409,1103 454,1103 498,1102 543,1101 587,1100 632,1099 676,1098 721,1097 765,1095 810,1094 854,1092 899,1090 943,1088 988,1086 1032,1083 1077,1081 1121,1078 1166,1076 1210,1074 1255,1071"/>
                <TextEquiv>
                    <Unicode>schoben würde? Es soll Schnitzlers „Lie¬</Unicode>
                </TextEquiv>
            </TextLine>
            <TextLine id="r1l13" custom="readingOrder {index:12;}">
                <Coords points="367,1174 1070,1130 1263,1161 1285,1093 365,1121"/>
                <Baseline points="373,1146 418,1147 463,1148 508,1147 554,1147 599,1146 644,1144 690,1142 735,1141 780,1138 826,1137 871,1134 916,1132 961,1131 1007,1129 1052,1127 1097,1126 1143,1126 1188,1125 1233,1125 1279,1126"/>
                <TextEquiv>
                    <Unicode>belei“, mit Paula Wessely#ii der</Unicode>
                </TextEquiv>
            </TextLine>
            <TextLine id="r1l14" custom="readingOrder {index:13;}">
                <Coords points="356,1198 462,1220 520,1197 620,1213 816,1184 959,1198 946,1141 355,1167"/>
                <Baseline points="363,1197 392,1197 421,1197 451,1197 480,1196 510,1195 539,1195 568,1194 598,1192 627,1191 657,1190 686,1189 715,1187 745,1186 774,1185 804,1184 833,1183 862,1182 892,1181 921,1181 951,1180"/>
                <TextEquiv>
                    <Unicode>Haupirolle, gespielt werden.</Unicode>
                </TextEquiv>
            </TextLine>
            <TextLine id="r1l15" custom="readingOrder {index:14;}">
                <Coords points="838,1404 878,1400 899,1406 932,1392 945,1400 954,1395 970,1402 970,1335 960,1337 922,1306 909,1318 882,1321 872,1330 860,1324 837,1331"/>
                <Baseline points="845,1379 874,1374 904,1373 933,1375 963,1377"/>
                <TextEquiv>
                    <Unicode>S</Unicode>
                </TextEquiv>
            </TextLine>
            <TextLine id="r1l16" custom="readingOrder {index:15;}">
                <Coords points="456,1484 526,1463 618,1493 657,1468 790,1491 906,1463 1040,1480 1099,1459 1099,1361 1014,1369 911,1315 741,1346 680,1334 593,1392 456,1370"/>
                <Baseline points="464,1454 495,1454 526,1455 558,1457 589,1458 621,1459 652,1459 683,1460 715,1461 746,1462 778,1462 809,1462 840,1462 872,1462 903,1462 935,1461 966,1460 997,1459 1029,1457 1060,1455 1092,1452"/>
                <TextEquiv>
                    <Unicode>Neues Michter Jouraal. Wien</Unicode>
                </TextEquiv>
            </TextLine>
            <TextLine id="r1l17" custom="readingOrder {index:16;}">
                <Coords points="604,1627 690,1634 735,1606 886,1617 908,1600 980,1623 1056,1592 1056,1534 1041,1529 878,1541 829,1527 692,1548 604,1531"/>
                <Baseline points="612,1602 637,1601 663,1600 689,1599 714,1599 740,1599 766,1599 791,1600 817,1600 843,1601 869,1601 894,1601 920,1601 946,1601 971,1601 997,1601 1023,1600 1049,1599"/>
                <TextEquiv>
                    <Unicode>24. MBZ. 1935</Unicode>
                </TextEquiv>
            </TextLine>
            <TextLine id="r1l18" custom="readingOrder {index:17;}">
                <Coords points="245,1732 1322,1736 1324,1671 1181,1654 1034,1682 999,1649 248,1638"/>
                <Baseline points="253,1699 306,1705 359,1710 412,1714 465,1717 518,1720 571,1723 624,1725 677,1727 730,1728 784,1729 837,1730 890,1731 943,1731 996,1732 1049,1732 1102,1733 1155,1734 1208,1735 1261,1736 1315,1738"/>
                <TextEquiv>
                    <Unicode>Schnitzlers „Liebelei“ in London.</Unicode>
                </TextEquiv>
            </TextLine>
            <TextLine id="r1l19" custom="readingOrder {index:18;}">
                <Coords points="298,1780 1273,1813 1405,1801 1406,1767 1300,1736 299,1738"/>
                <Baseline points="306,1766 360,1769 415,1773 469,1776 524,1778 578,1780 633,1781 687,1783 742,1784 796,1785 851,1786 906,1787 960,1788 1015,1789 1069,1790 1124,1791 1178,1793 1233,1794 1287,1796 1342,1798 1397,1800"/>
                <TextEquiv>
                    <Unicode>Aus London wird uns gemeldet: Charles B. Cochran</Unicode>
                </TextEquiv>
            </TextLine>
            <TextLine id="r1l20" custom="readingOrder {index:19;}">
                <Coords points="211,1831 1412,1852 1349,1797 279,1796 213,1765"/>
                <Baseline points="219,1817 278,1819 337,1822 396,1824 456,1826 515,1828 574,1829 634,1831 693,1832 752,1833 812,1834 871,1835 930,1836 989,1837 1049,1838 1108,1840 1167,1841 1227,1842 1286,1844 1345,1846 1405,1848"/>
                <TextEquiv>
                    <Unicode>hat in seinem Konflikt mit der Londoner Schauspielerunion</Unicode>
                </TextEquiv>
            </TextLine>
            <TextLine id="r1l21" custom="readingOrder {index:20;}">
                <Coords points="219,1871 1307,1915 1406,1894 1407,1860 220,1831"/>
                <Baseline points="226,1867 284,1868 343,1870 401,1871 460,1873 519,1874 577,1876 636,1878 695,1880 753,1882 812,1883 871,1885 929,1887 988,1888 1047,1889 1105,1890 1164,1891 1223,1892 1281,1892 1340,1892 1399,1891"/>
                <TextEquiv>
                    <Unicode>inen vollen Sieg errungen und seinen Entschluß, seine Theater¬</Unicode>
                </TextEquiv>
            </TextLine>
            <TextLine id="r1l22" custom="readingOrder {index:21;}">
                <Coords points="219,1921 1406,1951 1362,1901 220,1871"/>
                <Baseline points="226,1915 284,1918 343,1920 401,1923 460,1924 519,1926 577,1928 636,1929 695,1931 753,1932 812,1933 871,1934 929,1935 988,1936 1047,1938 1105,1939 1164,1940 1223,1942 1281,1943 1340,1945 1399,1947"/>
                <TextEquiv>
                    <Unicode>ätigkeit in London zu beenden, wieder rückgängig gemacht,</Unicode>
                </TextEquiv>
            </TextLine>
            <TextLine id="r1l23" custom="readingOrder {index:22;}">
                <Coords points="215,1964 1150,2003 1377,1998 1407,1959 216,1922"/>
                <Baseline points="222,1964 280,1966 339,1967 398,1969 457,1970 516,1971 575,1973 633,1974 692,1976 751,1977 810,1979 869,1980 928,1982 987,1983 1045,1985 1104,1986 1163,1988 1222,1989 1281,1990 1340,1991 1399,1992"/>
                <TextEquiv>
                    <Unicode>kachdem er von allen Bindungen an die Equity enthoben wurde.</Unicode>
                </TextEquiv>
            </TextLine>
            <TextLine id="r1l24" custom="readingOrder {index:23;}">
                <Coords points="209,2027 1407,2031 1364,1994 210,1965"/>
                <Baseline points="217,2012 276,2014 335,2015 394,2017 453,2018 512,2020 571,2021 630,2023 689,2024 748,2025 808,2027 867,2028 926,2030 985,2031 1044,2032 1103,2033 1162,2034 1221,2035 1280,2036 1339,2037 1399,2037"/>
                <TextEquiv>
                    <Unicode>Demgemäß beginnt er nunmehr mit der Fortsetzung seiner</Unicode>
                </TextEquiv>
            </TextLine>
            <TextLine id="r1l25" custom="readingOrder {index:24;}">
                <Coords points="210,2071 1290,2107 1417,2066 211,2025"/>
                <Baseline points="218,2061 277,2062 337,2063 396,2065 456,2066 515,2068 575,2069 634,2070 694,2072 753,2073 813,2075 873,2077 932,2078 992,2080 1051,2081 1111,2082 1170,2084 1230,2085 1289,2086 1349,2087 1409,2088"/>
                <TextEquiv>
                    <Unicode>Produktion und bereitet als nächste Novitäten Schnitzlers</Unicode>
                </TextEquiv>
            </TextLine>
            <TextLine id="r1l26" custom="readingOrder {index:25;}">
                <Coords points="208,2114 1407,2150 1380,2089 209,2083"/>
                <Baseline points="216,2109 275,2111 334,2112 393,2113 452,2115 511,2116 570,2117 630,2118 689,2119 748,2121 807,2122 866,2123 925,2125 984,2126 1044,2128 1103,2129 1162,2131 1221,2133 1280,2134 1339,2136 1399,2138"/>
                <TextEquiv>
                    <Unicode>(Liebelei" und „Mesmer“ von Beverley Nichols mit</Unicode>
                </TextEquiv>
            </TextLine>
            <TextLine id="r1l27" custom="readingOrder {index:26;}">
                <Coords points="214,2173 1363,2198 1423,2149 215,2126"/>
                <Baseline points="222,2157 281,2159 341,2160 400,2162 460,2163 520,2165 579,2166 639,2168 698,2169 758,2170 818,2172 877,2173 937,2174 996,2175 1056,2176 1116,2178 1175,2179 1235,2180 1294,2181 1354,2182 1414,2183"/>
                <TextEquiv>
                    <Unicode>Dskar Homolka in der Hauptrolle vor. Interessanterweise</Unicode>
                </TextEquiv>
            </TextLine>
            <TextLine id="r1l28" custom="readingOrder {index:27;}">
                <Coords points="216,2214 1255,2244 1397,2237 1413,2197 217,2173"/>
                <Baseline points="224,2202 283,2204 342,2207 401,2208 460,2211 519,2212 578,2214 637,2215 696,2217 755,2218 814,2219 873,2221 932,2222 991,2223 1050,2224 1109,2226 1168,2227 1227,2228 1286,2230 1345,2231 1404,2233"/>
                <TextEquiv>
                    <Unicode>pird auch Grete Mosheim in nächster Zeit auf der englischen</Unicode>
                </TextEquiv>
            </TextLine>
            <TextLine id="r1l29" custom="readingOrder {index:28;}">
                <Coords points="225,2255 1365,2294 1411,2286 1412,2243 226,2207"/>
                <Baseline points="232,2251 290,2253 349,2256 407,2258 466,2260 525,2261 583,2263 642,2265 700,2266 759,2267 818,2268 876,2270 935,2271 993,2272 1052,2273 1111,2275 1169,2276 1228,2277 1286,2279 1345,2281 1404,2283"/>
                <TextEquiv>
                    <Unicode>ühne in einem Stück von Hans Müller debütieren. Eine andere,</Unicode>
                </TextEquiv>
            </TextLine>
            <TextLine id="r1l30" custom="readingOrder {index:29;}">
                <Coords points="208,2306 1338,2340 1411,2297 209,2263"/>
                <Baseline points="216,2299 275,2301 334,2304 394,2305 453,2307 512,2308 572,2309 631,2310 690,2312 750,2312 809,2313 868,2314 928,2315 987,2316 1046,2317 1106,2319 1165,2321 1224,2323 1284,2325 1343,2327 1403,2331"/>
                <TextEquiv>
                    <Unicode>urch Wiener Kräfte vorbereitete Produktion ist die Aufführung</Unicode>
                </TextEquiv>
            </TextLine>
            <TextLine id="r1l31" custom="readingOrder {index:30;}">
                <Coords points="224,2353 1400,2390 1386,2328 225,2307"/>
                <Baseline points="231,2348 289,2349 347,2350 405,2352 463,2354 521,2355 579,2357 637,2358 695,2361 753,2362 811,2364 869,2366 927,2367 985,2368 1043,2370 1101,2370 1159,2371 1217,2372 1275,2372 1333,2372 1392,2371"/>
                <TextEquiv>
                    <Unicode>es neuen Stückes von Ivor Novello, „Glamourous</Unicode>
                </TextEquiv>
            </TextLine>
            <TextLine id="r1l32" custom="readingOrder {index:31;}">
                <Coords points="227,2414 1318,2443 1417,2434 1418,2390 228,2362"/>
                <Baseline points="234,2403 292,2403 351,2403 410,2403 469,2404 528,2405 586,2406 645,2407 704,2408 763,2409 822,2411 880,2412 939,2414 998,2416 1057,2417 1116,2419 1174,2421 1233,2422 1292,2424 1351,2425 1410,2426"/>
                <TextEquiv>
                    <Unicode>ights“, mit Serge Abramovic unter der Regie von</Unicode>
                </TextEquiv>
            </TextLine>
            <TextLine id="r1l33" custom="readingOrder {index:32;}">
                <Coords points="226,2458 289,2456 306,2473 414,2459 443,2476 539,2452 578,2462 578,2417 528,2428 496,2411 227,2413"/>
                <Baseline points="233,2451 258,2452 284,2452 310,2453 336,2454 362,2455 388,2456 414,2456 440,2457 466,2457 492,2457 518,2456 544,2455 570,2454"/>
                <TextEquiv>
                    <Unicode>kontine Sagan.</Unicode>
                </TextEquiv>
            </TextLine>
            <TextLine id="r1l34" custom="readingOrder {index:33;}">
                <Coords points="240,2514 253,2516 263,2524 272,2516 280,2517 294,2526 302,2522 308,2525 319,2518 332,2523 348,2520 350,2465 338,2462 324,2473 306,2473 288,2456 268,2460 256,2455 241,2459"/>
                <Baseline points="248,2499 279,2498 310,2500 342,2501"/>
                <TextEquiv>
                    <Unicode></Unicode>
                </TextEquiv>
            </TextLine>
            <TextLine id="r1l35" custom="readingOrder {index:34;}">
                <Coords points="767,2958 780,2958 792,2968 800,2962 805,2966 837,2957 828,2871 820,2871 812,2878 804,2872 793,2871 779,2882 773,2878 759,2884"/>
                <Baseline points="772,2944 800,2942 828,2938"/>
                <TextEquiv>
                    <Unicode></Unicode>
                </TextEquiv>
            </TextLine>
            <TextLine id="r1l36" custom="readingOrder {index:35;}">
                <Coords points="533,3045 662,3043 701,3065 783,3027 896,3015 980,3023 1032,3054 1142,3020 1141,2990 1023,2947 779,2975 628,2957 530,2972"/>
                <Baseline points="540,3038 569,3035 599,3033 629,3030 658,3028 688,3026 718,3024 747,3021 777,3020 807,3018 837,3016 866,3014 896,3013 926,3012 955,3012 985,3012 1015,3012 1044,3012 1074,3013 1104,3015 1134,3017"/>
                <TextEquiv>
                    <Unicode>The vienna Nerald. Wien</Unicode>
                </TextEquiv>
            </TextLine>
            <TextLine id="r1l37" custom="readingOrder {index:36;}">
                <Coords points="685,3171 723,3190 880,3149 958,3167 1161,3159 1150,3081 1003,3080 959,3119 907,3082 762,3101 739,3085 684,3089"/>
                <Baseline points="693,3162 718,3160 744,3159 769,3158 795,3157 820,3156 846,3155 871,3155 897,3155 923,3154 948,3154 974,3154 999,3154 1025,3154 1050,3153 1076,3153 1101,3152 1127,3151 1153,3149"/>
                <TextEquiv>
                    <Unicode>2 5. MRIZ- 1935</Unicode>
                </TextEquiv>
            </TextLine>
            <TextLine id="r1l38" custom="readingOrder {index:37;}">
                <Coords points="384,3295 505,3321 855,3282 1150,3308 1210,3278 1209,3207 759,3240 503,3219 383,3253"/>
                <Baseline points="391,3288 431,3289 472,3289 512,3289 553,3289 593,3289 634,3289 674,3288 715,3288 755,3286 796,3286 837,3285 877,3284 918,3283 958,3282 999,3281 1039,3281 1080,3280 1120,3280 1161,3280 1202,3280"/>
                <TextEquiv>
                    <Unicode>SCHNITZLER’S·LIEBELEP</Unicode>
                </TextEquiv>
            </TextLine>
            <TextLine id="r1l39" custom="readingOrder {index:38;}">
                <Coords points="588,3357 727,3362 763,3347 838,3360 891,3341 1005,3354 1003,3290 853,3282 705,3307 634,3288 587,3296"/>
                <Baseline points="595,3346 620,3346 645,3346 670,3346 695,3346 720,3345 745,3345 770,3344 796,3343 821,3343 846,3342 871,3341 896,3340 921,3339 946,3337 971,3337 997,3335"/>
                <TextEquiv>
                    <Unicode>IN LONDON</Unicode>
                </TextEquiv>
            </TextLine>
            <TextLine id="r1l40" custom="readingOrder {index:39;}">
                <Coords points="451,3401 1197,3391 1196,3363 1138,3343 1026,3369 877,3348 451,3370"/>
                <Baseline points="459,3398 495,3398 532,3398 568,3398 605,3398 641,3397 678,3397 714,3397 751,3396 787,3395 824,3395 860,3394 897,3393 933,3392 970,3392 1006,3390 1043,3389 1079,3388 1116,3387 1152,3386 1189,3384"/>
                <TextEquiv>
                    <Unicode>In his conflict with the Actors'</Unicode>
                </TextEquiv>
            </TextLine>
            <TextLine id="r1l41" custom="readingOrder {index:40;}">
                <Coords points="396,3437 1188,3431 1174,3388 396,3409"/>
                <Baseline points="403,3438 441,3438 480,3438 519,3438 558,3438 597,3438 636,3437 675,3437 714,3436 753,3435 792,3435 830,3434 869,3433 908,3432 947,3431 986,3429 1025,3428 1064,3427 1103,3425 1142,3424 1181,3422"/>
                <TextEquiv>
                    <Unicode>Union on London, Charles B. Cochrane</Unicode>
                </TextEquiv>
            </TextLine>
            <TextLine id="r1l42" custom="readingOrder {index:41;}">
                <Coords points="402,3482 1195,3461 1158,3430 401,3441"/>
                <Baseline points="409,3481 447,3480 486,3479 525,3479 564,3478 603,3477 642,3476 681,3475 720,3475 759,3473 798,3472 836,3471 875,3470 914,3469 953,3468 992,3467 1031,3466 1070,3464 1109,3463 1148,3462 1187,3460"/>
                <TextEquiv>
                    <Unicode>has scored a complete victory so that</Unicode>
                </TextEquiv>
            </TextLine>
            <TextLine id="r1l43" custom="readingOrder {index:42;}">
                <Coords points="398,3518 691,3535 1191,3504 1190,3474 1133,3468 501,3479 466,3500 397,3479"/>
                <Baseline points="405,3520 443,3520 482,3519 521,3519 560,3518 599,3517 638,3516 677,3515 716,3514 755,3512 794,3511 832,3510 871,3509 910,3507 949,3506 988,3505 1027,3504 1066,3502 1105,3501 1144,3501 1183,3499"/>
                <TextEquiv>
                    <Unicode>he has now determined to refrain from</Unicode>
                </TextEquiv>
            </TextLine>
            <TextLine id="r1l44" custom="readingOrder {index:43;}">
                <Coords points="396,3561 1167,3556 1191,3512 395,3531"/>
                <Baseline points="403,3561 442,3560 481,3559 520,3558 559,3557 598,3556 637,3555 676,3554 715,3553 754,3553 794,3551 833,3551 872,3550 911,3548 950,3547 989,3546 1028,3545 1067,3543 1106,3542 1145,3541 1185,3538"/>
                <TextEquiv>
                    <Unicode>carrying into efect his former decision</Unicode>
                </TextEquiv>
            </TextLine>
            <TextLine id="r1l45" custom="readingOrder {index:44;}">
                <Coords points="398,3606 1196,3590 1195,3545 398,3574"/>
                <Baseline points="405,3598 444,3598 483,3598 522,3598 561,3598 601,3597 640,3597 679,3596 718,3595 757,3594 797,3593 836,3592 875,3591 914,3589 953,3588 993,3586 1032,3585 1071,3584 1110,3582 1149,3581 1189,3579"/>
                <TextEquiv>
                    <Unicode>to retire from the English capital’s</Unicode>
                </TextEquiv>
            </TextLine>
            <TextLine id="r1l46" custom="readingOrder {index:45;}">
                <Coords points="404,3651 1120,3643 1191,3615 1181,3586 403,3606"/>
                <Baseline points="411,3641 449,3640 488,3640 526,3639 565,3638 604,3637 642,3636 681,3636 719,3635 758,3634 797,3633 835,3631 874,3631 912,3629 951,3628 990,3626 1028,3625 1067,3624 1105,3622 1144,3620 1183,3619"/>
                <TextEquiv>
                    <Unicode>theatrical life. He will continue his pro¬</Unicode>
                </TextEquiv>
            </TextLine>
            <TextLine id="r1l47" custom="readingOrder {index:46;}">
                <Coords points="407,3676 473,3695 1063,3663 1191,3680 1190,3633 406,3655"/>
                <Baseline points="414,3680 452,3679 490,3677 529,3676 567,3676 606,3675 644,3675 683,3674 721,3673 760,3673 798,3672 836,3672 875,3671 913,3670 952,3670 990,3669 1029,3668 1067,3665 1106,3664 1144,3662 1183,3660"/>
                <TextEquiv>
                    <Unicode>ductions and is planning to put om as</Unicode>
                </TextEquiv>
            </TextLine>
            <TextLine id="r1l48" custom="readingOrder {index:47;}">
                <Coords points="407,3720 1169,3713 1168,3672 1128,3665 493,3694 406,3675"/>
                <Baseline points="414,3719 451,3719 488,3718 526,3717 563,3717 600,3716 638,3716 675,3715 712,3714 750,3713 787,3712 824,3711 862,3710 899,3709 936,3708 974,3707 1011,3707 1048,3705 1086,3704 1123,3703 1161,3702"/>
                <TextEquiv>
                    <Unicode>his next venture the famous play</Unicode>
                </TextEquiv>
            </TextLine>
            <TextLine id="r1l49" custom="readingOrder {index:48;}">
                <Coords points="411,3757 1194,3746 1193,3715 1135,3709 410,3720"/>
                <Baseline points="418,3759 456,3759 494,3758 533,3757 571,3757 610,3756 648,3755 686,3754 725,3753 763,3752 802,3751 840,3750 878,3749 917,3748 955,3747 994,3746 1032,3746 1070,3745 1109,3744 1147,3743 1186,3743"/>
                <TextEquiv>
                    <Unicode>“Liebelei“ by Arthur Schnitzler. In this</Unicode>
                </TextEquiv>
            </TextLine>
            <TextLine id="r1l50" custom="readingOrder {index:49;}">
                <Coords points="400,3797 1201,3792 1200,3765 1120,3749 399,3761"/>
                <Baseline points="408,3797 447,3798 486,3798 525,3798 565,3798 604,3797 643,3796 682,3796 722,3795 761,3794 800,3793 839,3792 879,3790 918,3789 957,3788 996,3786 1036,3785 1075,3784 1114,3782 1153,3782 1193,3780"/>
                <TextEquiv>
                    <Unicode>connexion, it is interesting news that</Unicode>
                </TextEquiv>
            </TextLine>
            <TextLine id="r1l51" custom="readingOrder {index:50;}">
                <Coords points="415,3857 1154,3839 1190,3833 1189,3791 413,3803"/>
                <Baseline points="422,3838 460,3837 498,3837 536,3836 574,3835 612,3834 650,3834 688,3833 726,3832 764,3831 802,3830 840,3830 878,3829 916,3828 954,3827 992,3826 1030,3825 1068,3824 1106,3823 1144,3821 1182,3820"/>
                <TextEquiv>
                    <Unicode>Grete Mosheim is to be seen shortly on</Unicode>
                </TextEquiv>
            </TextLine>
            <TextLine id="r1l52" custom="readingOrder {index:51;}">
                <Coords points="401,3888 875,3878 1032,3904 1207,3859 1206,3812 1156,3839 546,3841 400,3869"/>
                <Baseline points="408,3880 447,3879 487,3878 526,3877 566,3876 606,3876 645,3875 685,3875 724,3874 764,3874 804,3874 843,3873 883,3873 922,3872 962,3872 1002,3871 1041,3870 1081,3869 1120,3868 1160,3867 1200,3865"/>
                <TextEquiv>
                    <Unicode>an English stage in a play by Hans</Unicode>
                </TextEquiv>
            </TextLine>
            <TextLine id="r1l53" custom="readingOrder {index:52;}">
                <Coords points="411,3929 457,3947 497,3943 514,3934 536,3932 569,3941 591,3932 591,3907 552,3894 537,3897 508,3885 475,3889 451,3883 430,3891 411,3886"/>
                <Baseline points="418,3919 445,3920 473,3919 501,3918 528,3918 556,3919 584,3921"/>
                <TextEquiv>
                    <Unicode>Müller.</Unicode>
                </TextEquiv>
            </TextLine>
            <TextEquiv>
                <Unicode>Liebelei
box 13/7
Sretetenenerenenenennenenn
60
Die Fledernaus, vien
23.3. 1955
0
vissen Sie sohon,
daß das Londoner Gastspiel
efstadh auf. den- Merbst ver¬
der Jos
schoben würde? Es soll Schnitzlers „Lie¬
belei“, mit Paula Wessely#ii der
Haupirolle, gespielt werden.
S
Neues Michter Jouraal. Wien
24. MBZ. 1935
Schnitzlers „Liebelei“ in London.
Aus London wird uns gemeldet: Charles B. Cochran
hat in seinem Konflikt mit der Londoner Schauspielerunion
inen vollen Sieg errungen und seinen Entschluß, seine Theater¬
ätigkeit in London zu beenden, wieder rückgängig gemacht,
kachdem er von allen Bindungen an die Equity enthoben wurde.
Demgemäß beginnt er nunmehr mit der Fortsetzung seiner
Produktion und bereitet als nächste Novitäten Schnitzlers
(Liebelei" und „Mesmer“ von Beverley Nichols mit
Dskar Homolka in der Hauptrolle vor. Interessanterweise
pird auch Grete Mosheim in nächster Zeit auf der englischen
ühne in einem Stück von Hans Müller debütieren. Eine andere,
urch Wiener Kräfte vorbereitete Produktion ist die Aufführung
es neuen Stückes von Ivor Novello, „Glamourous
ights“, mit Serge Abramovic unter der Regie von
kontine Sagan.


The vienna Nerald. Wien
2 5. MRIZ- 1935
SCHNITZLER’S·LIEBELEP
IN LONDON
In his conflict with the Actors'
Union on London, Charles B. Cochrane
has scored a complete victory so that
he has now determined to refrain from
carrying into efect his former decision
to retire from the English capital’s
theatrical life. He will continue his pro¬
ductions and is planning to put om as
his next venture the famous play
“Liebelei“ by Arthur Schnitzler. In this
connexion, it is interesting news that
Grete Mosheim is to be seen shortly on
an English stage in a play by Hans
Müller.</Unicode>
            </TextEquiv>
        </TextRegion>
        <TextRegion orientation="0.0" id="r2" custom="readingOrder {index:1;}">
            <Coords points="1793,750 1793,3372 2721,3372 2721,750"/>
            <TextLine id="r2l1" custom="readingOrder {index:0;}">
                <Coords points="1787,775 2448,796 2665,768 2665,727 2628,720 1787,727"/>
                <Baseline points="1795,773 1838,776 1881,778 1924,779 1967,780 2010,780 2053,781 2097,781 2140,780 2183,780 2226,779 2269,778 2312,777 2355,777 2399,776 2442,775 2485,774 2528,774 2571,774 2614,774 2658,774"/>
                <TextEquiv>
                    <Unicode>CASINOS IN OSTERREICH</Unicode>
                </TextEquiv>
            </TextLine>
            <TextLine id="r2l2" custom="readingOrder {index:1;}">
                <Coords points="1881,834 2510,842 2565,833 2565,800 2126,788 2040,810 1917,787 1881,806"/>
                <Baseline points="1888,826 1921,827 1955,828 1988,829 2022,830 2055,830 2089,831 2122,831 2156,831 2189,831 2223,832 2256,832 2290,832 2323,831 2357,831 2390,831 2424,831 2457,831 2491,831 2524,831 2558,831"/>
                <TextEquiv>
                    <Unicode>Baden Salzburg Semmering</Unicode>
                </TextEquiv>
            </TextLine>
            <TextLine id="r2l3" custom="readingOrder {index:2;}">
                <Coords points="1792,877 2539,889 2642,880 2662,840 1792,842"/>
                <Baseline points="1799,871 1841,871 1884,872 1927,872 1970,873 2012,873 2055,873 2098,874 2141,875 2183,875 2226,876 2269,876 2312,877 2354,877 2397,877 2440,878 2483,878 2525,878 2568,878 2611,877 2654,877"/>
                <TextEquiv>
                    <Unicode>Roulette — Baccara — Chemin de fer</Unicode>
                </TextEquiv>
            </TextLine>
            <TextLine id="r2l4" custom="readingOrder {index:3;}">
                <Coords points="1791,946 2588,950 2588,918 2543,904 1792,920"/>
                <Baseline points="1799,932 1838,934 1877,935 1916,936 1955,937 1994,937 2033,938 2072,938 2111,938 2150,939 2189,939 2228,939 2267,938 2306,938 2345,938 2384,938 2423,939 2462,939 2501,939 2540,939 2580,940"/>
                <TextEquiv>
                    <Unicode>Österreichische Casino A.</Unicode>
                </TextEquiv>
            </TextLine>
            <TextLine id="r2l5" custom="readingOrder {index:4;}">
                <Coords points="1790,984 2648,989 2648,956 2579,938 2166,963 1790,942"/>
                <Baseline points="1797,983 1839,984 1881,985 1923,985 1965,985 2007,985 2049,986 2092,986 2134,986 2176,986 2218,986 2260,986 2302,986 2344,986 2387,986 2429,986 2471,987 2513,987 2555,987 2597,988 2640,989"/>
                <TextEquiv>
                    <Unicode>Wien IIi, Schwarzenbergplatz 5a</Unicode>
                </TextEquiv>
            </TextLine>
            <TextLine id="r2l6" custom="readingOrder {index:5;}">
                <Coords points="2262,1100 2269,1100 2274,1104 2280,1102 2284,1107 2293,1103 2300,1107 2305,1104 2323,1105 2327,1035 2318,1036 2298,1050 2291,1043 2285,1046 2281,1043 2277,1046 2275,1042 2266,1042"/>
                <Baseline points="2269,1094 2316,1097"/>
                <TextEquiv>
                    <Unicode>7</Unicode>
                </TextEquiv>
            </TextLine>
            <TextLine id="r2l7" custom="readingOrder {index:6;}">
                <Coords points="1806,1143 2288,1132 2287,1097 2230,1065 1955,1071 1936,1055 1806,1098"/>
                <Baseline points="1814,1120 1839,1121 1865,1121 1891,1121 1917,1120 1943,1120 1969,1120 1995,1119 2021,1119 2047,1118 2072,1118 2098,1117 2124,1117 2150,1117 2176,1117 2202,1117 2228,1117 2254,1117 2280,1118"/>
                <TextEquiv>
                    <Unicode>„OBSERVER‘</Unicode>
                </TextEquiv>
            </TextLine>
            <TextLine id="r2l8" custom="readingOrder {index:7;}">
                <Coords points="2026,1164 2147,1183 2560,1180 2646,1163 2646,1126 2026,1136"/>
                <Baseline points="2033,1162 2063,1162 2093,1163 2123,1163 2154,1163 2184,1164 2214,1164 2245,1164 2275,1164 2305,1164 2336,1164 2366,1164 2396,1164 2426,1164 2457,1163 2487,1163 2517,1162 2548,1162 2578,1161 2608,1160 2639,1160"/>
                <TextEquiv>
                    <Unicode>I. österr. behördlich konzessionieres</Unicode>
                </TextEquiv>
            </TextLine>
            <TextLine id="r2l9" custom="readingOrder {index:8;}">
                <Coords points="2030,1201 2113,1219 2304,1203 2588,1216 2646,1204 2646,1165 2030,1182"/>
                <Baseline points="2038,1203 2068,1202 2098,1202 2128,1202 2158,1202 2188,1202 2218,1202 2248,1202 2278,1202 2308,1202 2338,1202 2368,1202 2398,1202 2428,1202 2458,1201 2488,1201 2518,1201 2548,1201 2578,1201 2608,1201 2638,1200"/>
                <TextEquiv>
                    <Unicode>Unternehmen für Zeitungs-Ausschnitte</Unicode>
                </TextEquiv>
            </TextLine>
            <TextLine id="r2l10" custom="readingOrder {index:9;}">
                <Coords points="2036,1240 2624,1248 2646,1210 2036,1217"/>
                <Baseline points="2044,1240 2073,1240 2103,1240 2133,1241 2163,1241 2192,1241 2222,1241 2252,1241 2282,1241 2311,1241 2341,1240 2371,1240 2401,1240 2430,1240 2460,1240 2490,1239 2520,1239 2549,1239 2579,1239 2609,1238 2639,1238"/>
                <TextEquiv>
                    <Unicode>Wienl, Wollzeile 11, Telephon R-23-0-43</Unicode>
                </TextEquiv>
            </TextLine>
            <TextLine id="r2l11" custom="readingOrder {index:10;}">
                <Coords points="1788,1427 1858,1424 1878,1437 1911,1424 1943,1451 2027,1452 2060,1426 2097,1440 2116,1422 2149,1419 2149,1375 2119,1384 2010,1367 1975,1389 1937,1377 1906,1390 1843,1379 1788,1402"/>
                <Baseline points="1796,1416 1822,1417 1849,1417 1875,1417 1902,1417 1929,1417 1955,1417 1982,1417 2008,1417 2035,1416 2062,1416 2088,1416 2115,1416 2142,1416"/>
                <TextEquiv>
                    <Unicode>Ausschnitt aus:</Unicode>
                </TextEquiv>
            </TextLine>
            <TextLine id="r2l12" custom="readingOrder {index:11;}">
                <Coords points="2065,1448 2236,1458 2270,1484 2390,1459 2416,1480 2615,1469 2616,1426 2565,1407 2437,1430 2253,1397 2104,1436 2066,1426"/>
                <Baseline points="2072,1445 2098,1446 2125,1446 2152,1446 2179,1447 2206,1448 2232,1448 2259,1449 2286,1450 2313,1451 2340,1452 2366,1453 2393,1454 2420,1455 2447,1456 2474,1457 2500,1458 2527,1458 2554,1459 2581,1459 2608,1460"/>
                <TextEquiv>
                    <Unicode>Biedermaus, Vien</Unicode>
                </TextEquiv>
            </TextLine>
            <TextLine id="r2l13" custom="readingOrder {index:12;}">
                <Coords points="2010,1575 2097,1593 2153,1571 2192,1580 2215,1567 2235,1580 2269,1563 2350,1590 2375,1579 2378,1497 2296,1506 2262,1490 2195,1528 2133,1508 2054,1516 2013,1501"/>
                <Baseline points="2018,1554 2043,1556 2068,1558 2093,1559 2118,1560 2143,1561 2168,1562 2193,1562 2218,1563 2243,1563 2268,1564 2293,1565 2318,1566 2343,1567 2368,1568"/>
                <TextEquiv>
                    <Unicode>30. 3. 1955</Unicode>
                </TextEquiv>
            </TextLine>
            <TextLine id="r2l14" custom="readingOrder {index:13;}">
                <Coords points="1790,1638 2502,1655 2502,1619 2460,1596 2307,1577 2117,1598 2019,1574 1867,1608 1791,1582"/>
                <Baseline points="1798,1629 1832,1630 1867,1632 1902,1632 1937,1633 1972,1634 2006,1634 2041,1634 2076,1634 2111,1634 2146,1634 2180,1634 2215,1635 2250,1635 2285,1635 2320,1635 2354,1636 2389,1637 2424,1637 2459,1639 2494,1640"/>
                <TextEquiv>
                    <Unicode>vom: Wissen Sie Schon,</Unicode>
                </TextEquiv>
            </TextLine>
            <TextLine id="r2l15" custom="readingOrder {index:14;}">
                <Coords points="1845,1739 2167,1774 2682,1753 2682,1708 2542,1695 2492,1725 2406,1701 1845,1714"/>
                <Baseline points="1852,1747 1893,1747 1934,1747 1975,1748 2016,1749 2057,1750 2098,1751 2139,1752 2180,1753 2221,1753 2263,1755 2304,1755 2345,1756 2386,1756 2427,1756 2468,1756 2509,1756 2550,1755 2591,1753 2632,1751 2674,1749"/>
                <TextEquiv>
                    <Unicode>daß einer der größten englischen Sender</Unicode>
                </TextEquiv>
            </TextLine>
            <TextLine id="r2l16" custom="readingOrder {index:15;}">
                <Coords points="1786,1806 2186,1798 2260,1838 2314,1816 2622,1835 2678,1828 2678,1755 2225,1754 2187,1782 1897,1757 1786,1783"/>
                <Baseline points="1793,1792 1836,1794 1880,1796 1924,1797 1968,1799 2012,1800 2056,1803 2099,1804 2143,1805 2187,1807 2231,1807 2275,1808 2319,1808 2363,1808 2406,1808 2450,1807 2494,1806 2538,1804 2582,1802 2626,1799 2670,1796"/>
                <TextEquiv>
                    <Unicode>eine Sendung von Schnitzlers „Lie¬</Unicode>
                </TextEquiv>
            </TextLine>
            <TextLine id="r2l17" custom="readingOrder {index:16;}">
                <Coords points="1791,1868 1823,1875 1856,1860 1893,1879 1912,1866 2063,1882 2108,1867 2136,1883 2161,1862 2219,1881 2220,1811 2041,1805 1988,1818 1972,1804 1932,1814 1872,1802 1792,1814"/>
                <Baseline points="1798,1839 1823,1840 1849,1841 1875,1842 1901,1842 1927,1844 1952,1845 1978,1845 2004,1846 2030,1847 2056,1847 2081,1847 2107,1847 2133,1847 2159,1846 2185,1846 2211,1844"/>
                <TextEquiv>
                    <Unicode>belei“ ankündigt?</Unicode>
                </TextEquiv>
            </TextLine>
            <TextLine id="r2l18" custom="readingOrder {index:17;}">
                <Coords points="1856,1926 2712,1940 2712,1895 2544,1891 2471,1858 2253,1898 1856,1875"/>
                <Baseline points="1863,1922 1905,1922 1947,1922 1989,1922 2031,1923 2073,1923 2115,1924 2157,1925 2199,1926 2241,1926 2284,1927 2326,1927 2368,1928 2410,1928 2452,1929 2494,1929 2536,1929 2578,1929 2620,1928 2662,1928 2705,1927"/>
                <TextEquiv>
                    <Unicode>daß Eduard Knobloch von Co¬</Unicode>
                </TextEquiv>
            </TextLine>
            <TextLine id="r2l19" custom="readingOrder {index:18;}">
                <Coords points="1806,1962 1921,1991 2729,1999 2708,1933 1806,1945"/>
                <Baseline points="1813,1969 1858,1970 1903,1970 1949,1971 1994,1971 2040,1972 2085,1973 2130,1974 2176,1975 2221,1975 2267,1976 2312,1977 2357,1977 2403,1977 2448,1977 2494,1977 2539,1977 2584,1976 2630,1975 2675,1973 2721,1972"/>
                <TextEquiv>
                    <Unicode>chran den Auftrag erhalten hat, eine eng¬</Unicode>
                </TextEquiv>
            </TextLine>
            <TextLine id="r2l20" custom="readingOrder {index:19;}">
                <Coords points="1801,2044 1953,2018 2175,2041 2235,2011 2427,2061 2566,2054 2654,2025 2713,2045 2714,1994 1929,1992 1802,1964"/>
                <Baseline points="1809,2017 1853,2017 1898,2018 1943,2019 1988,2020 2033,2021 2078,2022 2122,2023 2167,2025 2212,2026 2257,2027 2302,2027 2347,2028 2392,2028 2436,2028 2481,2028 2526,2027 2571,2026 2616,2025 2661,2023 2706,2020"/>
                <TextEquiv>
                    <Unicode>lische Bearbeitung von Schnitzlers</Unicode>
                </TextEquiv>
            </TextLine>
            <TextLine id="r2l21" custom="readingOrder {index:20;}">
                <Coords points="1798,2064 1905,2090 2011,2068 2060,2090 2254,2073 2369,2086 2369,2024 2340,2016 2129,2044 2096,2025 2038,2041 1847,2021 1798,2042"/>
                <Baseline points="1805,2068 1832,2067 1860,2067 1888,2067 1916,2067 1944,2067 1971,2068 1999,2068 2027,2069 2055,2070 2083,2070 2110,2071 2138,2071 2166,2071 2194,2071 2222,2071 2249,2070 2277,2069 2305,2067 2333,2065 2361,2063"/>
                <TextEquiv>
                    <Unicode>„Liebelei“ herzustellen?</Unicode>
                </TextEquiv>
            </TextLine>
            <TextLine id="r2l22" custom="readingOrder {index:21;}">
                <Coords points="2016,2623 2148,2652 2273,2640 2344,2667 2395,2649 2550,2673 2556,2589 2411,2574 2375,2596 2204,2562 2021,2555"/>
                <Baseline points="2024,2620 2050,2620 2076,2621 2102,2622 2128,2623 2154,2625 2180,2627 2206,2629 2232,2631 2258,2633 2284,2636 2310,2638 2336,2640 2362,2643 2388,2645 2414,2647 2440,2648 2466,2650 2492,2651 2518,2652 2544,2652"/>
                <TextEquiv>
                    <Unicode>Die Fledermang Wien</Unicode>
                </TextEquiv>
            </TextLine>
            <TextLine id="r2l23" custom="readingOrder {index:22;}">
                <Coords points="2008,2798 2174,2774 2205,2792 2274,2776 2302,2793 2421,2793 2423,2707 2010,2705"/>
                <Baseline points="2016,2771 2042,2770 2069,2770 2095,2770 2122,2771 2148,2772 2175,2772 2201,2773 2228,2774 2254,2776 2281,2776 2307,2777 2334,2777 2360,2776 2387,2776 2414,2774"/>
                <TextEquiv>
                    <Unicode>6.APfl. 935</Unicode>
                </TextEquiv>
            </TextLine>
            <TextLine id="r2l24" custom="readingOrder {index:23;}">
                <Coords points="1832,2883 1963,2866 2063,2894 2172,2869 2231,2891 2333,2874 2380,2893 2444,2871 2445,2834 2340,2811 2184,2827 2125,2793 1955,2827 1832,2797"/>
                <Baseline points="1839,2862 1868,2863 1898,2863 1928,2864 1958,2864 1988,2864 2018,2865 2048,2865 2078,2865 2108,2865 2138,2865 2167,2865 2197,2864 2227,2864 2257,2864 2287,2864 2317,2864 2347,2864 2377,2865 2407,2865 2437,2865"/>
                <TextEquiv>
                    <Unicode>Wiesen Sie schon,</Unicode>
                </TextEquiv>
            </TextLine>
            <TextLine id="r2l25" custom="readingOrder {index:24;}">
                <Coords points="1839,3011 2079,2992 2166,3015 2212,2986 2692,3012 2692,2950 1935,2946 1839,2977"/>
                <Baseline points="1847,2995 1888,2995 1930,2995 1972,2995 2014,2994 2056,2994 2098,2994 2139,2993 2181,2992 2223,2992 2265,2991 2307,2990 2349,2990 2391,2989 2432,2989 2474,2988 2516,2988 2558,2987 2600,2987 2642,2987 2684,2987"/>
                <TextEquiv>
                    <Unicode>daß „Variety“ als WienerNeuig¬</Unicode>
                </TextEquiv>
            </TextLine>
            <TextLine id="r2l26" custom="readingOrder {index:25;}">
                <Coords points="1794,3048 2585,3056 2693,3040 2693,2993 1937,3016 1793,2972"/>
                <Baseline points="1802,3041 1846,3042 1890,3042 1934,3042 1978,3042 2023,3042 2067,3042 2111,3042 2155,3041 2199,3041 2244,3040 2288,3039 2332,3038 2376,3038 2420,3037 2465,3036 2509,3035 2553,3034 2597,3033 2641,3032 2686,3032"/>
                <TextEquiv>
                    <Unicode>keiten meldet: Direktor Premingers</Unicode>
                </TextEquiv>
            </TextLine>
            <TextLine id="r2l27" custom="readingOrder {index:26;}">
                <Coords points="1806,3099 2691,3103 2690,3040 2648,3035 1806,3058"/>
                <Baseline points="1814,3088 1857,3089 1900,3090 1944,3091 1987,3091 2031,3091 2074,3091 2118,3091 2161,3091 2205,3090 2248,3089 2291,3088 2335,3087 2378,3086 2422,3085 2465,3084 2509,3083 2552,3082 2596,3081 2639,3080 2683,3079"/>
                <TextEquiv>
                    <Unicode>Reise nach London, Rudolf Lothars</Unicode>
                </TextEquiv>
            </TextLine>
            <TextLine id="r2l28" custom="readingOrder {index:27;}">
                <Coords points="1798,3152 2696,3139 2679,3086 2210,3119 2165,3092 1798,3099"/>
                <Baseline points="1805,3131 1849,3133 1893,3134 1937,3135 1981,3135 2025,3136 2069,3136 2114,3135 2158,3135 2202,3134 2246,3134 2290,3133 2334,3132 2378,3131 2423,3131 2467,3130 2511,3129 2555,3128 2599,3128 2643,3127 2688,3127"/>
                <TextEquiv>
                    <Unicode>70. Geburtstag, die geplante Londoner</Unicode>
                </TextEquiv>
            </TextLine>
            <TextLine id="r2l29" custom="readingOrder {index:28;}">
                <Coords points="1808,3190 2001,3168 2176,3198 2655,3193 2677,3146 1807,3147"/>
                <Baseline points="1815,3179 1857,3180 1900,3181 1943,3182 1985,3183 2028,3183 2071,3183 2113,3182 2156,3181 2199,3181 2242,3180 2284,3179 2327,3178 2370,3177 2412,3177 2455,3176 2498,3175 2540,3175 2583,3174 2626,3174 2669,3175"/>
                <TextEquiv>
                    <Unicode>Premiere von Hans Jarays „Ping¬</Unicode>
                </TextEquiv>
            </TextLine>
            <TextLine id="r2l30" custom="readingOrder {index:29;}">
                <Coords points="1797,3235 2643,3238 2699,3212 2699,3155 2441,3203 1797,3193"/>
                <Baseline points="1804,3224 1848,3227 1892,3228 1937,3229 1981,3229 2026,3230 2070,3230 2114,3229 2159,3229 2203,3227 2248,3226 2292,3226 2336,3225 2381,3224 2425,3223 2470,3222 2514,3221 2558,3221 2603,3221 2647,3221 2692,3222"/>
                <TextEquiv>
                    <Unicode>Pong“ mit Gertrude Lawrence und Paula</Unicode>
                </TextEquiv>
            </TextLine>
            <TextLine id="r2l31" custom="readingOrder {index:30;}">
                <Coords points="1808,3280 2371,3308 2705,3275 2685,3209 2478,3249 1808,3234"/>
                <Baseline points="1816,3277 1860,3276 1904,3276 1948,3275 1992,3275 2036,3275 2080,3274 2124,3274 2168,3274 2212,3274 2256,3274 2300,3274 2344,3274 2388,3274 2432,3274 2476,3274 2520,3273 2564,3273 2608,3272 2652,3272 2697,3271"/>
                <TextEquiv>
                    <Unicode>Wesselys beabsichtigtes Londoner</Unicode>
                </TextEquiv>
            </TextLine>
            <TextLine id="r2l32" custom="readingOrder {index:31;}">
                <Coords points="1796,3335 1951,3336 2002,3320 2033,3344 2115,3349 2233,3326 2232,3280 2061,3296 2010,3279 1860,3280 1796,3301"/>
                <Baseline points="1803,3331 1829,3328 1855,3326 1882,3325 1908,3323 1934,3323 1961,3323 1987,3323 2014,3323 2040,3324 2066,3324 2093,3324 2119,3324 2145,3323 2172,3323 2198,3321 2225,3318"/>
                <TextEquiv>
                    <Unicode>„Liebelei“-Gastspiel?</Unicode>
                </TextEquiv>
            </TextLine>
            <TextLine id="r2l33" custom="readingOrder {index:32;}">
                <Coords points="1820,3391 1922,3395 1946,3388 1976,3395 1993,3383 2006,3383 2007,3322 1950,3336 1939,3328 1821,3335"/>
                <Baseline points="1827,3358 1855,3359 1884,3360 1913,3360 1941,3361 1970,3361 1999,3362"/>
                <TextEquiv>
                    <Unicode>ng</Unicode>
                </TextEquiv>
            </TextLine>
            <TextEquiv>
                <Unicode>CASINOS IN OSTERREICH
Baden Salzburg Semmering
Roulette — Baccara — Chemin de fer
Österreichische Casino A.
Wien IIi, Schwarzenbergplatz 5a
7
„OBSERVER‘
I. österr. behördlich konzessionieres
Unternehmen für Zeitungs-Ausschnitte
Wienl, Wollzeile 11, Telephon R-23-0-43
Ausschnitt aus:
Biedermaus, Vien
30. 3. 1955
vom: Wissen Sie Schon,
daß einer der größten englischen Sender
eine Sendung von Schnitzlers „Lie¬
belei“ ankündigt?
daß Eduard Knobloch von Co¬
chran den Auftrag erhalten hat, eine eng¬
lische Bearbeitung von Schnitzlers
„Liebelei“ herzustellen?
Die Fledermang Wien
6.APfl. 935
Wiesen Sie schon,
daß „Variety“ als WienerNeuig¬
keiten meldet: Direktor Premingers
Reise nach London, Rudolf Lothars
70. Geburtstag, die geplante Londoner
Premiere von Hans Jarays „Ping¬
Pong“ mit Gertrude Lawrence und Paula
Wesselys beabsichtigtes Londoner
„Liebelei“-Gastspiel?
ng</Unicode>
            </TextEquiv>
        </TextRegion>
    </Page>
</PcGts>
