3436 4320
466 173 843 254 Liebelei
297 167 1420 296 5.  box 10/8
775 1027 1178 1096 Telefon 12801.
310 1136 1644 1196 Alex. Weigl’s Unternehmen für Zeitungs-Ausschnitte
1327 1183 1517 1240 Ausschnitt
372 1220 1649 1331 105 „OBSERVER“ Nr. 93
262 1322 1645 1415 I. österr. behördl. conc. Bureau für Zeitungsberichte u. Personalnachrich
446 1393 1524 1508 Wien. IX Türkenstrasse 17.
655 1491 1323 1570 Filiale in Budapest: „Figyeló“ -
267 1554 1650 1630 Vertretungen in Berlin. Chicago, Genf, London, Newyork, Paris, Rom, Stockhe
253 1696 812 1776 Ausschnitt aus:
914 1675 1570 1822 St. Pöltner Zeitung
583 1765 940 1887 (795
266 1847 503 1918 vom
511 1871 708 1948 140.
906 2006 1257 2073 Stadttheater.
644 2051 1550 2118 Donnerstag den 18. ds. gieng das einactige Lust¬
572 2081 1550 2149 spiel „Zum Einsiedler“ von Jacobson in Scene.
568 2147 1560 2192 Herrn Hans und Frau Jenny Renner war Gelegenheit
569 2176 1562 2235 gegeben, das Publicum durch geradezu prächtige Dar¬
573 2226 1563 2278 stellungen des Sanitätsrath Schlomann'schen Ehepaares
564 2264 1556 2327 zu entzücken. Eine gleichwertige, daher ebenfalls lobens¬
575 2301 1554 2341 werte Leistung brachten auch Hr. Viebach und Fräulein
567 2337 1552 2389 Emilie Reimann (Dr. Siegfried und Edih Cornelius)
579 2378 1555 2420 auf die Bühne. Gänzlich deplaciert fanden wir das ge¬
578 2410 1562 2460 radezu lächerliche Gebaren des Hrn. Devaré als Ober¬
568 2456 1558 2499 kellner Ferdinand. — Bei dem hierauf zur Darstellung
571 2495 1561 2538 gebrachten Schauspiele „Liebelei“ von Arthur Schnitzler
580 2531 1560 2590 bedauerten wir Publicum und Darsteller. Das Stück
573 2574 1565 2617 ist seinerzeit von der Wiener Presse schon entsprechend
577 2610 1562 2653 wgewürdigt“ worden. Wir könnten uns deshalb mit der
576 2646 1672 2712 Constatierung dec Thatsache begnügen, dass es dem jusirf
305 2634 558 2726 Für 50 Zeif
576 2694 1659 2751 Großtheile des Publicums schwer geworden, bis zum #to
402 2703 497 2745 100
566 2734 1676 2788 Schlusse der Vorstellung auszuharren. Wir wollen aber Hilbar
399 2734 493 2790 200
565 2777 1671 2842 nicht unerwähnt lassen, dass sich die Darsteller abmühten, Vorac
567 2809 1564 2870 das Stück zu halten. Die Herren Friedl (Theodor
354 2817 509 2876 „ 1000
573 2843 1555 2896 Kaiser) und Viebach (Lobheimer) hatten ihre Rollen
576 2876 1576 2939 sehe gut aufgefafst und in den Damen Paula und Jenny #
1606 2894 1650 2953 8
291 2911 554 2971 Abonnement
582 2927 1552 2976 Werner gute Partnerinnen gefunden. Dass erstge¬
293 2952 569 3017 Abonnenten ##
577 2965 1563 3019 nanntes Fräulein vor Schlufs des „Schauspieles“ vom
579 3003 1558 3043 Autor genöthigt ward, eine endlose „Heulerei“ wegen
1559 3003 1672 3077 tend
397 3026 555 3096 Der „(
574 3036 1675 3114 des Todes eines Duellanten aufzuführen — ist ja nicht orgé
298 3082 1676 3149 Inhaltsangab ihre Schuld. Wie immer, so bot auch diesmal Herr Zeitun
290 3121 580 3182 blätter (1
578 3123 1677 3204 Renner als Haus Weiring eine anerkennenswerte de Leh
297 3164 756 3220 wodurch eine Leistung.
304 3168 1690 3250 #es In- und Auslandes in drastischer Kürze geboten wird. Diese Mittheilung
301 3248 1105 3295 werden in Wien um 9 Uhr Früh verschickt.
593 3299 1432 3389 Prospecte gratis und franco.
2203 937 2614 1007 Telefon 12801.
1921 1031 2935 1134 Unternehmen für Zeitungs-Ausschnitte.
2802 1073 2990 1146 Ausschnilt
2088 1120 3093 1261 „OBSERVER“ Nr. 24
1833 1156 2041 1270 272
1701 1216 3137 1342 I. österr. behördl. conc. Bureau für Zeitungsberichte u. Personalnachrichten
1878 1299 2992 1408 Wien, IX/1. Türkenstrasse 17.
2102 1387 2768 1492 Filiale in Budapest: „Flgyelé“ -
1797 1451 3063 1553 Vertretungen in Berlin, Chicago, London, Nowyork, Paris, Stockholm.
2785 1561 3121 1682 Seatt
1704 1613 2246 1684 Ausschnitt aus:
2097 1693 2233 1818 700
1710 1735 2109 1850 vom 3%
2119 2083 2814 2304 FEUILLETON
1913 2282 3073 2342 = Ueber die Aufführung von Schnitzlers „Liebelei“
1867 2320 3092 2384 im Lessing=Theater wird uns geschrieben: Bei der Neu¬
1867 2352 3087 2419 einstudirung anläßlich des Gastspiels der Frau Sorma sind die
1874 2396 3092 2460 Rollen des lustigen Paares Mizi=Theodor in andere Hände über¬
1867 2434 3094 2498 gegangen. Dieser Wechsel der Darstellenden ist ganz besonders der
1869 2483 3085 2536 weiblichen Figur zu gute gekommen, welche in Fräulein Glümer
2963 2509 3095 2562 erinnen
1865 2508 2870 2565 eine Interpretin gefunden hat, die ihre Berliner Vor
2982 2549 3089 2592 und
1866 2552 2857 2604 in den Schatten stellt. Das leichtlebige, harmlos ver
1856 2585 2889 2647 dabei gutmüthige Wiener Mädel, das sich amüsiren und mi
1872 2625 2898 2678 will, ist so einfach und überzeugend noch nicht zur Geltun
1876 2664 2875 2716 worden. Frei von jeder sonbrettenhaften und aufdringli
1877 2701 2770 2761 schuf die Künstlerin ein natürliches Menschenkind.
1867 2738 2731 2796 Schönfeld, hat sich durch das bemußte Hervorhel
1862 2780 2728 2829 den Blumenthalschen Lustspielen ein zu starkes Po
1865 2813 2721 2864 angewöhnt. Er stört sich häufig die Wirkung de
1874 2851 2730 2905 das Wirkenwollen anmerkt. Die treffliche Mar
2959 2881 3073 2929 perung
1864 2882 2767 2954 wie die Herren Bonn und Pfeil eine charakteristi
2880 2921 3116 2992 ie Christine
1866 2922 2818 3003 der Typen des Schnitzleuschen Stückes, in dessen Mit
1858 2976 2214 3048 der Sorma stand.
2205 2997 2773 3077 Bezugs-Bedingungen.
2808 3033 2933 3128 7.50
2948 3038 3133 3128 inclusive
1754 3056 2679 3143 Für 50 Zeitungsauschnitte (Artikel oder Notizen)
2724 3102 3117 3170 „ 14.— Porto.
1902 3133 1948 3175 0
2795 3144 2965 3192 25.—
2959 3139 3132 3201 Zahlbar
1831 3169 1951 3219 200
2800 3183 2923 3236 55.—
2780 3189 3166 3286 100.— im Voraus.
1836 3207 1953 3257 500
1782 3244 1960 3311 „ 1000
1891 3231 3209 3351 Im Gegensatze zu anderen Bureaux für Zeitungsausschnitte ist das
1776 3301 3223 3405 Abonnement durch keine bestimmte Zeitdauer begrenzt; — auch stcht es den
1768 3347 3070 3450 Abonnenten frei die aufgegebenen Thinen zu ergänzen oder zu ändern.
