3392 4320
241 245 806 327 5. Liebelei
930 252 1380 353 box 11/4
410 313 445 351 #
594 311 804 375 —
1105 924 1496 1017 Telephon 12801.
466 1085 1476 1204 Mne      esee
321 1144 421 1215 ubn
334 1171 1485 1261 ( l. österr. behördl. konz. Unternehmen für Zeitungs¬
822 1232 1096 1290 Ausschnitte
515 1266 1395 1385 Wien, I., Conçordiaplatz 4.
755 1353 1136 1420 Vertretungen
412 1381 1495 1456 in Berlin, Budapest, Chicago, Christiania, Gent, Kopen¬
402 1455 1487 1508 hagen, London, Madrid, Mailand, Minneapolis, Neu Vork,
396 1489 1496 1541 Paris, Rom, San Francisco, Stotkholm, St. Petersburg.
765 1533 1143 1594 (Gacthrnangale ohne Luwühr.
325 1571 827 1659 m Ausschnitt aus:
987 1661 1468 1779 der Zeitung
407 1697 567 1748 vom:
1257 1758 1388 1839 S
485 1780 731 1856 ARan
405 1843 1405 1969 Jeplitzer Stadttheater.
498 1926 1403 2023 I„Liebelei.“ — „Abschieds=Souper.“] An dem
412 1985 1397 2092 ssamstägigen Schnitzler=Abend am hiesigen Stadt¬
423 2037 1398 2124 theater genen biese beiden Stücke zur Darstel¬
416 2083 1399 2160 lung. „Liebelei“ sehen und hören heißt die
418 2133 1399 2215 Nase in einen halbwelken Blumenstrauß stecken.
392 2182 1402 2284 Michts leichter, als daß eine so delikate Stimmung
430 2233 1397 2325 hurh Kleinigkeiten zerrissen wird. Kleinigkeiten sind
421 2281 1400 2362 ch#r bei Schnitzler verhängnisvoll. Unbegreiflich
454 2343 1405 2415 fr Herr Rubel, den wir sonst als sehr feinen!
408 2392 1400 2450 Dersteller schätzen. Sein Fritz Lobheimer war der¬
411 2429 1407 2505 ark von Pathos getragen, daß seine Leistung in
429 2480 1393 2553 ihri Einzelheiten nicht diskutabel ist. Gerade von
420 2529 1413 2605 Herkn Rubel, dessen Talant wir, wie bereits gesagt,
423 2572 1401 2666 sehr hoch schätzen, hätten wir in diesem Fall Besseres
421 2617 1399 2708 erwartet. Herrn Anthonys „Theodor Kaiser“
422 2670 1400 2749 war passabel. Frl. Janower (Christine) erhob
422 2719 1402 2810 sich im letzten Akt zur schnitzlerschen Höhe; die
424 2757 1405 2843 Schlußszene war eine sehr starke Talentprobe. Die
420 2805 1409 2892 „Mizzi Schlager“ des Frl. Brion fesselte, obwohl
419 2856 1405 2952 sie weder wienerisch noch schnitzlerisch war. Frau
426 2911 1415 2984 Dudek und Herr Kaspar änderten nichts an
418 2950 1409 3025 dem Gesamteindruck, weder zum Schlechten noch zum
421 3013 1410 3092 Guten. Vorzüglich war der Ehemann des Herrn
423 3062 1404 3145 Dr. Helmer. — Im „Abschieds=Souper“
426 3097 1410 3178 brillierte Frl. Forst als Annie. Frl. Forst hat
429 3150 1406 3225 alle Kleinigkeiten, die den meisten Schnitzlerdar¬
420 3205 1405 3282 stellern in der Provinz fehlen. Ihre Annie war das
430 3261 1409 3325 drollige, leichtsinnige, elegante, bald ordinäre bald
422 3303 1409 3367 feinsinnige Mädel, an dem man als sehr junger
429 3345 1419 3420 Mann in der Zeit der Jugendeseleien leidet. Der
436 3412 1414 3470 „Anatol“ des Herrn Rubel war der sensitive Ele¬
427 3441 1421 3529 gant, wie man ihn häufig im Leben trifft, der Max
430 3495 1270 3586 des Herrn Müller sehr klug und diskret.
2774 293 3167 397 Telephon 12801.
1988 426 2076 480 218
2005 456 2060 489 s8
1977 474 2061 515 Melie
2208 436 3120 561 K
1982 508 3125 649 G l. österr. behördl. konz. Unternehmen für Zeitungs¬
2456 571 2739 639 Ausschnitte
1996 579 2046 681 2
2146 587 3022 744 Wien, I., Concordiaplatz 4.
2392 684 2774 768 Vertretungen
1956 688 3124 822 2 in Berlin, Budapest, Chicago, Christiania, Gent, Kopen¬
2048 761 3128 875 hagen, London, Madrid, Mailand, Minneapolis, New Vork,
2032 793 3124 921 Paris, Rom, San Francisco, Stockhoim, St. Petersburg.
2365 865 2770 931 7 nollengsgahr obag Gemähr,
2412 894 3108 1000 enemauer Au
1947 894 2467 980 = Ausschnitt aus:
2462 935 2960 1046 Teplicz, Böhmen
2035 1011 2179 1060 vom:
2165 1009 2208 1103 1
2330 1040 2413 1119 ISa
2214 1195 2935 1312 Theater und Musik.
2137 1270 3090 1350 [„Lirbelei.“ — „Abschiedssouper.“] Ein
2112 1343 3092 1404 Schniklerabend, der den Eindruck solider, ernster
2242 1387 2310 1427 M
2076 1399 3077 1459 aufwies, aber ein Abend, an dem die
2089 1451 3077 1516 Darsteller mit einer gewissen Feierlichkeit die Höhe
2106 1493 3083 1581 chier Aufgaben überschauten und nicht ganz mut¬
2102 1533 3075 1595 beselt an die Bewältigung dersalben schritten. Da¬
2098 1588 3080 1651 ran war wohl das Milieu schuld. Schnitzkers La¬
2098 1644 3078 1708 chen und Weinen ist durchaus auf den Wiener
2090 1694 3073 1770 Volkston gestimmt und wers anders bringt, wirkt
2092 1743 3067 1805 auf den Hörer befremdend. Wie der Schauplatz
2094 1788 3067 1849 der Handlung durch die Kunst der Regie in sinniges
2087 1841 3068 1914 Halbdunkel getaucht oder durch die Einsachheit der
2090 1893 3028 1957 Einrichtung der Stimmung entgegenommt,
2082 1939 3069 2000 muß es aus dem Spiel der Darsteller heraustönen,
2082 1989 3079 2064 das anhaimelnd Süße, das herzlich Fröhliche und die
2092 2042 3087 2083 tiefe Schwermut, und in eins zusammenfließen mit
2088 2078 3080 2135 der Ortlichkeit und den Worten und Gehanken des
2085 2130 3089 2215 Dichters, der seine Erlebnisse auf dem Wiener Bo¬
2090 2185 3070 2243 den erschaut. Das war am Samstag Wend nicht
2084 2225 3061 2290 immer der Fall. Man hörte und lah sehr drah
2077 2283 2882 2361 agieren, aber es fehlte im Anfang die
2080 2331 3068 2401 des Herzens. Mächtig gestaltete sich erst die Wir¬
2080 2383 3063 2450 kung, als im 3. Akt die Tragil der Handlung die
2082 2414 3084 2486 Gemüter erschütterte. Frl. Jansber##elte die
2081 2480 3070 2540 Chrestine. Mit ihrer Neigung zuh Sentimentalen
2081 2521 3063 2606 legtei#e die Rolle etwas zu schwermülig an, und
2082 2581 3052 2637 da ihr die Klangwirkungen des Dialektes nicht zu
2087 2625 3076 2712 Gebote stehen, kam vorerst das stille Glück einer
2080 2672 3065 2747 hingebungsvollen Neigung nicht deutlich genug zum
2074 2716 3076 2795 Durchbruch. Dagegen war die sanste Sprödigkeit
2078 2765 3079 2845 Choistinens mit der entsprechenden Innigkeit des
2082 2823 3067 2889 Gfühles gepaart. Als aber im letzten Akt die
2073 2873 3059 2952 Tragik des Schmerzes allein zum Worte kam, da
2028 2982 3024 3056 bot Frl. Janover eine Leistung, die bewunderns¬
2028 3041 3017 3105 wert genannt werden muß. Es kam so recht in
2029 3086 3039 3165 leidenschaftlichem Schmerze von ihren Lippen und
2031 3143 3030 3210 die bitteren Qualen der furchtbaren Enttäuschung
2016 3190 3041 3267 drängten sich so gewaltig aus dem Innern hervor,
2030 3238 3018 3306 daß der Eindnuck auf die Zuhärer ein überwältigen
2030 3272 3030 3345 der war und sich in rauschendem Baisall löste. Der
2034 3334 3034 3398 Weining des Herrn Kaspar har schlicht und ein¬
2033 3387 3027 3464 fach, aber seine Rede ze gie nicht genng Vibration
2039 3436 3032 3505 des Tons und des Gemüts. Herr Rubel hatte
2020 3483 3019 3559 hn der Rolle des Fritz mit dem Niederhalten seines
2016 3532 3025 3605 kräftigen, für mächtigere Impulse und die Dar¬
2035 3602 3023 3654 stellung eines stärkeren Charasters geeigneten Ta¬
2038 3637 3020 3705 lentes zu kämpfen. Er war ergreifend in seinem
2036 3691 3027 3751 Schmerze und voll Tiefe des Gemütes in den
2041 3734 3028 3797 Ausdrücken der Liebe, aber es stak zu viel Persön¬
2039 3791 3024 3865 lichkeit und großzügiges Wesen in diesem Jüng¬
2046 3848 3015 3899 ling. Herr Anthony gab den Theodor mit rich¬
2037 3876 3033 3950 tigem gutwütig-heiteren Ausdruck, aber auch seine.
2043 3936 3022 3997 Darstellung gebrach es an der lokalen Färbung. Frl.
2036 3982 3033 4065 Brion (Mizi Schtager) mit ihrer naiven Fröh¬
2035 4030 3022 4104 lichkeit und der drolligen Natürlichkeit ihres Hu¬
2040 4081 3028 4159 mors, sawie Frau Dudek als redselige Frau Bin¬
2044 4128 3029 4205 der waren vollständig auf ihrem Platzt. Das Stück,
2058 4177 3037 4239 das bei uns bereits kurz nac seinem Erscheinen
