3436 4256
488 50 2471 101 La piece et le Fümrcompares. - Ce qu en a tait Ophuls. - De
507 95 2471 168 la littérature pour midinettes. La mise en scene de Pitoëff.
362 168 1113 288 Par une heureuse colneidence, on
1125 172 2629 297 Non pas du cinéma non filmé, jest considérablement plus étendue
276 241 1099 320 9 jonait ces jours derniers à Bruxelles
1097 236 1419 332 bien entendu.
1848 257 2338 346 que celle de la pièce.
278 297 1113 393 ∆la pièce dont fut tiré le film du
1146 296 1703 402 Qu'en a fait le cinéaste?
1890 320 2635 393 Le cinéma, pour parler comme
281 354 1105 450 ∆ mème nom: & Liebelei v. que l’on
1849 366 2627 452 Tles scolastiques, est un art d’exten¬
277 409 1019 502 X projetait dans le mème temps.
1869 429 2639 500 sion, le théätre un art de compres¬
1255 406 1860 530 Richesses du film
1856 481 1992 543 sion
364 473 1101 561 La piéce est d'Arthur Schnitzler
1143 504 1866 597 Ophuls a considérablement enri¬
1887 524 2638 615 Disons encore que le cinéma est
279 535 1103 622 2 qui est mort à Vienne en 1931. Elle
1093 586 1869 664 chi l'atmosphère de la piéce, II lui
1865 596 2630 665 un art centrifuge et le théätre un
268 598 1094 665 S fut créée en 1895, ily a donc envi¬
1096 637 1855 698 a conféré un charme, un envoülte¬
1858 646 2199 724 art centripéte.
282 647 1098 709 P ron quarante ans, au Burgtheater de
1099 685 1870 775 ment dont le théätre est aujourd'hui
283 696 1087 784 * Vienne. Le film est de Max Ophuls,
1077 741 1873 831 bien peu capable. Qu plutôt, Ten¬
285 739 760 826 9 cinéaste autrichien.
1966 737 2643 842 Et appauvrissement
1075 798 1871 871 vodtement dont nous sommes l'ob¬
1898 813 2638 899 Chose curieuse: alors que Toeuvre
1078 851 1866 920 jet au théätre, en certains cas, est
585 833 989 940 Du theätre
1861 868 2631 947 nous avait paru mince et menue au
1096 908 1852 977 d’une autre nature, II est diune na¬
1867 937 2638 1004 théätre, sauf la scène finale; alors
484 925 1089 1026 einématographique
1098 952 1863 1030 ture éveillée. Au cinéma, devant les
1860 992 2630 1070 que nous ne lui trouvions que la
1086 1008 1862 1080 images décolorées, dans la pénom¬
343 994 1083 1102 SChose curiemse; la piéce qui pa¬
1863 1047 2642 1124 mérite d’une banalité de sentiment
1095 1060 1852 1143 bre de la salle, nous tombons dans
272 1070 1090 1153 Kraissait à peu près en mème temps
1865 1097 2632 1153 et de langage notee avec précision
1095 1121 1847 1199 une sorte d’état second, une hyp¬
262 1139 1089 1207 gque le cinématographe naissait,
1838 1153 2639 1233 jet une extrème justesse, le film nous
1097 1173 1772 1249 nose. Et c’est un premier point.
265 1182 1098 1264 eseible répondre à un besoin de
1852 1199 2290 1275 Ia paru plus grave.
1137 1220 1865 1299 Nous nous gardons bien de com¬
269 1232 1109 1311 # T’esprit contemporain que le cinéma
1890 1232 2635 1337 Le film ne fait pourtant qufex¬
1083 1290 1862 1357 parer la seule mise en scène de
271 1281 941 1379 ° précisément allait combler.
1861 1309 2634 1397 ploiter le dialogue de Schnitzler. Et
1096 1339 1844 1417 Pitoöff à celle d’Ophuls, car ce se¬
273 1349 1097 1434 ### Il semble en effet qu'à l’époque
1850 1368 2542 1452 loin d’y ajouter, ily retranche.
1101 1392 1847 1474 rait injuste pour Pitoëff qui ne dis¬
262 1412 1075 1484 S quelque chose, dans T’esprit, appe¬
1887 1426 2636 1500 Et du reste le film tout entier est
1089 1452 1859 1515 pose que d’une scène tandis
266 1468 1085 1531 K lait le cinéma. Ce quelque chose,
1859 1488 2286 1558 un retranchement.
1088 1481 1858 1570 qu'Ophuls disposait de studios et de
270 1522 1089 1593 * c’est un besoin, né sans doute de
1894 1525 2639 1630 Et ceci est encore très significatif,
1098 1551 1865 1625 plein air, le champ du monde étant
294 1549 1084 1637 amour et de la pratique des
1863 1601 2633 1689 non pas des aptitudes du cinéma,
1093 1599 1855 1686 ouvert au cinéma. Et ily aurait au
299 1629 1095 1696 9 sciences: un besoin d’analyse scien¬
1862 1663 2636 1742 mais de l'usage que l’on fait aujour¬
1094 1658 1853 1721 surplus danger de faire reposer un
297 1662 1090 1757 tifique et d’observation exacte, de
1855 1705 2406 1788 dhui de cet instrument.
1088 1714 1858 1784 parallèle entre le cinéma et le
268 1718 1086 1807 ∆notation, toutes choses à quoi le
1098 1765 1871 1851 théätre sur le seul exemple d’une
1898 1757 2640 1844 6 Liebelei n, on a traduit ce titre
274 1785 997 1864 S cinéma st éminemment apte.
1097 1828 1854 1896 mise en scène de part et d’autre,
1861 1829 2634 1896 par 6 Flistoire d'Amour v. Or ce
254 1824 1098 1920 ##l Dr, la piéce de Schnitzler est
1084 1857 1857 1940 car il faudrait d’abord établir que
1857 1873 2634 1954 nest pas cela. 6 Liebelei n, c’est
259 1871 1078 1966 Kfaite de cela. Elle reconstitue, minu¬
1083 1917 1860 1990 les deux responsables sont de mème
1854 1931 2642 2009 „ Amourette 9, 6 Jeu d’amour n et
304 1949 1085 2008 tieusement, selon les moyens que le
1085 1977 1825 2052 force, chacun dans son domaine.
1845 1979 2639 2062 plutöt: 6 L'amour en se jouant „.
288 1998 1101 2083 Htlätre met à la disposition de l'au¬
1130 2022 1808 2106 Mais voilà le deuxieme point.
1859 2033 2638 2105 Voilà la nuance. Schnitzler y a mis
292 2056 1096 2133 teur, T'atmosphère et le milieu vien¬
1854 2085 2639 2160 une intention amère vis-à-vis du bel
1134 2072 1843 2168 Alors que Pitoëff est obligé de
304 2104 1009 2189 nois de la fin du XIXe siècle.
1854 2136 2625 2209 officier qui fait dans sa pièce trop
1075 2144 1846 2230 faire tenir sa piéce — et plutöt
345 2162 1090 2255 Par là, par cet esprit d’analyse,
1852 2183 2623 2267 hon marché du cceur de Christine.
1082 2213 1845 2284 Schnitzler Jui-mème y était obligs
267 2205 1083 2305 2 lahpièce était en quelque sorte an¬
1856 2240 2630 2320 II s’engage, à demi tout au moins,
1136 2263 1862 2329 — dans un ou deux décors, Ophuls,
272 2271 1074 2355 nähciatrice du cinéma, Elle le pré¬
1856 2289 2634 2383 vis-à-vis de Christine, tandis qulil
1083 2305 1859 2394 lui, peut multiplier les décors à
270 2325 1080 2410 fignrai, peut-on dire. Elle n'ambi¬
1851 2350 2628 2430 est encore lié ayec la baronne. II y
1081 2355 1290 2435 son gré.
265 2382 1089 2454 tiahne en premier lieu que de repro¬
1847 2401 2635 2475 a donc dans le personnage de la
1130 2407 1844 2501 II peut de la sorte donner à l’ac¬
280 2443 1095 2513 duire l’image de la vie, ce qui est
1843 2460 2645 2538 piéce une nuance de duplicité qui le
1088 2483 1842 2566 tion incluse dans la piéce de
282 2496 1083 2558 lahission mème du cinéma. Cest
1857 2520 2640 2577 rend infiniment plus près de la vie
272 2541 1858 2611 pourquoi du reste elle est rangée Schnitzler tous ses développements.
1847 2561 2590 2648 et infiniment moins sympathique.
272 2599 1857 2669 * parmi le théätre naturaliste, dont le La piéce ne nous montrait pas la
1893 2612 2622 2702 Dans le film, tout cela a disparu.
1082 2652 1852 2709 baronne, maitresse de Fritz; le film.
266 2637 1091 2725 Veinéma nous a délivrés en partie.
1855 2653 2640 2754 L’officier Fritz ne fait la connais¬
1085 2697 1848 2776 lui, nous la montre. Tandis que la
269 2695 1094 2783 Fdut le théätre naturaliste était
1846 2732 2640 2804 sance de Christine qu'au moment oß
1101 2760 1846 2833 piéce en est réduite à nous suggèrer
268 2757 1081 2829 dSlleurs annonciateur du cinéma
1858 2783 2646 2856 il a rompu avec la baronne. Le duel.
1092 2810 1846 2880 la Vienne de 1900 par l’intérieur
298 2812 1088 2871 ei Fépondait à ce besoin de savoir
1855 2837 2657 2927 qu'on lui impose vient après cetten¬
1089 2868 1849 2924 d’une garçonnière que se partagent
276 2867 1089 2957 etFanalyser que'le cinéma, disions¬
1846 2877 2654 2977 rupture. II devient des lors le heros
1071 2917 1844 2986 deux jeunes officiers des dragons et
266 2910 957 3008 Undüs, allait bientôt combler.
1851 2949 2633 3019 sympathique de Thistoire. mais il
1078 2968 1854 3039 dans laquelle ils font venir leurs
351 2985 1083 3056 Ee que nous disons de la piece de
1855 2992 2654 3069 perd sen humanité. Et cela devient.
1086 3014 1846 3095 deux amies — garçonnière éclairée
273 3018 1081 3119 Schnitzler ne lui est donc point par¬
1852 3052 2640 3126 de L'amour rose. La mort mälse à
1077 3061 1844 3133 Taux candélabres, meublée d’un
281 3103 1083 3173 ticülier, mais ciest un caractère gé¬
1840 3108 2633 3175 Icela prend un tout autre sens, on
1087 3129 1843 3189 piano od l’on joue les valses à la
1841 3149 2200 3237 Ile comprendra.
278 3161 1075 3226 Tnélelqui se marque assez profon¬
1077 3172 1853 3261 mode, lieu presque innocent ou lon
304 3189 1083 3278 dement en elle, et c’est Suzanne
1080 3230 1857 3305 se grise avec gräce — le film, lui,
296 3245 1078 3334 Cläuser, I’introductrice des cuvres
1943 3244 2636 3369 Gloire d la midinette
1085 3295 1856 3367 peut nous montrer l’opéra ou vont
278 3310 1083 3386 de Schnitzler dans la langue fran¬
1077 3336 1854 3414 I’Empereur, les diplomates et les
1879 3355 2630 3419 Et voilà comment, malgré ses ri¬
282 3368 993 3446 çaise, qui écrit de cet auteur:
1073 3404 2625 3464 lolficiers. Et ainsi pour chaque choselchesses supplémentaires, le film est
354 3423 1082 3512 & Avant que Freud ait établi sa
1092 3448 2622 3536 à quoi il est fait allusion dans lade beaucoup inférieur à la piéce. Et
278 3481 1085 3570 Athéorie en due forme et selon tous
1093 3505 2617 3579 pièce. Ophuls y ajoute de tres jolieslcomment aussi le cinéma sécarte
262 3531 1086 3604 Ples principes de la logique, Schnitz¬
1089 3559 2622 3643 vues de la forêt de sapins sous lalde sa mission révélatrice.  Liebe¬
272 3592 1082 3677 Aler, pratiquait la PSYCHANALYSE
1091 3616 2627 3703 neige ou les deux amoureux se pro-[lein au cinéma, malgré sen charme,
284 3651 617 3732 g em poête 9.
1075 3651 2630 3741 Imenent en traineau. Par contre, iljsa finesse, son enveloppement, et
344 3715 2629 3783 Par là, T'auvre de Schnitzler était Isupprime quelques personnages épi-Imalgré sa qualité einématographi¬
268 3763 1848 3834 s prête pour le cinéma et se trouvait Isodiques, mais nécessaires au
1843 3779 2631 3856 que, ciest de la littérature pour mie
267 3819 1282 3893 etre ce que l’on pourrait nommer: théätre.
1844 3826 2048 3902 dinettes.
284 3880 1002 3960 du théätre cinématographique.
1116 3867 1863 3958 Donc, en somme, T’aire du film
2251 3855 2559 3958 Jean DAIX.
