3484 4256
273 226 640 297 Liebelei
294 229 1242 328 box 12/8
2043 255 2189 317 4. 0.
2273 245 2815 327 Prtesessesses
2007 327 2621 412 Hltes Stadttheater.
2226 389 2434 461 Liebelei.
1869 432 2711 507 Schauspiel in 3 Aufzügen von Arthur
2182 487 2498 547 Schnitzler.
1905 513 2829 588 In keinem Stück Schnißlers ist die Wiener
1840 572 2814 624 Luft so eingesangen wie in dieser wehmütigen
1846 609 2300 664 Liebesgeschichte des
2302 610 2823 671 Zweiunddreißigjährigen,
1834 656 2818 708 dessen für unsere Tage heikelstes Stück, der Reigen,
1837 684 2817 740 heute. bald dreißig Jahre später, der sensations¬
1833 729 2819 776 lüsterne Bildungspöbel und zweifelhaft: Moral¬
1833 774 2822 811 trompeterei zum Gegenstand eines endlos breit¬
1838 805 2820 857 geschlagenen Skandals machen, sehr zun Schaden
1847 840 2825 887 seines Verfassers, der nicht bloß in Sexualysycho¬
1835 879 2825 913 logie und auch nicht bloß in literarischen Cau¬
1846 913 2820 965 serien sich ergeht, sondern in begnadeteren Stun¬
1836 948 2827 1004 den das Zynikerlächeln und die Theoretikerstirn¬
1841 984 2826 1036 falte einer dunklen, schweren Melancholie weichen
1831 1032 2825 1068 läßt, die in die Hintergründe des Profanen ein¬
1835 1067 2819 1118 dringt und das Seelische dort noch aufdeckt, wo
1830 1109 2814 1159 Sudermänner auf der Hintertreppe kleben bleiben
1839 1149 2822 1194 (Rosen). Gewiß, es ist manchmal ein bissel viel
1844 1179 2825 1247 Sentimentalität geboten, und der Liebeshimmel
1832 1223 2808 1268 dieser Wiener jungen Leute wird auf größte sitt¬
1841 1252 2820 1312 liche Entrüstung stoßen bei Menschen vom Schlag
1840 1297 2816 1342 der Strumpfwirkersfrau im zweiten „Akt des
1841 1337 2810 1376 Stückes, die Luise Trebe so herzhaft unsym¬
1827 1357 2822 1430 pathisch vor uns hinpflanzte mit ihrem Gistneid
1828 1417 2819 1453 auf das leidbeschattete, vergängliche Traum= und
1836 1451 2497 1489 Rauschglück der jungen Mädchen.
1902 1479 2819 1536 Im ganzen ist die Geschichte ja eigentlich
1826 1534 2817 1584 trivial: der Held liebt eine verheiratete Frau, be¬
1838 1560 2827 1616 kommt von seinem Freund zur Ablenkung ein
1838 1608 2820 1666 „süßes Mädel“ vorgeführt, die, völlig rein noch,
1833 1642 2823 1692 ihm ihre ganze heiße Liebe schenkt und schließlich
1837 1683 2811 1732 in der Stunde eine leise Ahnung von Liebesglück
1826 1710 2823 1763 in ihm weckt, in der er sie für immer verläßt, um
1894 1756 2829 1799 im Duell mit dem Gatten der anderen zu
1838 1794 2834 1854 fallen. Das Mädel aber, zwiefach betrogen, rennt
1824 1832 2814 1890 in den Tod. Und drum herum ist Wiener Milien
1826 1878 2824 1927 gebaut, Lobheimers Bude mit der halbeleganten
1827 1908 2816 1965 Behaglichkeit, in der so ein reizendes Fest zu
1837 1947 2810 2002 Vieren so bös gestört wird, und das schlichte Zim¬
1836 1988 2812 2034 mer des alten Musikanten, von dem aus man auf
1836 2026 2812 2086 so viele Dächer hinabsieht und hin bis zum
1824 2061 2104 2109 Kahlenberg.
1893 2086 2857 2144 Die Aufführung war durch Ludwig Seipps!
1829 2141 2823 2192 Spielleitung und die volle Hingabe der Darsteller,
1831 2180 2826 2237 eine der schönsten Leistungen der Spielzeit.
1836 2211 2811 2274 Maria Rusers Christine war so bis ins Letzte
1836 2247 2811 2292 erlebt, so reich an unsagbarer Feinheit, so schlicht
1823 2289 2826 2342 und zart, daß man die große Reinheit dieses stillen
1831 2330 2831 2392 Geschöpfes und sein maßloses Leid erschüttert mit¬
1825 2360 2812 2419 erlebte. Beim Abschied vom Freund und bei der
1835 2401 2817 2477 Nachricht von seinem Tode — keine leere Geste,
1823 2444 2582 2494 keine Pause in der Gestaltung. Gewiß
2736 2449 2806 2497 lle,
1826 2483 2582 2524 ist dankbar, aber — besonders in der let
1866 2515 2563 2568 nicht leicht. Dies und das konnte m
1822 2549 2570 2604 anders denken (die ganze Gestalt
1821 2597 2565 2643 minder durchsichtig und spinnweb
1819 2624 2255 2686 die Echtheit der
2257 2632 2606 2692 Durstellung ma
1821 2664 2468 2725 Leistung so sympathisch, daß
2548 2657 2826 2724 ihr nicht
1826 2700 2796 2759 gemätelt werden soll. Frieda Schrantz war ein
1823 2748 2801 2786 keckes Wiener Blut. Anders darf die Mizi gar
1827 2778 2265 2835 nicht gespielt werden
2343 2784 2797 2844 sie wird's aber leider
1821 2826 2771 2869 meist! Die Beherrschung des Dialektes und ihm
1818 2868 2698 2919 Temperament kamen der Dame sehr zusta
1822 2907 2771 2948 Glänzend war die Gschpusi=Stimmung des erster
1821 2945 2708 2985 Aktes. Vorzüglich in allen drei Akten der Ge
1821 2981 2753 3027 satz zwischen den Mädchen. Heinz Pabsts Lol
1817 3020 2809 3079 heimer, verkrampft im mühsam verhehlten
1820 3050 2795 3105 Schmerz, gütig im Grund seiner Seele und weich,
1817 3087 2808 3131 war glaubhaft, weil ohne jede Pose. Im übrigen
1816 3131 2807 3187 kein Wiener Typ. Hanns Tannerts Theo¬
1825 3156 2800 3214 dor Kaiser versuchte sich im Weanerischen ohne viel
1817 3210 2802 3259 Erfolg. An sich war die Gestalt sympathisch, doch
1818 3236 2794 3291 wünschte man sich mehr natürliche Frische im
1815 3279 2796 3325 ersten Akt. Die undankbare, vielfach stumme Rolle
1813 3320 2800 3359 im letzten Akt war gut angefaßt. Karl Noack
1823 3361 2801 3407 vermochte seiner sehr kleinen Rolle großes Ge¬
1817 3392 2787 3451 wicht zu aehen. Es war wirklich das Schicksal, das
1821 3434 2788 3485 in diesem Mann auf die Bühne trat. Die Kunst
1810 3465 2796 3526 der großen Pausen und der starren und dadurch
1818 3510 2794 3577 lapidaren Geste haben wir den Künstler selten so
1819 3548 2785 3595 gut üben sehen. Max Kühnes alter Violin¬
1819 3588 2778 3630 spieler war von großer Milde, etwas kindisch bis¬
1813 3626 2786 3669 weilen, mit sein beobachteten Alte=Leute=Manieren.
1885 3668 2794 3725 Kammerspielton dämpfte das ganze Spiel und
1814 3706 2782 3755 machte es dadurch nur noch ergreifender. Man
1811 3744 2801 3801 sah einmal wieder: die Rollen entscheiden,
1821 3777 2801 3813 wenn's um Wirkung ins Breite geht, nicht das
1811 3807 2801 3865 Literarische. Schnitzler hat ein paar Wiener
1805 3854 2789 3906 Typen erlebt, die Schauspieler haben sie nach¬
1804 3888 2787 3945 erlebt, jeder mit seinen Aufnahmeorganen. Die
1807 3926 2794 3986 Regie hat sicher viel vereinheitlicht, aber das
1808 3975 2792 4027 Primäre blieb Sieger: das Erlebnis. Vor ihm
1810 4007 2796 4056 verblaßt die Frage nach dem Stil und nach allem
1818 4047 2455 4103 Dramen= und Bühnentechnischen.
2331 4079 2753 4148 Dr. E. K. Fischer.
