3436 4256
483 140 872 213 Liebelei
317 133 1423 226 5. box 12/1
2123 42 2889 120 Franzosen und Deussche nsn
2109 93 2990 139 Opern auk Schöpfungen Shakespeares, Goethes,
2113 139 2986 186 Schillers gezogen, und auch in unsern Tagen
2121 168 2984 222 sind es erfolgreiche epische und dramatische
2118 198 2995 258 Werke, denen zeitgenössische Tondichter ihre
2108 250 2996 291 Textbücher entnommen haben. Ich nenne von
2118 291 2993 339 jenen nur Sardou in seiner „Toska, Tolstoi in
2110 317 2992 386 seiner „Auferstehung", Zola im „Abbé Mouret“,
2115 365 3002 418 Hoffmannsthal in seiner „Salome" und¬
2126 383 2990 451 „Elektra . Nun ist gestern auch Franz Neu¬
2110 428 2998 507 mann auf der Bühne des Herrn Gregor mit
2116 478 2991 525 seiner Oper „Liebelei“ erschienen, einem
2114 504 2995 563 Werke, das dem gleichnamigen Schauspiel
2107 555 2990 599 Arthur Schnitzlers textlich sein Entstehen
2111 597 2994 652 verdankt. Dieses Drama aus der Wiener
2115 626 2998 677 Sphäre, das in einer Liebelei der jungen Lebe¬
2112 662 2978 721 männer Fritz und Theodor mit den „süßen“
2107 701 2992 748 Wiener Mädels Christine und Mizzi so fröhlich
2116 742 3002 791 beginnt und in einem Duell des ersteren mit
2118 775 2994 833 dem betrogenen Ehemann tragisch endet, hat den
2119 813 3006 871 phantasievollen Komponisten zu einer musi¬
2104 852 2999 911 kalischen Illustration seines Inhalts gelockt. Ist
2120 898 3000 953 aber jedes Schauspiel, das sich als bühnenwirk¬
2110 947 3010 1002 sam erweist, auch geeignet für eine Umwandlung
2116 976 3011 1025 zur Oper? Bei dem Schauspiel Schnitzlers
2109 1006 3009 1073 muß die Frage verneint werden. Was in dem
2114 1041 3010 1107 gesprochenen Dialog, selbst in unwesentlichen
2113 1084 3012 1134 Momenten natürlich erscheint, wirkt in einer
2118 1119 3002 1198 gesanglichen Umkleidung gezwungen, wenn nicht
2123 1169 3004 1220 gar lächerlich, und Neumann hat seinen Text
2122 1212 3014 1254 wortgetreu dem Drama Schnitzlers entnommen.
2118 1251 3008 1305 Diese kurzatmigen, oft nur wenige Worte ent¬
2123 1276 3011 1328 haltenden Sätze, machen in ihrer Vertonung den
2129 1320 2948 1376 Eindruck einer melodischen Engbrüstigkeit.
2119 1355 3014 1417 wir die Lungenkraft einer organisch entwickelten,
2124 1404 3020 1456 warmblütigen, gesunden Kantilene erwarten,
2121 1435 3019 1498 läßt der Komponist seine Sänger in musikali¬
2129 1481 3018 1535 schen Phrasen, in abgerissenen Parlandos sich
2137 1514 3017 1563 ergehen. Solcher Sprechgesang wirkt aber auf
2130 1563 3015 1607 die Dauer eintönig. Wo diese Deklamations¬
2134 1603 3028 1648 musik von wirklichem Gesang unterbrochen wird,
2134 1631 3029 1687 wie in dem Liede Christines aus dem Lochheimer
2128 1665 3017 1724 Liederbuch und einigen anderen Stücken, atmet
2126 1715 3011 1768 der Zuhörer förmlich auf und erquickt sich an
2129 1750 2889 1807 innig empfündenen, ausdrucksvollen,
2135 1783 2994 1837 Melodien. Solcher erfrischenden Sätze enthält
2128 1831 2998 1880 die Oper leider nicht allzuviele, und wir
2123 1861 2908 1919 werden die Befürchtung nicht los, daß es
2126 1911 3007 1954 Komponisten an der Fähigkeit, gesanglich zu
2132 1942 3020 2003 schreiben, überhaupt gebricht. Das ist aber das
2134 1998 3019 2030 Charakteristikum des modernen Musikdramas,
2141 2019 3013 2071 daß die Singstimmen geringschätzig behandelt
2135 2060 3019 2108 werden und nur das Orchester auf den Schild
2139 2096 3022 2162 erhoben wird. Auch in dem Werke Neumanns
2160 2133 3028 2187 st es vornehmlich das Orchester, in dem die
2136 2169 3023 2226 eigentliche Begabung des Komponisten zutage
2141 2210 3020 2261 tritt. Hier beweist er einen Reichtum an Aus¬
2146 2251 3026 2300 drucksmitteln, die ihre Wirkung nur selten ver¬
2142 2285 3022 2341 sagen. Für jede Stimmung, für jeden Gefühls¬
2146 2329 3023 2378 affekt, im Heitern wie im Ernsten, hat er die
2138 2363 3029 2418 entsprechenden instrumentalen Farben auf seiner
2138 2411 3034 2453 Palette, und das Kolorit ist meist von iniensiver
2147 2440 3028 2498 Leuchtkraft. Von rein orchestralen Stücken ist
2144 2486 3013 2532 das Vorspiel zum dritten Akt, obgleich etwas ge¬
2153 2526 3027 2575 dehnt, als ein den tragischen Ausgang kündendes
2153 2558 3026 2611 Tongemälda besonders hervorzuheben. In
2142 2603 3031 2656 kleineren Formen ist manches heitere Sätzchen
2144 2636 2936 2682 Wiener Geblüts von anmutender Wirkung.
2191 2664 3050 2734 Dieses spezifisch Wiener Gepräge hatte die
2149 2715 3064 2786 Gesamtaufführung der Oper. Die in der Ver=1
2167 2785 2991 2850 schiedenheit ihres Charakters vortrefflich
2173 2831 3048 2893 zeichneten Figuren der Christine und der Mizzi
2174 2875 3040 2916 wurden von Maria Labia und Susanne
2164 2904 3056 2987 Bachrich musikalisch und schauspielerisch
2164 2944 3052 3008 lebensvoll verkörpert. Namentlich die erstere
2170 2990 3046 3029 erhob sich in der kraftvollen Steigerung ihrer
2170 3024 3044 3071 Rolle bis zur Schlußszene, in der sie den Tod
2171 3062 3036 3125 ihres im Duell gefallenen Geliebten erfährt, zu
2168 3102 3032 3160 tragischer Höhe. In Jean Nadolovitsch
2163 3149 3046 3209 als Fritz hatte die Künstlerin einen würdigen
2160 3185 3038 3242 Partner. Das Abschiedsdnett des Liebespaares
2163 3222 3042 3276 war von ergreifender Wirkung. Einen liebens¬
2152 3261 3043 3315 würdigen Bonvivant mit einem Schust Wiener
2162 3300 2812 3350 Gemüt gab Richard Wissiak
2835 3307 3045 3356 in seinem
2157 3333 3042 3396 Theodor. Rührend in seiner väterlichen Zärt¬
2155 3375 3036 3439 lichkeit war der alte Weiring Desidor
2156 3414 3032 3488 Zadors. Niederschmetternd in der Wucht
2146 3458 3034 3512 seiner Darstellung der betrogene Ehemann
2159 3499 3039 3554 Karl Armsters in seiner Szene mit Fritz;
2146 3531 3036 3595 und eine dem Leben abgelauschte Wiener Klatsch¬
2147 3571 3054 3640 base gab Emma Seebold in der drolligen
2154 3610 2433 3661 Frau Winter.
2200 3648 3032 3716 Mit einem solchen auf das Subtilfte abge¬
2156 3687 3037 3751 tönten Ensemble, das Kapellmeister Reznicec
2150 3735 3037 3780 musikalisch und Direktor Gregor, als Ab¬
2143 3773 3034 3822 schieds=Regisseur, szenisch leitete, war ein be¬
2143 3806 3026 3872 deutender Erfolg zu erzielen, und dank dieser
2149 3846 3028 3903 ausgezeichneten Tarstellung errang ihn die Novi¬
2146 3883 3027 3939 tät. Das Publikum war begeistert und rief mit
2142 3923 3030 3990 den Darstellern den Komponisten unzählige Male
2132 3964 2458 4014 vor die Gardine.
