3436 4224
224 131 738 224 5. Liebelei
891 137 1359 243 box 13/8
324 176 769 265 LEDEIOI
286 1182 655 1291 Diese H. Antereast
281 1231 1853 1313 daß selb# gemäßigt oppositionelles Blatt wie das rim dörigen Jahr¬
2924 1244 3403 1331 k.. Thne von 4#
300 1306 3409 1360 „Agr. Tagbl.“ vor einigen Tagen schrieb, Graf Tisza Selbständigkeit Kroatiens ausgesprochen. In einer endlosen waltigung zu sprechen, sondern auf dem
1443 1388 3397 1456 jenige, der Ernst's Thätigkeit als dramatischen Dichters auf=neuen Stück von Hartleben nicht so leicht
287 1395 613 1548 0
1445 1444 3411 1502 merksam verfolgte, gelangte bald zu der Erkenntniß, daß die man nach langem hin und her findet, bie
530 1430 1272 1537 Fenikleton.
1460 1479 2638 1564 Entfernung des Poeten vom Schulmeisteramte nur eine
2711 1496 3391 1550 Der Autor nennt sein Werk ein
448 1476 564 1580 K.
1456 1518 3407 1591 scheinbare war. Otto Ernst ist Lehrer geblieben, nur daß er man hat wirklich die Empfindung, daß
627 1553 1161 1660 Wiener Briefe.
1453 1585 3416 1651 sich jetzt vor große Kinder stellte und die Schulstube mit allerdings ein echteres, vor allem rech
2613 1630 3416 1700 zum erfolgreichen „Alt=Heidelberg“ vor
285 1613 2630 1694 (Burgtheater=Novitäten: „Bannermann“ von den weltbedeutenden Brettern vertauschte. Man wird sehr
1458 1676 3409 1750 leicht in allen seinen Stücken, von der „Größten Sünde“ die Biermensuren sind echter in Beobac
284 1681 1463 1735 Otto Ernst. — „Im grünen Baum zur Nachtigal!“
295 1728 1461 1782 von O. E. Hartleben. — „Maskerade“ von Fulda.)
1459 1716 3402 1782 angefangen bis zur „Gerechtigkeit", die didaktische rung — Hartleben kennt das Alles ause
1462 1759 2633 1829 Tendenz wahrnehmen. Auch im „Bannermann“ hat der
2616 1780 3408 1839 sie münden auch in einen ernsten Kon
397 1781 1463 1847 Die geistige Luft ist es, die mich am Schulwerk ent¬
2618 1824 3356 1889 etwas bei den Haaren herbeigezogen wi
285 1802 2638 1887 zückt. Weil sofort, wenn ich unterrichte, ein Frühlingstreiben Dichter erzieherische Absicht. Um was es sich ihm diesmal
2619 1868 3349 1946 löst wird, aber dennoch das Bild le
307 1873 2633 1945 in meinem Kopfe losgeht von tausend Ideen wie man es handelte, war nach seinem eigenen Bekenntniß, einen Mann
2616 1914 3384 1976 läßt. Dieser Konflikt, der zu einem Pif
282 1926 2627 1995 fnachen, und von tausend Hoffnungen#ie's noch werden darzustellen, der nach außen hin für Freiheit, Gleichheit und
2613 1950 3390 2019 dem ersten, so heiter beginnenden Akt
1227 1966 2629 2032 Greuliche Gerechtigkeit eintritt, in Wirklichkeit aber eine Despotennatur
284 1969 1096 2047 könnte mit dem Menschengeiste... Das
1455 2014 3383 2076 ist, die Alles niederdrückt, was in ihrer Umgebung eigene ins Tragische verleiht, könnte sogarsise
288 2023 1474 2085 an unserer Schulmeisterei, daß kein Fiensflug arin ist,
286 2055 3400 2139 kein Wagemut), keinm, kein Drang! Wi Praß Existenz beansprucht, kurz der Dichter hatte die Absicht, einen wenn ihn der Dichter geschickter eingefäd
2615 2109 3179 2170 lustspielartig auslaufen ließe.
1471 2109 2193 2188 #ihealen Tartuffe“ zu brandmarken.
896 2108 1379 2187 wollen... Wenn ich
287 2116 866 2190 leisten will, muß Unmöguch
2716 2142 3400 2222 Arthur Schnitzler hat im ersten
1634 2151 2634 2220 ist ihm nicht ganz gelungen, was er beabsichtigte,
941 2157 1462 2238 ann steigen fünfzig Seelen
284 2157 948 2236 meinen fünfzig Jungen stehe de
1564 2200 3414 2262 sjenige nicht, was das Wichtigste wäre: ein gezeigt, von welch erschütternder Wirkun
1040 2203 1461 2276 Höheres als Schul¬
283 2194 1029 2270 und fünfzig Werke vor mir auf
1577 2251 3408 2320 n schreiben. Die vortrefflich gezeichneten traste sein können. Der Zuschauer folgt
274 2238 1475 2336 meister gibt es nicht, wenn ich mal kein Lehrer mehr sein
1448 2251 1601 2320 bautes
1441 2283 3396 2373 Episodenssiren bei weitem mehr als der Held der ihn aus heiterster Lustspielstimmung
283 2299 978 2376 dürfte, dann wär's aus mit mir.
1825 2330 3374 2407 sein Gegner Dr. Brodersen. Auch kann Lebens stellt, willig, er kann aber nie
393 2336 1753 2415 Derjenige, dem Otto Ernst in seinem „Flachsmann“ Bannermann
1449 2391 3377 2468 die reizende Liebesseene von poetischem Zauber, wie wir den Weg vom Ernsten zum Komischenz
273 2410 1474 2484 diese Worte in den Mund gelegt hat, heißt Jan Fleming.
1504 2422 3404 2508 bei Ernst gewohnt sind — nicht genügend entschädigen Hartleben verlangt wird. Dieser Zwiespal
282 2464 1402 2530 Es ist der Idealist auf dem Katheder der Volksschule,
2611 2472 3407 2564 digt ganz empfindlich Harrleben's neueste
1544 2496 2622 2554 die langen, bei allem Geist und Witz überlangen poli¬
290 2503 1391 2571 diese von heißer Begeisterung diktirten Sätze spricht, es
2713 2541 3401 2597 An mehr als einer Stelle hat m
1528 2528 2633 2601 # Auseinandersetzungen. Uebrigens verfiel Otto Ernst
290 2544 1398 2621 die prächtige, lebenswahre Gestalt, vielleicht die echteste,
2606 2562 3364 2660 daß der Dichter die Studentensitten
1453 2588 2612 2649 auch diesmal in seinen alten Fehler, Gegner zusammenführen,
291 2602 1125 2679 bisher Otto Ernst auf die Bretter stellte.
2611 2635 3348 2712 unterziehen wollte, er vertheilt einige K
395 2622 2620 2695 Otto Ernst war selbst Volksschullehrer gewesen, bevor die gar zu ungleich gerathen sind. Ein Kampf kann nur dort
2619 2663 3396 2738 wie gesagt, zu einem befriedigenden Res
279 2678 2616 2742 ihm sein großer erster Bühnenerfolg die Mittel einbrachte, Interesse einflößen, wo mit gleichen Waffen gefochten wird.
289 2735 3402 2806 seiner Kunst allein zu leben. Was der ideale Fleming sagt, Bei Ernst weiß man schon im ersten Akt, wem die Sieges= nicht, würde es höchstens dann erreich
284 2787 3401 2853 ist nur ein Echo jener Empfindungen und Erfahrungen, die palme gehört, er macht die Entscheidung so leicht zwischen guten Rath der lustigen Zechbrüder befo
299 2826 3405 2900 der Dichter selbst gemacht hatte in seinem ursprünglichen Fleming und Flachsmann, Kröger und Goßler, Brodersen singen: „Laßt uns den Verstand versauf
2602 2851 3019 2948 uns der Verstand.“
289 2876 1834 2943 Berafe; was Fleming fühlt, hat der Dichter selbst empfunden, und Bannermann.
1547 2903 2633 2988 Der Erfolg des Stückes war bei einer im Ganzen vor¬
288 2935 1481 3008 was er wünscht und thut, wünschte und that Otto Ernst,
2710 2949 3425 3038 Auch Ludwig Fulda's „Maske
1459 2965 2306 3049 trefflichen Aufführung kein durchschlagender.
282 2966 1461 3040 als er noch vor seinen Kindern stand und lehrte und in
2599 2997 3387 3091 unwillkürlich zu Arthur Schnitzler, der
286 3022 1476 3096 heiliger Begeisterung die Wahrheit erkannte, daß es „keine
2598 3044 3413 3134 „Die letzten Masken“ viel tiefer
284 3080 1470 3134 größere Lust gibt, als nach und nach die Stricke lösen, die
1549 3107 3400 3183 Auch Otto Erich Hartleben ließ diesmal kalt. Das die alte Weisheit streifte, daß alle Menschel
278 3103 1472 3188 einen gefangenen Geist umwinden, ihn als Licht hervorlocken,
1454 3165 3382 3223 schönste an seinem Stück ist wohl der liebliche Titel: „Im sind. Die Maskenzüge hat man nur
281 3163 1348 3257 das ganz, ganz fern hinter tausend Nächten glimmt“.
1448 3199 2159 3286 grünen Baum zur Nachtigall“ ...
2589 3204 3389 3274 Der Unterschied zwischen einst und jetz
396 3206 1466 3283 Viele, die diese schönen Worte lasen oder hörten,
1545 3238 3411 3322 Konnte man bei Otto Ernst mit etwas gutem Willen daß i an sonst, in „etwas Anderes vor
281 3258 1475 3338 mochten bedauert haben, daß der Dichter des „Flachs¬
289 3324 3414 3402 mann“ dem Lehrerberuf untreu geworden ist. Aber der=errathen, was seine Absicht gewesen, wird es uns in dem in Wirklichkeit war, eine Maske anlegte
