3436 4320
394 179 758 249 Liebelei
229 147 1351 287 5.— box 11/4
1988 407 2367 489 Telephon 12.801.
904 551 1111 616 pagennt.
1388 509 2122 652 — „OBSERVER“
808 598 977 678 S.7/00
340 595 434 679 D
1267 636 2362 699 I. österr. behördl. konz. Unternehmen für Zeitungs-Ausschnitte
436 639 968 714 ·IIGHT O LOVE.
1403 697 2241 770 Wien, I., Concordiaplatz 4.
329 726 1102 808 VIENNA PLAY AT THE AFTERNOON
1610 767 2036 842 Vertretungen
581 784 826 845 THEATRE.
1285 810 2357 884 in Berlin, Budapest, Chicago, Christiania, Genf, Kopen¬
334 836 1093 906 Frits Vobheimer #m. Mr. Henry Ainley.
1289 871 2367 945 hagen, London, Madrid, Mailand, Minneapolis, New-Vork,
329 895 1099 944 Hunring. Mr. H. R. Hignett.
1334 907 2321 980 Paris, Rom, San Francisco, Stockholm, St. Petersburg.
324 928 1091 966 Theaiser Mr. Charles Mande.
325 960 1097 997 A Gesmeman Mr. Jamcs Hearn.
1632 949 2036 1016 (Quellenangabe ehne Gewähr).
334 980 1091 1022 ChristineMies Margaret Halstan.
327 996 1093 1050 Mizi Schlager Miss Margaret Bussé.
342 1032 1089 1078 Lina Miss Hotty Kenyon.
1279 1006 1662 1093 Ausschnitt aus:
331 1060 1090 1115 Katherine Binder Miss Sydney Fairbrother.
1778 1047 1906 1124 1000
1615 1074 1728 1144 15
1732 1088 2285 1180 Daily News, London
348 1124 1122 1187 * Liebelei,“ many yeare ago now, made
1285 1119 1419 1179 vom:
2015 1157 2220 1219 — —.—
298 1161 1105 1216 Arthur Schnitzler famons. As“ Light o'
314 1198 1099 1263 Love“ it was produced by the Afternoon
331 1241 1110 1313 Theatre at His Majesty’s gesterday. Its
1509 1250 2210 1337 AFTERNOON TIIEATRE.
325 1277 1108 1343 atmosphere is intensely Viennese, the joy,
337 1322 1098 1376 the irresponsibility, the mutability of
324 1359 1106 1420 youthful love, biended with the pathos and
1474 1367 2245 1441 SCHNTTZLERS“ LIEBELET‘ AT
328 1397 1106 1468 poetio eontiment of tears, which are never
323 1439 884 1493 very far away from all love.
1633 1430 2062 1515 IIIS MAJESTT'S
357 1475 1101 1533 In its way it is a little cameo tragedy
318 1520 1107 1563 of contrast. There is the romantie Fritz,
323 1548 1096 1601 half in love with romantie Christine, but
1498 1540 2238 1606 The title of“ Light o’ Lovo“ given to the
327 1580 1104 1627 really in love with a married woman. And
1459 1565 2231 1644 English version of Arthé Schnitzler’s“ Lie¬
335 1610 1101 1661 there is his friend, the typical vouth of
1461 1622 2228 1673 belei' is soarcely applicable to it. Fritz
339 1641 1097 1701 love’s fairyland, the debonair Viennese
1464 1658 2221 1714 Lobheimer is a philanderer of à semftimental
354 1675 1100 1725 guter Kerl (as they call him) who wiles
1459 1703 2215 1753 German type, and Christine Weiring is the
317 1684 1097 1763 away delicions hours with Mizi, who is
319 1742 820 1798 a characteristio Viennese.
1461 1747 2223 1789 young daughter of an orchestral musioian
365 1768 1106 1825 The play opens in Fritz’s rooms. Two
1467 1789 2221 1834 who falls in love with him. Neither is a
315 1798 1113 1843 delicions Viennese girls ought to amuse
1460 1823 2232 1875 light o’ love'’ which, I may be permitted
316 1830 1091 1874 two fervent young Vienneso men, and they
1465 1859 2222 1916 to point out, has à spécial menning. The
318 1873 1107 1921 do: supping, dancing, kissing, and frivol¬
1463 1890 2218 1950 play ds cenbred round tlie tragedy of a girl
326 1903 1093 1947 ling, and were it not that Fritz ie un¬
322 1938 1103 1988 usually pensive a reallv conducive evening
1469 1928 2217 1992 of ühie lower middle classes whose love is ac¬
328 1964 1091 2012 they would have had. But the party is in¬
1468 1966 2216 2015 cepted lightly by a man above her in rank.
320 2000 1100 2043 terrupted. In an admirably written scene
1457 2010 2217 2058 IIe has a serious love affair with a married
327 2033 1103 2081 the gentleman who entens returns the
1456 2054 2217 2104 woman, is dalled out and shot, and the girl
331 2062 1094 2107 letters Fritz wrote to his wife and exucts
1455 2083 2210 2151 finds that she has had no place in his life.
321 2095 1094 2153 the customary satisfaction, which, of
321 2131 853 2189 course, in Austria is a duel.
1450 2129 2215 2176 He has not even sant her a message of any
1461 2160 2226 2224 sort, and sho has no right to have a last
318 2164 662 2238 NATIONAL STUDV.
1463 2207 2216 2267 look at his dead body. Scoial convention
368 2206 1108 2272 The two remaining acts reflect the
1469 2247 2186 2292 counts his love as nothing but a pastime.
316 2256 1096 2302 light o' love.“ Fritz visite Christine in
1477 2285 2224 2335 Perhaps in Germany, where class distine¬
323 2292 1103 2334 her father’s house and takes farewell, and
326 2324 1091 2360 we get a characteristically national study
1466 2322 2219 2379 tions are more rigid ühan here, so that it is
314 2351 1094 2396 jef a Viennese musiclan such as Vienna
1456 2370 2222 2420 asocial crime for à military oflicer to marry
325 2382 1093 2427 loves. Then, in the last act, comes the
1463 2396 2221 2452 bemeath km, the play may have a more
314 2407 1105 2458 tragedy. Fritz is shot. When Christine
1462 2432 2224 2486 poignart reality, but in no case can“ Lie¬
322 2441 1095 2497 hears of it, hears from Hans that he was
1471 2469 2215 2527 beloi be called an interesting drama. For
308 2471 1093 2536 buried that morning and that she will never
317 2520 1106 2554 even see hie face again, the soul of despair
1455 2500 2217 2555 one thing, as Mr. Ainley played the part of
318 2550 1101 2603 possesses her, and she leaves her old father,
1459 2548 2224 2610 the philanderer, it was not clear that he
321 2578 1096 2638 fallen on his knees to the floor erying oul
1460 2581 2215 2638 did not care for Chrisbine. Possibly Mr.
318 2614 1026 2649 that she will never come back to him.
1459 2615 2231 2680 Ainley was too sericus, und Lobheimer’s
355 2621 1100 2689 It is very sad and tender, conceived with
1469 2669 2226 2721 protestations of love should have been con¬
317 2681 1111 2727 areal charm and poetic feeling. Its great
1463 2708 2224 2758 ventional, lip proteshations, uttcred merely
323 2713 1101 2755 success in Austria and Germany is due to
1465 2734 2211 2772 to socühe the girl. Even so that would not
324 2744 396 2784 its
396 2745 1108 2789 inherent realism and sentimental
1465 2766 2207 2812 have made us undorstand whether he did or
319 2778 1094 2817 handling of the eternal theme. Here the
1450 2792 2222 2842 did not love the wife of ühe nameless“ gen¬
326 2802 1092 2847 atmosphere, as thething itself, is somewhat
1456 2821 2215 2871 tleman?’ who shot him. I fancy Herr
324 2837 1095 2879 alien to our national life. The sentiment
1454 2859 2207 2901 Schnitzler meant to show how a young mili¬
325 2865 1099 2911 of Fritz appears to us overdrawn, nor have
1457 2898 2214 2927 tary officer thinks it fair game to play with
315 2893 1100 2953 wethe poctic passion of these youths and
1455 2926 2210 2966 the love of a giri whom etiquette would not
332 2936 1103 2970 maidens in Vienna, to whom love is as the
1456 2961 2208 3005 allow him to marry. An illicit love affair
325 2965 613 3018 light of day.
1459 2996 2206 3036 with a woman of his own class costs him his
313 2993 711 3067 STRAUSSIAN WALTZ.
1451 3026 2210 3064 Vlife; a love affair with a girl beneath him
350 3039 1120 3100 About the production vesterday this must
1462 3061 2207 3093 does not connt. To give point to this moral
1461 3085 2202 3135 Lobheinner is supposed to be rather a decent
321 3077 1106 3139 be said. First, it was played far too slowly,
1465 3122 2211 3162 sort. It 's social convention that is at fault
326 3119 1107 3165 especially the first act, which shouki go
1456 3159 2224 3203 and not the mon. But to English eyes thei
325 3146 1097 3196 with boisterons rapiditv. Then Miss Mar¬
1461 3182 2119 3219 hero secms several sorts of a bounder.
324 3183 1109 3228 garet Halstan has not the physique for the
1481 3213 2263 3252 The same story differentlv treated might!t#
316 3211 1119 3267 part, though she rendered the pathos of
324 3242 1097 3298 the girl with admirable charm and deli¬
1453 3241 2242 3314 Chave been interesting, but the characterisa-s!
330 3291 1099 3325 cacy. The fact is she is too much what we
1457 3284 2213 3334 tion is too flunsy. It was impossible to under¬
327 3311 1117 3363 would call a lady'too refined, too
1457 3306 2218 3360 stand Lobheimer and his love affairs, and
325 3336 1104 3379 English; nor was Mr. Ainiey in the picture.
1456 3338 2215 3399 ie does not seenrtruetolifeto make Christine
324 3377 1095 3427 He, too, was over-refined, too slow and dig¬
1460 3378 2220 3441 imagine she could have had a serions place in
324 3405 714 3453 nified, too pompons.
1455 3412 2210 3450 his existence. Her old father, with his vague
361 3430 1099 3480 Mr. Charles Mauer really had the spirit
1459 3451 2212 3487 iden that tlie remembrance of past happiness
329 3474 1086 3512 of tho thing, and danced quite a Straussian
1455 3470 2206 3532 is better than no happiness at all, was the
329 3510 1094 3545 waltz, and Miss Margaret Bussé; but far
1463 3514 2203 3559 most interesting character in the piece, and
331 3536 1091 3572 more ought to be made of the first act, far
1453 3541 2202 3597 was well acted H. R. Hignett. Ifthe
334 3571 1088 3605 more point and bustle. Mr. Hearn had a
1454 3562 2207 3622 serious, romane“ Lobheimer of Mr.
332 3596 1102 3641 fine moment, but to hear Miss Sydney Fair¬
1455 3602 2216 3655 Amley was right, the voung actor was verg###
325 3624 1097 3674 brother (that most clever character actress)
1456 3628 2211 3675 successful, but there could be no doubt con¬
326 3654 1105 3703 asa Viennese bourgeoise was droll for any¬
1450 3667 2210 3715 Ccerning the, teutonic, agrecable rattle of Mr.
330 3697 1107 3737 one who has lived in Vienna. None the#
1459 3694 2207 3755 Charles Mande. He was well matched by
326 3727 1101 3767 less it was a very interesting afterncon, and
1455 3730 2202 3787 Miss Margaret Bussé’s Mizi, a common, flip¬
1449 3764 2202 3809 pant foilto the lachrymese Christine, whom
318 3778 1066 3843 best theatrical things in London. A. H.
1451 3804 2195 3853 Miss Margaret Halstan made too iadylike and
1460 3833 2198 3882 superior. The qmieter love passages were
1451 3869 2207 3908 well done, but Miss Halstan did not get a
445 3868 935 3925 mronw—
1449 3902 2191 3938 grip of the scene when Christine hears of
1447 3934 2201 3979 the death of her lover, and realises how little
1447 3951 2200 4010 her love has ronnted. But tiie scene is not
1449 3994 2204 4042 well written. As a maliclous and gossiping
1447 4028 2201 4064 neighbour Miss Sydney Fairbrother gave us
1443 4062 2176 4103 one of her elever littie sketches.“ Liebelei
1444 4092 2178 4151 was hardig worth producing. E. A. B.
2384 1176 3218 1250 THE AFTERNOON THEATRE.
2483 1260 2995 1343 R— LIGHT O' LOVE.“
2504 1326 3059 1387 (Liebelel) by Arren Scaz#n
2452 1347 3153 1435 Tran lnted I ASEE WTTETTNS
2347 1386 2656 1465 Fritz Lobheimer
2768 1409 3135 1461 Nr. HExny AISLEY
2348 1443 2652 1492 Hans Weiring
2783 1450 3142 1485 Mr. H. R. HIoNErr
2356 1473 2633 1524 Theodor Kaiser
2777 1479 3160 1524 Mr. CHARLES MAUDE
2358 1512 2638 1561 A Gentlem. n
2768 1511 3130 1556 Mr. JAMzs HEARN
2361 1542 2530 1582 Christine
2770 1544 3235 1584 Miss ManoanEr HALsTAN
2769 1575 3195 1613 Miss MAnoaner Busst
2349 1570 2667 1625 Mizi Schlager
2776 1609 3171 1652 Miss Hurry KENvoN
2355 1637 2674 1690 Katherine Binder
2769 1635 3256 1694 Miss SypNEY FAIRBROrHER
2696 1643 2770 1695 *
2380 1703 3255 1780 This play, which, as we understand, is very success¬
2347 1760 3255 1823 ful in Austria and Germany, has a simple story.
2341 1803 3258 1862 Fritz Lobheimer, an offlcer in an Austrian Dragoon
2347 1833 3261 1885 regiment, has been carrying on an intrigue with a
2348 1874 3252 1920 married woman, and another at the same tirne with
2351 1914 3259 1965 Christine, the daughter of old Hans Weiring, a
2354 1937 3270 2019 violinist in a theatre orchestra, The husband of
2352 1987 3260 2047 the married woman challenges him and kills him;
2346 2027 3261 2084 and Christine, on learning the news, rushes out in
2350 2076 3256 2120 despair, to commit, as we are led to believe, suiclde.
2350 2107 3267 2169 That is the skeleton—simple, and strong enough to
2341 2143 3271 2203 bear a body of genuine tragedy. Towards clothing
2350 2190 3263 2229 it with gennine tragedy the author has gone a good
2350 2229 3255 2275 way. We learn very early in the play that Christine
2343 2274 3253 2321 is not like her friend Mizi Schlager, a mere light¬
2351 2307 3254 2359 o’-love, despising all men, but equally rendy to take
2341 2344 3262 2401 any lover she can get and to bid him a cheerful
2340 2399 3261 2439 good-bye when she can kcep him no longer. Christine
2344 2430 3258 2475 takes the affair very seriously. She has in her a pretty
2345 2469 3257 2522 strong dose of the will to keep. Fritz is her first
2341 2506 3264 2561 lover—for hitherto she has been quite respectable—
2344 2538 3268 2601 and he will be her last. Fritz looks at the matter
2342 2577 3261 2633 in atotally different light. Even at t#e merry supper¬
2350 2613 3267 2674 party in the first act his bead is at least as full of
2338 2658 3259 2704 the married woman as of Christine. And after that
2350 2702 3260 2756 party (Fritz is entertaining his friend Theodor Kaiser
2342 2742 3267 2789 and Theodor’s“ friend Mizi, and Christine, and they
2340 2776 3267 2831 have been drinking Bruderschaff and doing all sorts
2338 2831 3255 2883 of amusing Austrian things) has been interrupted by
2344 2857 3269 2899 the enraged husband with his challenge, he has, of
2340 2884 3268 2947 course, an additional reason for insisting to Christine
2339 2933 3267 2996 that this sort of thing is only temporary. It
2347 2975 3269 3029 is all no use. The will to keep in Christine is only#
2343 3013 3267 3052 intensified in the second act by Fritz’s very charming
2349 3056 3259 3109 way of saying what he knows, but Christine does not
2337 3080 3265 3152 know, to be probably a last farewell, vowing (what
2348 3135 3258 3189 was doubtless true at the moment) that he really did
2341 3160 3265 3214 love her. And so it happens that in the third act,
2348 3213 3258 3256 when the news is brought to the girl that her lover is
2341 3250 3267 3306 not only dead, but has been shot in a duel about
2338 3286 3255 3339 another woman, she is driven practically mad by her
2347 3325 2447 3378 loss.
2371 3356 3263 3418 Madness, it has been said, is only exaggerated
2345 3401 3261 3461 selfishness. It may be so; in any case the
2334 3431 3265 3514 madness—that is, the character—of Christine is just
2338 3486 3257 3532 what, in our opinion, has prevented this play from
2347 3526 3258 3580 becoming a genuine tragedy. It has affected it in
2343 3572 3256 3616 two ways. The first, and least important, is this
2349 3604 3266 3659 Christine has been, all along, a negative person.
2351 3646 3261 3703 She appeared te have only one positive quality—
2343 3670 3266 3728 that pretty strong dose of the will to keep. And so,
2349 3722 3260 3780 when this negative, inarticulate creature suddenly
2351 3763 3250 3802 breaks into eloquence and pours out, disjointedly
2338 3785 3261 3850 but with acute point, rage and scorn and grief, we
2340 3832 3248 3880 feel that this is not Christine herself speaking, but
2340 3880 3244 3920 the author. The girl herself—at any rate, as we saw
2334 3911 3247 3960 her yesterday—might feel these things dimly, but
2334 3953 3253 4005 she never could say them. It is the author who feels
2340 3988 3250 4034 them acutely for her, and uses her inappropriate
2335 4034 3236 4078 mouth forthe expression of them. A more important
2334 4064 3241 4127 matter is this, that we see in Christine no trace of
2337 4107 3240 4147 regret for the man who is dead. Not a single“ Poor
