3392 4320
370 204 742 279 Liebelei
201 200 1339 311 5. — box 11/5
1186 1281 1543 1370 Telephen Mbet.
642 1433 1286 1529 „UDSERTER
432 1512 1541 1577 1. öeterr. bebördl. konz. Unternehmen für Zeitungo-Anesshnlite
617 1562 1365 1628 Wien, I., Conoordiaplats 4.
825 1630 1163 1691 Vertretungen
437 1690 1538 1728 in Berlin, Basel, Budapest, Chicago, Clevelsesd, Chststirate,
445 1715 1539 1764 Genf, Kopenhagen, London, Madrid, Mailand, Minneapolte.
442 1764 1544 1812 New-Vork, Paris, Rom, San Francisco, Stockholsn, #4. Petese¬
836 1798 1141 1853 burg, Toronto.
765 1844 1123 1908 (Guelienungabe eune Ge
431 1896 1186 1982 Ausschnitt aus:## 1910
442 2023 585 2092 vom:
630 2029 1422 2213 Wene Mien —
729 2257 1648 2324 — Frankfurt a. M. M. Im Opernhaus fand
677 2306 1641 2361 am 18. September die Uraufführung der dreiaktigen
682 2353 1641 2401 Oper „Liebelei“ des Frankfurter Kapellmeisters
682 2399 1644 2461 Franz Neumann statt. Dem Werk liegt der fast
692 2442 1652 2491 wortgetreue Text von Arthur Schnitzlers bekann¬
682 2471 1645 2536 tem Schauspiel zugrunde. Es ist eigen¬
686 2525 1655 2594 artiger Versuch, den der Komponist unternahm, die
690 2569 1642 2618 Realistik des modernen Konversationsstückes mit dem
685 2609 1658 2660 Ausdruck rein musikalischen Empfindens in Einklang
685 2660 1649 2718 zu bringen. Neumann ist absoluter Melodiker und
681 2694 1642 2758 als solcher hat er ein Werk von starken, eindrucks¬
685 2749 1653 2793 vollen Zügen geschaffen. Den poetischen Gehalt des
692 2789 1648 2830 Schnitzlerschen Schauspiels vermochte er in glänzend
680 2828 1649 2874 kolorierter Orchestersprache einzufangen, ohne die
682 2878 1655 2923 Singstimmen zu untergeordneter Bedeutung herab¬
681 2918 1653 2987 zudrücken. Vielmehr bleibt diese, auch soweit sie rein
682 2959 1645 3002 rezitativisch gehalten ist, stets in charakteristischer Ge¬
694 3002 1648 3061 staltung herrschend und erhebt sich, sobald die text¬
692 3051 1659 3114 liche Unterlage ein schwungreicheres Gepräge erhält,
677 3091 1656 3158 zu fließender, erfindungsschöner Melodik. Das an¬
690 3137 1654 3196 fangs Befremdende dieses modernen Sprechgesanges
675 3181 1666 3233 weicht bald dem Interesse des Hörers an den musi¬
689 3223 1662 3284 kalischen Schönheiten der Oper. Es ist keine Kapell¬
683 3264 1658 3310 meistermusik im üblichen Sinne, und man findet
674 3310 1651 3365 keine der sonst üblichen Reminiszenzen und Anklänge.
689 3351 1655 3408 Neumann hat Eigenes zu sagen, er schöpft aus dem
678 3393 1658 3440 Born starker musikalischer Erfindungsgabe. Sehr
676 3439 1664 3501 fein ist der humorvolle Stimmungsgehalt des ersten
675 3484 1649 3536 Aktes erfaßt, wie in dem reizvollen Allegretto gra¬
673 3519 1649 3568 zioso oder dem frischen Walzertempo der Souper¬
686 3572 1643 3619 Szene. Da ist ferner eine kleine Volksweise aus den
677 3612 1649 3662 Lochheimer Liederbuch äußerst wirksam eingefloch
674 3648 1657 3692 ten, die Christine am Klavier singt: „All mein' Ge
675 3692 1659 3765 danken, die ich hab'“, eine Weise, die so ganz zu der
2634 477 2986 572 Peegten #oet.
2088 644 2742 740 „UDSERTER
1883 711 2997 791 1. Oeterv. behördl. konz. Unteruehmen für Zeitunge-Ausschalite
2075 768 2837 843 Wien, I., Conoordiaplatz 4.
2290 829 2623 893 Vertretungen
1900 873 3002 939 in Berlin, Basel, Budapest, Chicago, Cleveland, Chrtstlanta,
1905 910 3005 976 Gent, Kopenhagen, London, Madrid, Malland, Minneapolta,
1892 964 3004 1014 New-Vork, Paris, Rom, San Francisco, Stockholen, St. Petess¬
2291 1001 2615 1056 burg, Toronto.
2224 1033 2696 1099 (Oselienangabe euse Eu
1889 1095 2449 1193 Ausschaltt aus
1907 1232 2109 1313 vom:
2144 1242 2891 1330 Mledhetd RütaH
1893 1304 3109 1400 Schl. „Liebelei“ als Oper. Aus Frankfurt a. M. meldet#s
1886 1338 3108 1442 Privattelegramm: Im Opernhaus fand heute die Umuf¬
1802 1371 3102 1482 Fführung der Oper „Liebelci“ von Franz Neumann statt. Der
1798 1424 3098 1520 Komponist ist als zweiter Kapellmeister des Opernhauses in Frankfurt
1805 1462 3098 1552 ungemein beliebt und der Erfolg war demgemäß ein so starker, wie
1798 1495 3100 1597 er seit langem hier nicht erlebt wurde. Aber auch ohne die persön¬
1796 1534 3094 1637 lichen Zutaten wäre das Ergebnis des Abends glänzend gewesen. Die
1799 1577 3096 1673 Musik Neumanns zeigt einen außerordentlich gewandten, vor allen
1797 1618 3084 1707 Dingen sehr ernsthaften Musiker, der alle Mittel der Technik be¬
1793 1653 3086 1750 herrscht und die Stimmungen des Textes vortrefflich festzuhalten ver¬
1797 1694 3096 1780 steht. Das Hauptgewicht der Musik liegt im Orchester, das geradezu
1793 1732 3082 1827 musterhaft behandelt ist. Im ersten Akt herrscht der Konversations¬
1791 1774 3085 1860 stil vor, manches erscheint durch die Musik viel zu wichtig und schwer¬
1800 1811 3096 1902 fällig. Erst in den beiden letzten Akten können die Stimmungen sich“
1791 1849 3083 1938 freier entfalten, und hier ist auch die musikalische Wirkung, die stellen¬
1797 1892 3076 1990 weise an Puccini gemahnt, am stärksten. Der Komponist werde nach
1793 1928 3074 2027 jedem Akt unzählige Male hervorgejubelt und auch Anton S##i#ler,
1781 1972 3085 2058 der im Zuschauerraum anwesend war, mußte sich auf der Brihne zei¬
1778 2010 3087 2090 gen. Die nächste Aufführung der Oper soll in Leipzig stattfinden.
1848 2051 3090 2151 Dem Robert=Schumann=Museum in Zwickau sind neuerdings wie¬
2484 2112 3021 2195 alnandad#norben #
1673 2260 2628 2326 schlichtinnigen Art der rührenden Mädchengestalt
1658 2321 2638 2369 paßt. Wärme strahlen die Lyrismen des zweiten Ak¬
1666 2355 2635 2406 tes aus und einen packenden Ausdruck findet der
1672 2394 2629 2446 dritte Akt mit seiner tragischen Schickssalserfüllung.
1666 2431 2638 2497 Ein sinfonisches Vorspiel, das dem letzten Akt vor¬
1674 2484 2634 2532 ausgeht, und aus den Hauptmotiven der Oper einen
1664 2523 2644 2588 Trauermarsch auf den Tod des im Duell Gefallenen
1667 2572 2627 2632 gestaltet, läßt den gewandten Kontrapunktiker und
1659 2624 2606 2670 Beherrscher der Instrumentationskunst erkennen.
1712 2665 2629 2713 Die Oper, von Intendant Jensen aufs wirk¬
1670 2704 2627 2764 samste inszeniert und von Dr. Rottenberg am Diri¬
1665 2743 2640 2794 gentenpult geleitet, fand einen sensationellen Erfolg.
1658 2788 2631 2851 Der Komponist erntete unzählige Hervorrufe. Schnitz¬
1662 2835 2348 2889 ler selbst wohnte der Aufführung bei.
1720 2873 2664 2936 Das Werk ist bereits in Aachen, Kiel und Leip¬
1660 2913 2320 2973 zig zur Aufführung angenommen.
