3436 4224
414 171 772 245 iebelei
223 180 776 280 5 BS 1
849 147 1340 257 box 10/7
1422 946 1497 1007 „
965 936 1347 1030 memuunnul
1473 1021 1831 1112 Telefon 12801.
2175 1092 2397 1181 Ausschnilt
1193 1101 2107 1194 Uaternehmen für Zeitungs-Ausschnitte.
2085 1182 2384 1283 Nr. 63
850 1165 1135 1304 10 5
1220 1197 1959 1301 „OBSERVER
926 1264 2402 1391 I. österr. behördl. concess. Bureau für Zeitungsberichte und Personalnachrichten
1230 1348 2108 1464 Wien, IX/1 Türkenstrasse 17.
1185 1459 2145 1536 Filiale in Budapest: „Figyelö“. VIII. Josefsring 31 a.
924 1540 2357 1685 Ausschnitt ausCau2 gen
944 1728 1252 1827 vom %3
1300 1851 1999 1971 Feuilleton.
1334 1970 1944 2042 Danziger Stadttheater.
1175 2033 2162 2091 Die erste Wiederholung von Schnitler Liehelei“
1127 2077 2156 2137 bestätigte gestern das in der ersten Besprechung
1126 2133 2162 2192 niedergelegte Urtheil, es ist im ganzen ein uner¬
1132 2173 2163 2237 freuliches Stück mit recht großen Mängeln. Das
1137 2221 2150 2279 einzig Fesselnde daran war auch gestern wieder
1138 2264 2163 2321 das ausgezeichnete Spiel von Frl. Voigt. Ihre
1139 2320 2156 2362 Christine „erschien von vorne herein sympathisch,
1134 2343 2157 2407 sie wußte alles in diese Rolle hineinzulegen.
1135 2395 2147 2442 was an sinniger Liebe, ti.fem Ernst und auf¬
1130 2426 2161 2504 wallender Leidenschaft darinstecht. Bei der Schluß¬
1133 2482 2153 2528 scene hat man das Gefühl, sie ist mindestens um
1132 2528 2156 2577 die Hälfte zu lang gerathen, und nur durch das
1136 2566 2144 2632 durchdachte und lebenswahre Spiel von Fräul.
1129 2603 1661 2660 Doigt wird sie erträglich.
1175 2639 2143 2716 Von tragischer Spannung kann man bei dem
1125 2712 2144 2758 Stucke wohl kaum reden, wäre sie irgendwo
1128 2744 2157 2796 vorhanden gewesen, so wurde sie gründlich gelöst
1124 2788 2146 2833 durch den bekannten Schwank von Kadelburg:
1131 2842 2150 2891 „In Civil“. Alle Vorbedingungen sind hier ge¬
1132 2872 2158 2931 geben für den harmlosen Zuschauer, sich an den
1123 2919 2142 2976 gebotenen Unmöglichkeiten gründlich auszulachen.
1130 2967 2149 3021 Solche kleinen Scherze gehen unseren Schau¬
1126 3004 2151 3058 spielern ja auch flott von der Hand, und Herr
1124 3048 2152 3103 Kirschner gab wieder mit bekannter Komik den
1124 3100 2148 3155 Offiziersburschen, während Frl. Hoffmann und
2226 3131 2413 3197 inclusive
1132 3145 2141 3193 Herr Meltzer geschickt das Liebespaar wieder¬
995 3141 1106 3210 Für
2256 3181 2377 3215 Porto.
1125 3183 2143 3241 gaben. Die anderen Personen haben nicht viel
2234 3202 2386 3248 Zahlbar
2224 3238 2430 3297 im Voraus
1127 3228 2144 3285 zu thun, die Herren Wallis und Schieke spielten
1128 3276 2146 3327 auch hier die Offiziersgestalten der Natur des
1027 3312 1641 3383 „ I Schwankes angemessen.
2104 3292 2468 3369 chnitte ist das
2118 3348 2460 3417 Käch steht es den
1009 3354 2015 3436 Abonnement durch keine bestimmte- zendeuernegsen
1009 3414 2365 3477 Aboninenten frei die aufgegebenen Theinen zu ergänzen oder zu ändern.
