3436 4256
830 149 1276 265 box 13/6
284 177 683 248 Liebelei
267 224 774 294 unene nnen den nen annene en.
505 346 745 442 12. -
336 539 527 637 Bladet:
336 619 1042 718 Secialdemekraten
349 699 1033 762 mmmee
335 794 1012 926 skeriver den 6 OKf. 1934
266 931 511 1093 EN
683 908 1687 1121 TRAGEDIE
236 1172 1728 1292 SONT VRODEMLLE
340 1306 1618 1419 SCHNITZLER-EKSPERIMENTET LYKKEDES
413 1383 1489 1486 IKKE FOR DET NY TEATERIAFTEs
244 1485 1741 1554 Sveermeri, Wiener-Stykke med Mu- leg. Ti mod en paa, at Forssget maatte
301 1550 1733 1618 sik efter Arthur Schnitzlers -Lie-falde uheldigt ud, har Komponisten
304 1602 1737 1682 beleis. Musik af Oscar Strauss. Oscar Straus aabenbart selv teenkt, da
294 1662 1748 1735 Paa Dansk ved Mogens Dam. han ikke har vovet sig frem med det
284 1723 1734 1789 Iscenesat af Emanuel Gregers. |1 Östrig eller Tyskland, men har valgt
267 1787 1744 1870 Schnitziers „Elskovsleg. (=Liebelei-) ar holde Ur-Premiere i det fjerne Ko¬
244 1828 1224 1910 staar klassisk 1 Kobenhavns Teater-Ibenhavn.
234 1868 1742 1954 historie fra Dagmarteater-Fremferel- Det gik heller ikke. Trods en virke¬
234 1951 1748 2028 serne, ferst med Anna Larssen, senereilig naansom Fremferelse i Aftes af Det
237 1991 1749 2071 med Eise Skouboe. Klassisk som etny Teater, trods en Musik, der har en
245 2062 1744 2142 Tidsbillede fra 80’ernes Wien, med dets Del Poesi 1 sin Tone, en ung og stor
244 2114 1738 2208 rgrende Skildring af Tragedien, hvori Sangstemme tilat fremhmve den Mu¬
234 2175 1750 2267 den borgerlig uskyldige Musikerdatter sik, en nydelig Iscenessettelse ox et
242 2232 1743 2320 Christine begaar Selvmord af Fortviv-Spil, der gennemgasende er seerdeles
232 2288 1739 2378 lelse over sin Ungdoms strandede smukt, gav Sangspillet „Svermeri¬
247 2355 1733 2419 Karlighed til Wiener-Officeren, der saa godt' som intet af Schnitzlers Skue¬
246 2419 1743 2471 falder i Duellen mod sin 1 sine Egte-spil. Musiken giver blankt op overfor
239 2468 1740 2564 mandsrettigheder kreenkede Major. Tragedien i Elskovslegen, Stykket selv
265 2540 1474 2624 Et voveligt Eksperiment at sege at bliver til fersk Operette.
251 2586 993 2681 vaudevillesere denne dystre Elskovs¬
995 2584 1735 2685 De ferste Akter tegnede til net
942 2655 1739 2740 Sukces a la „Jomfruburet:. I Billeder
979 2712 1744 2795 fra en Veeddelebsrestaurant og en ty¬
976 2775 1737 2842 pisk wiensk Restaurationshave har
976 2823 1741 2916 Teatret opsat velafstemte Scenerier
980 2885 1757 2975 med broget Folkeliv og med 80’ernes
978 2946 1750 3028 morsomme Klededragter, der altid
966 3002 1738 3090 gleeder Publikum og klader Skuespil¬
974 3056 1737 3144 lerne, navnlig Damerne. Ogsaa den
981 3125 1736 3195 borgerlige Hygge 1 Stadtsmusikant
981 3167 1748 3274 Weirings Stue falder godt nok sammen
979 3237 1734 3315 med Vaudeville-Stemning. Drejescenen
978 3278 1750 3369 snurrer livligt de kendte Sangspilbil¬
976 3351 1743 3424 leder rundt med den alvorlige Chri¬
982 3420 1736 3494 stines himmelske Karlighed og med
975 3477 1742 3540 Veninden, den kaade Mizzis, mere jor¬
967 3520 1735 3611 diske, medens nette Sange veksler
978 3579 1746 3669 med muntre Optrin. Men saa bliver
973 3638 1742 3729 det trist og mat — glider ud i Igen¬
979 3717 1740 3782 ting, hverken Oscar Straus eller
969 3758 1743 3840 Schnitzler. Christine faar naturligvis,
975 3818 1741 3902 efter at have erfaret sin Elskers Ded i
980 3877 1750 3943 Duellen, ihke Lov til at begaa Selv¬
967 3929 1740 4005 mord; hun finder Trest i Favnen paa
970 3985 1746 4090 sin gamle Fader. Men end ikke den
988 4063 1743 4128 forholdsvis lykkelige Udgang kan red¬
