3436 4256
920 74 1017 156 1
421 203 725 283 Liebele
244 182 1377 331 5.1 bex 10/4
1540 89 2720 179 Sehras Ser uind anse Aetenst see 1  e
1567 147 2944 219 ; die Aus= dem König, wie der „Dresdener Anzeiger“ berichtet, 90. K als Ehren¬
1569 196 2952 256 praktischen gabe verwilligt worden. — Dem Schulknaben Ernst Paul Kornmacher
1778 221 2953 276 in Lockwitz ist von der königl. Kreishauptmannschaft in Dresden
1550 255 1764 317 nd gekannt
1783 272 2955 322 für die am 5. Mai d. J. mit Muth und Entschlossenheit bewirkte
1549 301 1766 358 esetz wegen
1784 298 2969 357 Errettung eines Kindes vom Tode des Ertrinkens eine Geldbelohnung
1547 334 1763 400 echend ab¬
1777 355 2438 412 in Höhe von 15 K bewilligt worden.
1549 382 1768 439 r erstatrete
1552 426 1781 485 erfreuliches
1982 439 2742 513 Kunst, Wissenschaft und Leben.
1593 471 1783 526 erkennen
1552 502 2969 566 nit 11 6004“* Leipzig, 21. Juli. Neues Theater. Zwei Novitäten
1566 547 2955 601 die Herreh gingen gestern hier in Scene, die am Tage vorher schon im
1565 589 2957 656 kau, Hahff Alten Theater gegeben worden waren: die gestrige Aufnahme
1568 640 2958 693 erbandstg war keineswegs eine glänzende, eigentlich schlug nur ein Act
1769 678 2962 753 durch, der erste Act des Arthur Schnitzler'schen Schauspiels
1788 714 2969 791 „Liebelei“ während die beiden anderen Acte sehr kalt ließen
1566 716 1774 792 ng. Die
1793 760 2959 829 und der vorausgehende Einacter von E. Pailleron Ge¬
1570 773 1774 837 lora“ keine
1792 806 2969 872 witterschauer“ von Dora Duncker für die deutsche Bühne
1576 817 1792 878 in nlcher
1567 845 2974 905 der welche bearbeitet, abgelehnt wurde. Erfolge an anderen Theatern können
1566 901 2967 962 der Erfolg an dieser Thatsache nichts ändern. Den Stücken ist nur ihr
1580 949 2965 1024 g sich mit Recht widerfahren, aber ohne alle Schuld war auch die Aufführung
1589 979 2980 1031 und die nicht. Das Lustspiel von Pailleron enthält eine scharfe Kritik
1589 1022 2982 1084 beschlossen, der Ledensromantik, die unseren modernen gesellschaftliche Ein¬
1585 1063 2985 1115 tiv aufzu=richtungen, der durch die Gendarmerie und die Gerichte ver##tnn
1605 1108 2978 1183 nicht an= Lebensprosa nicht Stand hält. Ein Entführer und sein Ent¬
1576 1148 1784 1211 ilt wurde
1794 1150 2975 1218 führte sträuben sich vergebens gegen den Zwang der R kehr,
1580 1192 2976 1241 d. Ferner welchen äußere Umstände, ein Gewitterschauer, ein zerbi hener
1582 1233 2973 1298 hnung er= Wagen, der den Verfolgern Zeit läßt, sie einzuholen, aus ben.
1791 1279 2984 1348 Der Beredtsamkeit der Verfolgerin, einer F.eundin, die aber den
1585 1288 1797 1345 htinnungs¬
1797 1321 2981 1378 Entführer liebt, gelingt es anfangs nicht, das Liebespaar von
1586 1329 1788 1399 f, den sie
1598 1373 1788 1445 einhalten
1793 1361 2981 1419 der Thorheit seines Unternehmens zu überzeugen, aber als sie
1788 1411 2981 1484 wiederkommt dem Anschein nach mit bewaffneter Macht, mit einer das
1805 1456 2980 1517 Haus umstellenden Gendarmerie, als ein schlimmer Strafprozeß droht, da
1598 1472 1780 1526 onnewi der
1796 1498 2986 1557 bekehrt sich die junge Schöne und kehrt zu ihr er Pflicht zurück: den
1604 1513 1783 1563 Attentats
1609 1554 1787 1603 aus dem
1802 1552 2977 1604 Entführer aber, der in dem Stücke eine ziemlich traurige Rolle
1617 1593 1785 1646 hat man
1797 1588 2983 1646 spielt, wird die Gunst der Verfolgerin trösten, die zunächst noch
1595 1631 1783 1679 im die er¬
1656 1637 2971 1722 zu ge. Alles wieder in die Fugen einrenkt, da die Entführung weiter
1599 1673 1663 1719 se
1795 1676 2981 1739 nicht bekannt geworden ist. Schließlich ergiebt sich, daß die Gen¬
1593 1704 1791 1761 eit gestern
1791 1731 2985 1781 darmen nicht dem verbrecherischen Paare, sondern den Schmugglern,
1597 1747 1790 1797 am 11./6.
1624 1775 2974 1827 1000 fl. die in dieser Herberge ihr Wesen treiben, auf den Leib rückt; es
1584 1816 2985 1870 lond, hat war also ein blinder Lärm, doch die unternehmungslustige Frau
1584 1858 2986 1906 hnurrbart. v. Castelli hat ihre Ziele erreicht. Ob das auch dem Dichter
1584 1893 2976 1953 ar u. A. gelungen ist? In einer Novelle würde man sich die ganze Affäre
1613 1932 2988 1982 bekleidet, mit der einleuchtenden Schlußmortl gefallen lassen: auf der Bühne
1592 1981 2991 2039 de gestern tritt das Aeußerliche, die angeblich n Fluchtversuche, zu sehr in den
1587 2014 1788 2075 1 bei Zeitz
1807 2034 2987 2084 Vordergrund und am Schluß macht die reuige Sünderin, die
1609 2060 1787 2109 seit vor¬
1812 2065 2990 2127 ihren Geliebten aufgiebt, weil die Fährlichkeiten, in die sie
1597 2095 1782 2151 Excelsior
1800 2104 3000 2175 sich gestürzt hat, ihr auf einmal zu groß erscheinen, einen
1608 2136 1801 2188 Chemnitz“
1810 2161 2992 2217 sehr deprimirenden Eindruck; auch die Unbedenklichkeit, mit der
1592 2167 1806 2227 over, mit
1807 2209 2988 2261 Frau v. Castelli einen Liebhaber aus den Armen einer Andern
1605 2213 1790 2272 n Bahnen
1806 2240 2981 2304 losreißt, um ihn für sich zu annectiren, wirkt störend. Irgend
1637 2255 1798 2301 In der
1603 2282 1799 2349 jens durch
1813 2282 2999 2347 welche Probleme kann der Dramatiker auf der Bühne nur durch
1624 2326 2986 2397 ein Zu=Menschen in Fleisch und Blut lösen, wenn er für diese kein
1597 2360 1803 2423 icherstraße
1814 2386 2993 2434 Interesse zu wecken vermag, so schweben auch seine Probleme
1600 2408 1798 2462 1 auf die
1802 2420 2995 2468 haltlos in der Luft. Gespielt wurde ganz flott; die Charaktere
1607 2445 1797 2503 der Hand
1801 2467 2998 2539 sind von dem Autor allerdings nur skizzirt. Louis v. Nohant
1598 2483 1804 2539 lachmittag
1815 2513 2987 2564 erscheint in den meisten Scenenen wie ein Verbrecher, der auf
1627 2528 1807 2581 der 200
1810 2563 2999 2612 seine Rettung bedacht ist und alle möglichen Versuche macht, um
1642 2580 1798 2656 In die
1814 2608 2997 2654 nicht in die Hand der Häscher zu fallen. Hr. Stephany brachte
1606 2640 2988 2705 erordneten das Alles recht lebendig zur Anschauung und war auch
1630 2683 2994 2752 Architekt gelegentlich feuriger Liebhaber, wozu indeß die Handlung wenig
1599 2706 1804 2769 itens des
1810 2732 2999 2788 Zeit läßt. Frl. Rudolfi als Jeanne v. Thiais stellte den Zwie¬
1602 2759 1803 2808 germeister
1808 2788 2990 2835 spalt der jungen Dame zwischen ihrer Liebesromantik und den
1608 2800 1799 2864 Stadtrath
1817 2813 2997 2871 Beklemmungen der Nothlage, in welche sie gerathen, anschaulich
1635 2837 1799 2886 nach hat
1809 2855 2997 2918 dar und Frl. Mancke als Frau v. Castelli war von überzeugen¬
1604 2874 1803 2927 ebeitsplan
1810 2901 2992 2953 der Beredtsamkeit und ließ auch die Frivolität ihrer Welt¬
1617 2916 1806 2966 städtischen
1817 2943 2986 3003 anschauung und ihrer Lebensverhältnisse zur Genüge durch¬
1618 2956 1803 3011 hnes auf
1632 2980 2996 3043 Straßen=schimmern. Der Gastwirth Cabasse, seine Frau Pulchérie und
1621 3031 2995 3081 stück in der Schmuggler Battista bildeten eine Gruppe below stairs,
1618 3076 1731 3122 chten.
1806 3076 2998 3120 welche von Hrn. Krause, Frl. Dalldorf und Hrn. Thiele ent¬
1606 3104 1802 3162 gesellschaft
1810 3128 2998 3178 sprechend dargestellt wurde. Namentlich war Frl. Dalldorf
1612 3146 1810 3198 is große
1823 3171 2996 3226 eine resolute Person, welche dem schläfrigen Gatten ge¬
1618 3185 1806 3236 dem sollen
2149 3207 2992 3266 Das Stück „Liebelei“ von dem jungen
1625 3212 2130 3275 Schilder, hörig einheizte.
1824 3252 2989 3307 Wiener Autor Arthur Schnitzler hat mit dem Lustspiel von
1620 3264 1807 3317 ezeichnen,
1815 3284 3001 3356 Pailleron die durchaus annehmbare Tendenz gemein: es giebt
1634 3306 1802 3356 schwarzen
1648 3343 1802 3396 geführten
1813 3338 2996 3402 junge weibliche Naturen, die zur Liebelei nicht taugen und die,
1639 3382 1802 3430 ien haben
1824 3390 3001 3437 wenn sie in Kreise gerathen, wo solcher Ton herrscht, zu Grunde
1622 3419 1803 3472 r Officin
1812 3426 3005 3488 gehen. Der erste Act, der diese Kreise schildert, spricht für das
1647 3460 1805 3509 .Gießer
1625 3465 2998 3543 iter und Talent des Dichters; es herrscht darin ein gewisses theatralisches
1810 3515 3001 3556 Vollblut, der Pulsschlag des großstädtisch frivolen Wiener Lebens.
1632 3535 1808 3586 offmann,
1642 3563 2999 3620 is August] Doch auf diesen ersten Act fand man zwei andere gepfropft,
1629 3603 3009 3679 ämmtlich welche den Eindruck des unerträglich Larmoyanten machten: es
