3344 4224
177 72 269 160 5
330 75 548 156 Liebe
274 134 742 196 „
872 75 1288 164 box 13/5
1886 2 2649 55 UTTER
1948 53 2636 118 I. österr. bebördl. konzessioniertes
1912 106 2655 171 Unternehmen für Zeitungs-Ausschnitte
1992 152 2586 233 WIEN, I., WOLLZEILE 11
2056 224 2532 280 TELEPHON R-23-0-43
1864 346 2234 412 Ausschnitt aus:
2223 387 2627 508 Die Stunde, Hieg
2194 528 2630 649 75 4UG. 1032
1865 573 2015 639 vom:
1872 719 2660 830 „ Liebelens mit Musik
1887 804 2724 865 Bekanntlich hat Oscar Straus den
1845 853 2730 933 größten Teil des heurigen Sommers damit
1856 901 2738 960 verbracht, an der Komposition der Musik
1850 935 2731 1007 zu seiner nächsten Operette, als deren Text
1847 993 2729 1062 eine Bearbeitung von Arthur-Schnitzlers
1855 1044 2544 1120 „Liebelei“ dient, zu arbeiten.
1899 1077 2702 1141 Wie wir erfahren, ist Oscar Strauß jetzt
1885 1133 2710 1191 mit seinem neuen Werk ziemlich fertig,
1843 1162 2733 1232 das bereits jetzt intensivstes Interesse auch
1852 1220 2733 1290 der Bühne des Auslandes erregt. London
1847 1261 2731 1317 Jund Paris bewerben sich um das Auffüh¬
1849 1305 2737 1376 rungsrecht der Operette, die in Wien zur
1866 1346 2733 1405 Uraufführung gelangen wird. Da die in Be¬
1850 1391 2746 1444 stracht kommenden Bühnen, Theater an
1859 1428 2738 1502 der Wien und die bis dahin ebenfalls
1850 1476 2733 1543 Operette spielende „Scala“ ihre Weih¬
1859 1526 2732 1572 nachtsnovitäten festgelegt haben und der
1862 1566 2746 1626 begreifliche Wunsch besteht, das Werk
1866 1603 2743 1671 ebenfallg möglichst am Höhepunkt der
1852 1650 2744 1716 Saison herauszubringen, wird nach Rück¬
1853 1690 2743 1757 kunft Direktor Jahns darüber verhandelt
1858 1746 2052 1809 werden,
1895 1780 2699 1857 ob nicht die Möglichkeit einer Auffüh¬
1896 1829 2710 1891 rung im Deutschen Volkstheater in den
1904 1877 2709 1956 Monaten Dezember oder Jänner be¬
2223 1923 2373 1986 steht.
1886 1950 2765 2045 Das Buch ist bekanntlich von Paul
1849 2015 2736 2081 Knepler und Heinz Saltenburg be¬
1854 2068 2743 2117 arbeitet, die Textierung der Chansons
1866 2095 2744 2162 stammt von Dr. Beda. Die Bearbeiter leg¬
1867 2150 2746 2203 ten Gewicht darauf, sich möglichst wenig
1864 2192 2747 2247 vom Wesentlichen deg Originals zu entfer¬
1868 2226 2747 2296 nen: nur der allerletzte tragische Schluß,
1868 2287 2737 2332 der Schatten des Todes ist entfernt. Es
1856 2328 2741 2377 kommt aber nicht zu dem üblichen happy
1868 2343 2766 2416 end, dem Sichfinden der Paare, sondern der
1859 2407 2750 2480 von Schnitzler gewollte tragische Unter¬
1862 2441 2748 2511 schied zwischen Liebe und Liebelei wird
1849 2490 2757 2576 auch in der musikalischen Fassung klar zum
1866 2534 2768 2604 Ausdruck kommen. Man hat auch das
1867 2593 2755 2630 Milieu, in dem das Original spielt, bei¬
1861 2619 2753 2680 behalten, was zu betonen vielleicht darum
1878 2659 2767 2733 wichtig ist, da bei der Verfilmung des
1859 2708 2760 2783 Stoffes eine solche Transponierung in
1839 2813 2757 2909 Offlzierskreise, wodurch auch viel an Sinn
1854 2872 2558 2935 geändert wurde, stattgefunden hat.
1897 2909 2752 2983 Wie bereits erwähnt, läuft die Handlung
1842 2931 2741 3020 in großen Zügen wie im Stück ab, nur
1845 3000 2735 3061 wird eine Reihe hinzugefügter Bilder die
1840 3031 2742 3114 Möglichkeit geben, manches von dem, was
1837 3078 2737 3151 bisher bloß erzählt wurde, auch auf der
1841 3116 2740 3182 Bühne sichtbar zu machen. So spielt ein
1835 3151 2736 3236 Bild in der Freudenau, eines beim Heurigen
1841 3205 2740 3278 und eines in einem Nachtlokal, drei Schau¬
1824 3260 2734 3323 plätze, die auch dazu dienen, die Atmo¬
1833 3295 2726 3367 sphäre des Vorkriegs-Wien recht eindring¬
1833 3335 2487 3399 lich lebendig werden zu lassen.
1886 3371 2728 3455 Von der Musik erfährt man, daß Oscar
1821 3409 2720 3479 Straus sich im Stil beiläufig an sein vorher¬
1825 3458 2715 3538 gehendes erfolgreiches Werk „Eine
1824 3504 2716 3582 Frau, die weiß, was sie will“ ge¬
1816 3542 2716 3619 halten und also wieder eine chor- und tanz¬
1811 3588 2710 3666 lose Operette geschrieben hat, deren Reiz
1809 3626 2712 3704 in den feinen, diskret instrumentierten
1813 3680 2712 3742 Chansons liegt. In der musikalischen Sub¬
1822 3721 2710 3795 stanz aber soll er ganz in die Zeiten seines
1812 3765 2715 3830 „Walzertraum“ zurückgefunden haben, ein
1807 3803 2712 3885 großer „Liebelei“-Walzer verspricht in
1810 3849 2704 3921 seiner schwungvollen Melodieseligkeit ein
1806 3887 2702 3969 Kabinettstück Oscar Strausscher Meister¬
1805 3927 2184 3990 schaft zu werden.
2159 4009 2685 4068 —
