3392 4256
223 195 612 282 Liebelei
206 186 1224 330 box 13/4
740 736 1498 879 „OBSERVER‘
815 852 1518 924 I. österr. behördl. konzessioniertes
775 891 1532 977 Unternehmen für Zeitungs-Ausschnitte
886 963 1439 1050 Wien I, Wollzeile in
938 1027 1375 1092 #elephon R-23 0-43
760 1147 1143 1239 Ausschnitt aus:
1136 1216 1534 1352 Dor Morgen, Wichn
760 1382 928 1463 vom:
1064 1373 1435 1507 27. 6 5/8.
1554 1511 1664 1592 ANRRARR
1730 1563 2597 1612 Der wortlarge Nächer der beleidigten Gat¬
1711 1616 2607 1664 tenehre steht auf dem Theaterzettel als „Ein
838 1574 1674 1685 Liebelei, Justiz, Domins
1714 1652 2618 1700 Herr“ verzeichnet. Bei seinem Erscheinen muß¬
838 1656 1673 1720 Drei fogenannte Reseratvorstellungen in
1714 1684 2612 1743 man spüren: das Schicksal tritt auf! Den un¬
802 1706 1709 1766 einer Woche! Mir gab ein Gott nicht Raum
1712 1738 2623 1786 heimlichen Gast stellt Herbert Hübner der. Sein!
810 1752 1712 1817 genug, zu sagen, was ich leide! Andere Kritiker
1712 1767 2609 1830 unverschuldetes Schicksal heißt Mitterwurzer,
801 1798 1705 1863 können sich über jedes einzelne der drei Stücke
1715 1822 2604 1875 kurioserweise auch bei jenen Leuten, welche den
806 1837 1709 1915 mehrspaltig äußern, während ich über alle drei
1711 1840 2620 1912 großen Frieduch des Theaters nie gesehen
811 1891 1706 1943 in einem Aufwaschen berichten muß. Und da¬
1710 1883 2616 1964 haben! Heinrich Schnitzler hat als Theovor
808 1923 1719 2001 bei ist mir, als hörte ich aus schmalen Zei¬
803 1936 2615 2033 tungsspalten eine boshafte Stimme kichern: frischfröhliche Anatolzüge und Annie Rosar
814 2022 2620 2078 „Bitte, nehmen Sie gefälliast Gemeinplatz!“ ##s Strumpfwirkersgattin einen schnabelge¬
1715 2030 2613 2102 wachsenen volkstümlichen Ton: Der Erfolg
813 2050 1718 2112 Soweit ich mich unter solchen. Umständen
1716 2075 2030 2137 roar stürmisch.
802 2096 1711 2191 fassen kann, werde ich es in aller Kürze tun.
1147 2145 1389 2226 „Liebelei“
835 2174 1718 2269 Arthur Schnitz#ers populärstes Schauspiel,
813 2235 1716 2300 das eine entschwundene Zeit unvermelst über¬
813 2291 1720 2365 dauert hat, fand im Theater in der Josefstadt
820 2327 1723 2384 eine von Paul Kalbeck vorbildlich inszenierte
824 2364 1715 2428 Aufführung. Paula Wesselh, i Wien lange vor
926 2412 1723 2499 nBerliner Triumt) all begr.adere Schau¬
1317 2459 1731 2523 die interessanteste,
941 2466 1247 2525 rin geprirsen,
934 2504 1738 2576 teste und natülichste Christine, die alle
814 2540 1730 2617 ihre Vorgängerinnen in den Schatten stellt.
827 2583 1734 2646 Ihre fest unsentimentale und doch so tiefsin¬
820 2632 1733 2702 nige Liebe bricht zuletzt nach der niederschmei¬
834 2677 1723 2739 ternden Erkenntnis der Wahrhett in einen
879 2710 1727 2778 usschrei der Verzweiflung aus, der anklagend
841 2732 885 2780 A
905 2745 1737 2822 en den toten Geliebten aus dem verwun¬
906 2797 1733 2865 en Herzen des betrogenen Weibes gellt, auf¬
853 2851 1366 2919 wühlend und erschütternd!
859 2861 1732 2946 Als Fritz Lobheimer gibt sich Hans Thimig
814 2935 1728 2984 renlich Mühe, der Liebhaberrolle Herr zu wer¬
820 2987 1733 3046 ben. Hier aber sind seiner sonst so verblüfsen¬
816 3019 1729 3091 den Wandlungsfähigkeit Grenzen gesetzt. Die
835 3051 1728 3122 Schlagermizzi der charmanten Friedl Czepa, die
832 3104 1739 3170 sich im besten Aufstieg befindet, ist ein echtes
828 3146 1737 3201 süßes Mädel mit schnippischem Humor und
831 3183 1740 3250 warniem Gemüt. Den alten Weyring spielt
825 3239 1733 3294 Hugo Thimig seelengut und schmerzensreich. In
829 3274 1740 3348 der Vaterliebe kennt er sich aus! Und wiene¬
824 3321 1485 3404 bisch war auch Sonnenthal nicht
