3484 4256
523 152 859 226 Liebele
348 148 914 269 5. 1
1041 152 1481 248 box 12/7
1165 798 2028 940 enzer Vollen#anhen 12.891
1868 915 2024 991 é.
1074 927 1922 1022 „OBSERVEN
1086 1019 2015 1086 I. österr. beh. konz. Unternehmen für Zeitungs-Husschnitte
1097 1070 2033 1144 Wien, K.-oneurdidplatz Nr. 4.
1067 1192 1519 1294 20.OELER:25:3
1348 1344 1747 1437 Theater.
1433 1419 1675 1485 „Liebelei“.
1254 1464 1876 1552 Schauspiel von A. Schnitzler.
1412 1520 1675 1583 „Der Dieb“.
1256 1558 1844 1625 Komödie von O. Mirbeau.
1687 1599 2125 1666 Linz, 27. Dezember.
1040 1624 2172 1705 Als literarischer Aufputz der verflossenen Operettenwoche
951 1691 2156 1751 wurde Schnitzlers schmerzlich=süßes, von wienerischer Anmut er¬
959 1732 2153 1796 fülltes Schauspiel „Liebelei“ in den Spielplan ausgenommen. Seine
950 1774 2157 1840 einfache, erschütternde Tragik griff wieder gewaltig ans Herz und
950 1805 2157 1870 erweckte tiefes Mitleid mit dem grausamen Schicksal der blassen,
940 1867 2153 1932 reizenden Geigerstochter Christine Weiring, der sich Liebeslust allzu
939 1907 2163 1969 rasch in Liebesleid verwandelt. Frl. Klauber verlieh dem armen
950 1935 2155 2010 Geschöpf ergreifende Töne des Schmerzes. Von Anfang an lag schon
949 1971 2159 2061 der fahle Schatten des drohenden Verhängnisses über ihrer Erschei¬
949 2028 2155 2100 nung. Ihre Fröhlichkeit erschien bedrückt von bösen Ahnungen und
942 2068 2162 2136 als dann das Schreckliche hereinbrach, als ihr „Ideal“ im Zwei¬
931 2128 2158 2202 kampfe für eine andere fiel, da brach aus dem scheuen. schüchternen
1148 2146 1592 2199 von ubuena
1658 2165 1746 2197 —
882 2237 2205 2276 es.] Wesen der Strom der Klagen und Anklagen in wilder Verzweif¬
897 2263 2192 2307 ige lung hervor und bewegte der Zuhörer Innerstes. In der jungen,
981 2308 2199 2366 beimischen Künstlerin steckt ein starkes Bühnentalent, dem eine bal¬
916 2315 975 2375 im
982 2340 2193 2393 dige und wertvolle Schulung zu wünschen ist. Das frohe Gegenspiel
990 2385 2196 2429 des lieben, verfolgten Mädels, die unbekümmert den Tag und die
986 2418 2190 2490 Stunde genießende Mizzi Schlager, gab Frl. Holstein mit
924 2456 976 2518 je
981 2460 2189 2517 wienerischer Lebenslust. Für den Fritz Lobheimer war Herr
979 2499 2192 2569 [Fischer=Colbrie zu schwerblütig und ungelenk. Den richtigen
977 2554 2187 2617 Ton traf Herr Keilholz als Theodor Kaiser. Herrn Frey¬
980 2602 2195 2658 tags alter Weiring geriet um einige Jahre zu alt und zu gebrech¬
976 2653 2186 2697 lich. Frau Maltanas köstliche Frau Binder und Herrn Direktor
974 2681 2189 2741 [Höllers gut gezeichneter Herr sind noch lobend zu erwähnen. Die
992 2723 2192 2780 Spielleitung vermochte den zarten Stimmungsgehalt der Dichtung
988 2770 2193 2822 nicht festzuhalten. Den Abend beschloß, seltsam genug, Mirbeaus
983 2803 2180 2865 harmloser und nicht sonderlich geistreicher Einakter „Der Dieb“, eine
977 2850 2188 2892 witzelnde Glorifizierung des Einbrecherwesens, der Herrn Keil¬
981 2884 2182 2949 holz Gelegenheit bot, stilvolle Eleganz zu entfalten. Herr Frey¬
978 2927 2186 2980 tag verkörperte den Bestohlenen mit viel Humor. Die Zwischen¬
970 2982 2177 3026 pausen waren wieder einmal endlos und machten dem Publikum den
978 3019 2182 3081 Aufenthalt in dem ungenügend geheizten Theater nicht gerade an¬
959 3055 1147 3128 genehm.
1304 3081 1843 3174 Aus der Theaterkanzlei
972 3162 2175 3226 wird berichtet: Sonntag, den 29., und Dienstag, den 31., nachmits
957 3212 2183 3267 tags wird das Märchen „Schneewittchen und die sieben
961 3239 2179 3307 Zwerge“ wiederholt. Sonntag abends geht die Operette „Die
967 3297 2184 3351 Bauernprinzessin“ in Szene, während der Montag im
965 3341 2164 3387 grünen Abonnement die Lustsvielneuheit „Meine Frau, die
961 3379 2174 3436 Hofschauspielerin“ bringt. Die fällige Rate für die zweite
954 3420 2173 3461 Hälfte im grünen Abonnement ist bis längstens Montag mittags
964 3459 2174 3511 zu erlegen. Für den Silvesterabend wird die Posse mit Ge¬
961 3502 2173 3555 sang „Urschula“ von Jenbach und Wilhelm, Musik von Dostal,
952 3538 1552 3602 zur Erstaufführung vorbereitet.
1312 3586 1797 3672 Stadttheater in Wels.
1059 3652 2188 3743 Freitag, den 3. Jänner gelangt die lustige Gesangsposse „Ur¬
952 3699 1516 3747 schula“ zur Erstaufführung.
1864 3784 2180 3856 W#in r
