3484 4224
9 1763 120 1827 orische
29 1936 88 2000 ein
26 1991 127 2057 die,
11 2045 135 2125 endig
-9 2109 131 2177 ieStir
1 2162 143 2245 er, den
-10 2283 134 2356 urch 2
-9 2346 133 2417 ielköpfi
-9 2406 134 2475 ren ge
-3 2457 136 2540 R n
-4 2518 143 2594 Geyer
1 2576 134 2647 uf hing
22 2641 124 2711 Lenz
58 2750 142 2826 eig
36 2808 143 2884 r vo
65 3046 141 3120 häl
29 3103 145 3175 haupt
37 3174 106 3239 en.
554 172 929 255 iebelei
360 185 948 304 5 SE
274 944 694 1071 Theatersaison 1895/96.
271 1057 1052 1146 erschieden. Hauptmann bemüht sich
288 1134 1060 1207 r, Pfaffen on 1525 so sprechen zu
272 1198 1066 1277 amals in Wirklichkeit sprachen. Aus
282 1252 1062 1336 amaligen Zeit, aus den Volksmund¬
287 1309 1068 1385 Rotenburg, Schweinfurt gesprochen
273 1372 1051 1441 nen Siil, dessen philologische Berech¬
297 1428 1068 1506 der den Schauspielern Schwierigkeit
285 1484 1064 1571 t ins Ohr fiel. Gewiß ist Hau #tmann
300 1546 1064 1635 Syntax und Formlehre nicht sicher
299 1599 1056 1682 könnte ihm das Konzept korrigiren.
289 1660 1053 1745 Erz gehauen da. Seine Worte sind
279 1718 1059 1807 erbheit des Tones dringen alle Re¬
270 1777 1071 1878 st hervor. Der Stil ist phrasenlos
282 1844 1069 1915 man das Bemühn des Dichters, der
274 1898 1055 1988 ein besondres Kleid zu geben, grund¬
283 1960 1063 2047 k, mit demselben Recht könnte Wilden¬
277 2024 1067 2096 erten, seinen Gregor den Siebenten,
276 2077 1077 2157 lhochdeutsch, also für unser heutiges
302 2147 1071 2216 reden lassen. Derlei Konsequenzen¬
271 2196 1079 2276 utsche Sprache des elften Jahrhunderts
287 2261 1074 2327 des sechzehnten ist, in unsrer eignen
336 2313 1075 2389 Der Niblunge Not müssen die
283 2373 1056 2450 Quartaner ihren Cornelius Nepos;
274 2436 1071 2514 eute, wie ihr Gebetbuch, jedes alte
272 2557 1064 2631 ndern Verhältniß. Was Hauptmann
271 2616 1065 2680 ldenbruch ein Ding der Unmöglichkeit
273 2673 1081 2753 suich Wildenbruch seiner Sprache einen
273 2726 1065 2807 können. Eben die ältere dramatische
280 2792 1072 2862 de Vorbilder, das glänzendste Goethes
303 2860 1079 2917 seine Diktion durch Ueberschwang
280 2907 1061 2974 eine Personen reden einander im „O
284 2967 1070 3034 er sie sprechen läßt, so sprach zu keiner
271 3020 1070 3097 Florian Geyer“ liest, dem nageln sich
281 3080 1076 3143 igne, wuchtige Worte ins Gedächtniß
278 3145 1082 3226 einrich“ dagegen hinterläßt im Gehör¬
272 3204 646 3274 en und Sausen.
278 3242 1080 3332 sprache steht es mit der Charakteristik
285 3317 1074 3387 ild geben sollen. Jedes historische
279 3376 1091 3465 tab der historischen Forschung müssen
1045 168 1503 280 box 10/3
1818 987 2511 1063 Die Bertiner Theatersaison 1895/96.
2743 981 2875 1069 501
1451 1057 2869 1160 gefallen lassen. Für Gestalten wie Don Carlos, Maria Stuart,
1457 1147 2861 1221 Jeanne Darc interessirten sich unsre Historiker vielleicht nicht so
1457 1214 2871 1277 lebhaft, wenn es sie unnt reizte, die Gebilde eines großen popu¬
1454 1261 2874 1347 lären Dramatikers auf geschichtliche Unzuverlässigkeiten hin zu
1452 1325 2867 1384 prüfen. Auch Hauptmanns „Florian Geyer“ ist dieser Prüfung
1452 1373 2879 1459 nicht entgangen. Gerade in den „Preußischen Jahrbüchern“ hat
1461 1448 2874 1506 darüber das Lehrreichste und Anregendste gestanden. Persönlich
1454 1514 2876 1583 bin ich Herrn Professor Max Lenz für seinen Aufsatz im Aprilheft
1454 1569 2872 1619 besonders dankbar, denn er berichtigt vielfach Eindrücke, die mir
1457 1633 2874 1702 eine flüchtige laienhafte Durchsicht einschlägiger Chroniken und
1462 1683 2873 1757 Geschichtswerke hinterließen; andrerseits wies er zur Evidenz nach,
1465 1741 2878 1808 worauf ich unabhängig von ihm schon selbst gekommen war: daß
1452 1800 2867 1855 nämlich der historische Florian Geyer aus den spärlichen Nach¬
1456 1857 2878 1911 richten über ihn viel zu schwer erkennbar ist, um ihn als die edle
1460 1920 2878 1994 ritterliche Gestalt gelten zu lassen, die der schwäbische Pfarrer
1461 1978 2870 2034 Zimmermann in seiner populären Geschichte des Bauernkriegs ver¬
1453 2041 2876 2103 herrlicht hat, und die, von Zimmermann angeregt, Hauptmann in
1457 2093 2878 2160 seinem Drama lebendig macht. Während der Première des Stückes
1461 2175 2873 2229 rief plötzlich eine Stimme hinter mir: „Aber das ist doch nicht
1464 2216 2874 2289 der Florian Geyer, den wir kennen!“ Erschrocken drehte ich mich
1452 2276 2872 2339 um und erkannte einen liebenswürdigen Freund, der sonst mehr
1465 2323 2859 2414 durch Witz als durch Wissenschaft ausgezeichnet ist. Dieser Scherz¬
1465 2390 2871 2440 hafte war im vielköpfigen Publikum jenes Abends, zu dem Ma¬
1453 2433 2877 2518 gister und Doktoren gehörten, sicherlich der Einzige, der, vielleicht
1460 2513 2867 2571 aus einem alten Romanschmöker, deutlichere Vorstellungen über die
1460 2562 2871 2629 Person Florian Geyers mitbrachte. Auch Lenzens Deduktion läuft
1454 2620 2864 2692 im Grunde darauf hinaus: wir sehn, daß wir nichts wissen können.
1455 2678 2863 2734 So Recht aber Lenz mit der Behauptung hat, daß der alte De¬
1458 2747 2868 2816 mokrat Zimmermann in vormärzlicher Stimmung den Ritter, der
1461 2790 2883 2875 Bauer wurde, auf eigne Faust zur Heldengestalt stempelte, so wenig
1461 2851 2872 2919 Grund scheint mir vorzuliegen, den armen Florian aus Zimmer¬
1453 2921 2871 2993 manns Himmel in Lenzens Hölle zu stoßen. Ob er ein schlechter
1452 2980 2866 3044 Kerl war, ist vorläufig ebenso zweifelhaft, wie daß er ein guter
1464 3044 2867 3114 Kerl war. Und da der dichterischen Phantasie, die sich an Zimmer¬
1457 3095 2859 3150 manns Auffassung hält, kein geschichtlich überliefertes Bild wider¬
1453 3151 2876 3219 spricht, so war Hauptmann im Recht, die Zimmermannsche Auf¬
1466 3215 2874 3272 fassung anzunehmen. Lenzens Einspruch trifft nur den Historiker,
1457 3285 2872 3344 nicht den Dramatiker. Zu diesem Einspruch wurde Lenz dadurch
1463 3329 2873 3402 herausgefordert, daß, wie er sich ausdrückt, Kunstkritiker, die Haupt¬
1453 3396 2879 3458 manns Dichterruhm unter ihre Fittiche genommen hätten, dessen
