3436 4256
425 145 800 217 Liebelei
249 128 1401 246 5.  box 10/4
2139 38 2207 117 00
1567 85 1945 140 330 4, 5, 6. 645, 745
2402 99 3053 166 440, 720, 95 1130, 135, 35, 450, 550,
1524 112 1952 184 130, 130, 215“, 230, 330
2051 132 2293 188 Kötzschenbroda
2395 135 2651 206 75 750 85
1758 151 1962 223 5, 645, 745
2404 160 3062 242 6, 745 1010, 1215, 145, 330, 430, 545,
1512 179 1952 263 1130, 130, 2157, 230, 330,
2105 206 2249 260 Meißen
2408 217 2600 279 630*, 645
1810 239 1951 296 5, 645
2395 235 2822 316 450, 715, 1055, 130, 345
2108 250 2262 324 Kiesa
1560 257 1962 337 640, 815, 1130, 230, 5
2406 297 2735 348 540, 810 1140, 2
1612 311 2016 381 640, 815, 1130, 230 —
2407 324 2756 405 430, 7, 1030, 1250
2083 325 2285 399 Mühlberg
1516 374 1907 436 Nur Sonn= und Festtags.
1517 407 3067 476 aldschlößchen—Weißer Hirsch bezw. Weißer Adler, Bühlau. Vom Waldschlößchen: Vorm. 7
1526 460 3074 517 9 b. Weiß. Adler, 11; Nachm. 1235, 2, 230 b. Bühlau, 3 b. Bühlau, 330, 4 b. Bühlau, 430, 5,
1520 478 3074 562 7 b. Bühlau, 730, 830. Von Bühlau: Vorm. 745, 845; Nachm. 315, 345, 445, 745. Von Weiß.
1523 535 3085 587 n. 750 850, 950; Nachm. 320, 350, 450, 750. Von Weiß. Hirsch: Vorm. 8, 9, 10, 12: Nachm.
1528 570 3083 634 4, 430, 5, 530, 6, 630, 7, 730, 8, 830 b. Albertplatz. — An schönen Tagen Nachm. Extrawagen.
1501 598 3075 679 galerie (Zwinger). Dienstags, Donnerstags, Freitags 9—3, Sonn= und Feiertags 11—2 frei,
1530 654 2541 710 Sonnabends 9—3 Uhr 50 Pf., Montags 9—1 Uhr 14 Mt.
1517 674 3078 745 =Kabinet (Zwinger). Dienstags, Donnerstags, Freitags 10—3, Sonn= und Feiertags 11—2 frei,
1532 716 3017 784 Sonnabends 10—3 Uhr 50 Pf. Montags geschlossen. Abonnementskarten jährlich 3 Mk.
1519 739 3082 819 nsammlung im Albertinum. Wochentags (außer Sonnabends) von 9—3, Sonn= u. Feier¬
1537 818 1721 862 Uhr frei.
1509 803 3078 895 kuseum (Rüstkammer) und Gewehrgalerie (Johanneum I.). Wochentags (außer Sonnabends)
1514 868 2866 930 10 Pf., Sonn= und Feiertags 11—2 Uhr 25 Pf.: Sonnabends 9—2 Uhr 1; Mt.
1527 886 3085 973 = und Gefäß=Sammlung (Johanneum II.). Wochentags 9—2 50 Pf., Sonn= und Feier¬
1521 962 1695 1011 25 Pf.
1521 953 3078 1041 Hewölbe (K. Residenzschloß pt.). Wochentags 9—2, Sonn= und Feiertags 11—2 Uhr 1 Mk.
1511 1034 2457 1097 lbinet (K. Residenzschloß). Bis auf weiteres geschlossen.
1515 1030 3074 1123 throp.=ethnogr. Mus. (Zwing.). Sonn= u. Feiert., Mont., Donnerst.11—1, Mittw., Sonnab. 1—3frei.
1509 1081 3079 1151 g.=geolog. u. prähistor. Museum (Zwinger). Montaas, Dienstags, Donnerstags, Freitags 9—1,
1594 1139 2764 1186 —4, Sonn= und Feiertags von 11—1 Uhr frei. Sonnabends geschlossen.
1492 1152 3086 1245 atisch=physikalischer Salon (Zwinger). Montags, Mittwochs und Freitags 9—12, Sonn= und
1624 1204 2589 1262 Uhr frei, Dienstags und Donnerstags 9—12 Uhr 50 Pf.
1533 1228 3088 1303 e Bibliothek (Japan. Palais). Wochent. 9—2 für Studien frei. Führung 12—1 Uhr à Person
1599 1267 3094 1336 i= und Feiertags geschlossen. Bestellkasten in den Buchhandlungen von Arnold und Burdach.
1615 1329 2872 1381 ederlage, Schloßstr. 36, geöffnet von früh 8 bis Abends 7 Uhr Wochentags.
1618 1318 3086 1418 museum (Antonsplatz 1). Wochentags (außer Montägs) 9—2, Sonn= u. Feiertags 11—1 frei.
1622 1380 3098 1451 arten. Wochentags v. 6 Uhr Vorm. bis 6.Uhr Nachm., Sonn= und Feiertags 6—12; Gewächs¬
1618 1423 3105 1486 ltlich) täglich (außer Sonnabends) v. 9—12 Uhr u. Mont. b. Donnerst. auch Nachm. v. 4—6 Uhr.
1581 1479 3106 1529 statift. Bureaus des K. Ministerium des Innern (Ritterstr. 14, I.). Wochentags 10—1 Uhr.
1513 1492 3092 1563 seum (Körnerstr.7). Wochent.10—2, Mittw. u. Sonnab. 10— 1 u. 2—4, Sonn= u. Feiert.11—2. Eintr. 50 Pf.
1504 1527 3104 1597 is K. S. Alterthumsvereins (Palais Gr. Garten). Täglich von 10 (Sonntags 11) bis 11 Uhr
1507 1579 2923 1644 3—6 Uhr. Eintritt 50 Pf. Mittwochs und Sonntags von 3—6 Uhr freier Eintritt.
1503 1593 3097 1679 r Kunstverein (Brühlsche Terrasse). Geöfin. tägl. a. d. Wochent. ausser Donnerst. v. 10—4,
1524 1632 3098 1711 v. 10—1, Sonn- u. Festt. v. 11—3. Eintr. für Nichtmitgl. 50 Pf., am letzt. Sonntage jed. Mon. 20 Pf.
1541 1700 2208 1745 Garten. Offen von früh bis Abends.
1511 1690 3085 1787 Prager Str.41. Die Sachsen vor Paris. Tägl. geöffn. Diorama: Kaiser Wilhelm I. in sein. Arbeitszimmer.
1508 1740 3110 1820 tuseum, Pillnitzer Str. 63. Geöffn. v. früh 10 (Sonn= u. Feiertags 11) b. Abends. Eintritt Wochentags
1505 1812 1934 1857 sonn= u. Feiertags 20 Pf.
1512 1804 3009 1892 s Kabinet, Ostra=Allee 19. Täglich geöffnet von 9—6 Uhr. Sonntags von 11—6 Uhr.
1507 1854 3099 1931 lde der Aula des K. Polytechnikums. Freie Besichtigung am ersten Sonntag jed. Monats v. 11—1 Uhr.
1521 1905 2928 1983 ches Museum, Liliengasse 24, täglich 10—4 Uhr. Eintritt 50 Pf. Schüler 25 Pl.
1505 1924 3097 2004 eichenmuseum, gr. Schießg. 6, Ecke König=Johannstr. Wochent. 10—4. Erträgn. z. Gunst. d. Albertv.
1513 1975 3115 2058 r des Exportvereins f. d. Königreich Sachsen. Niedergraben 5. Wochentags 10—5. Eintritt frei.
1516 2019 3116 2085 eum (Kreuzstraße 10, II.) Sonntags 11—1, Montags 11—2 Uhr frei, an den übrigen Tagen
1521 2073 1877 2132 , die Person 50 Pf.
1509 2085 2480 2156 ithek (Kreuzstraße 10, II.). Wochentags von 10—2 Uhr.
1509 2123 3111 2185 thalle an der Weißeritzstraße) Geöffnet: bis Mittags 1 Uhr u. Nachm. von 4—8 Uhr, Sonnabends
2050 2166 3117 2219 ununterbrochen bis Abends 9 Uhr. Sonn= u. Festtags geschlossen.
1527 2188 1966 2230 auf dem Antonsplatze
1512 2209 2981 2258 örse in Helbigs Etablissement am Theaterplatz. Montag und Freitag von 12—3 Uhr.
1541 2274 2881 2298 Förderung des Fremdenverkehrs, Geschäftsstelle: Seestraße 21, II. (Kaufhaus).
1573 2274 3122 2346 ittelungsstelle. Elbgäßchen 8. Nachweis von Arbeit u. Arbeitern f.a. Geschäftszweige. Teleph.3016.
1607 2302 3116 2381 eit= und Arbeiternachweisung. Kostenfr. Vermittel. Waisenhausstr. 9 pt. u. kl. Meißner Gasse 6 pt.
1556 2354 3085 2417 eHilfsstelle für Neustadt und Poliklinik des Albertvereins: Kaiser=Wilhelm=Platz 1 part.
1507 2373 3115 2446 urg. Hilfsstelle für Altstadt: Landhausstr. 9 pt. (Anwesenheit der Aerzte tägl. v.11—12 Vorm.)
1505 2417 3117 2500 I: ununterbrochen geöffnet: Scheffelstraße 9 und Ritterstraße 6; von früh 7 bis Nachts.
1513 2486 2516 2534 eöffnet: Kreuzstraße 23, Cirkusstraße 10, Tittmannstraße 20.
1502 2514 2346 2566 lksbibliotheken. Geschlossen bis mit 16. August.
1516 2514 3132 2597 der K. Kunstgewerbeschule (Antonspl. 1). Lesezimmer unentgeltl. geöffnet im Sommerhalbjahr 8—6
1509 2597 2187 2642 erhalbjahr 8—8, Sonntags 11—1 Uhr.
1505 2585 3121 2674 ug (staatsw. Biblioth. m. Lesezimm.), kl. Brüderg. 21, I., jed. Wochent. 10—2 u. (außer Sonnab.) 5—9 Abds.
1506 2638 3119 2702 othek des Schriftenvereins (unentgeltlich): Johannesstr. 17, Wochent., auß. Dienst. u. Mittw. 4—6 Uhr.
1518 2679 3130 2741 s Gemeinnützigen Vereins: a. für Knaben 5—7 Uhr Montag u. Donnerstag a. d. alten Vogel¬
1505 2722 3127 2785 #enstag u. Freitag a. d. Schmelzwiese des kleinen Ostrageheges; d. für Mädchen 51—7 Uhr Mon¬
1507 2747 3119 2827 donnerstag a. d. Schmelzwiese des kleinen Ostrageheges, und Dienstag u. Freitag zwischen Albrecht¬
1511 2798 3125 2859 id Lennéstraße; c. für Frauen und Jungfrauen aller Stände Sonntags 5—7 Uhr a. d. Schmelz¬
1525 2838 2749 2893 kleinen Ostrageheges. An allen Spielen ist die Theilnahme unentgeltlich.
1508 2856 3127 2949 rtshof, Sedanstr. Deutschlands schönstes Bad, Marmorschwimmhalle, russ.=röm.=irisches Bad, Salon¬
1507 2919 3129 2973 enbäd., Kohlensäure=, Moor=, elektr. u. alle Kurbäd., tgl. v. 6½ V. b. 9 Abds., Sonn= u. Feiert. b. 1 U. geöffnet,
1516 2972 3046 3026 edrichsbad, Reitbahnstraße 35. Porzellan=Bassin=Bäder mit Douche. Kur= und Hausbäder.
1511 2964 3129 3051 .Röm. u rufs. Bäd. s. Damen: Mont. 3—7, Mittw. u. Sonnab. 8—12, sonst f. Herren 8—12 u. 3—7.
1512 3027 3132 3084 it Löwenbräu, Palais de Saxe, Münchner Löwenbräu vom Faß. Mittagstisch von 12 bis 3 Uhr.
1503 3050 3138 3120 chänke, Webergasse. Bürgerl. Bier= u. Speisehaus. Sehenswerthes Lokal, großartige Geweihsammlung.
1503 3087 3134 3162 el de France, Wilsdr. Str. 15. Pilsner a. d. Br. Gr.=Priesen u. l. Kulmb. Aktienbier. Mittagst. v. 12—3.
2588 3249 2766 3317 Liebelei.
1506 3262 2242 3352 „I. Hof-Theater. (Alt= u. Neust.)
2348 3274 3010 3368 Schauspiel in 3 Akten von Arthur Schnitzler.
1697 3330 1905 3399 Geschlossen.
2431 3334 2950 3391 In Scenz gesetzt von Alex. Rotter.
2232 3364 2848 3446 Hans Weiring, Violinspieler am Josefstädter
2840 3386 3053 3441 Ignaz Jarda.
2283 3416 2400 3453 Theater
2248 3416 3122 3484 Christine, seine Tochter Marg. Körner a.0.
1525 3416 2081 3500 Residenz-Theater.
2857 3454 3128 3501 Anna Fürst a. Deb.
2248 3459 2631 3504 Mizzi Schlager, Modistin.
1510 3484 2237 3539 Frau Marg. Körner vom Stadttheater in Hamburg.
2250 3465 3053 3553 Katharina Binder, Frau eine) „fwirkers Marie Mestl.
2835 3498 3122 3560 Martha Schneiden
2242 3526 2539 3566 Lina, ihre Tochter
1713 3518 1909 3564 A Tempo.
2973 3538 3095 3584 rmester.
2912 3544 2967 3577 3 B
1513 3526 2240 3596 n 1 Akt von Enrico Montecorboli, aus dem Italie¬
2250 3553 2483 3603 Fritz Lobheimer,
2238 3543 3021 3618 Theodor Kaiser, junge „arl Witt.
1519 3579 2091 3637 nischen übersetzt von Richard Nathanson.
2783 3597 3029 3656 . . Carl Zeit.
2245 3609 2447 3662 Ein Herr
1961 3604 2143 3655 Carl Zeitz.
1510 3618 1783 3667 n Solatti
1942 3634 2185 3685 " Claire Krona.
1516 3653 1760 3696 ie Gattin
2422 3639 2951 3707 Anfang ½8 Uhr. Ende 10¼ Uhr.
1729 3672 2174 3726 . Marie Beier.
1508 3680 1672 3718 n Sohn
1897 3692 2239 3742 . . E. v. Klinkowström.
2346 3677 3029 3761 Dienstag den 28. Juli: A Tempo. Liebelei¬
1521 3710 1766 3748 Taragliano
1924 3726 2243 3773 " Marg. Körner a. G.
1522 3710 1873 3791 tonietta von Salm
1800 3755 2243 3813 ..... Jacques Morway.
1531 3768 2926 3868 der Dr. Güngschen Sifstung vormals C. Blochmam & Sohn in Dresden.
