3484 4224
485 133 873 207 Liebelei
289 123 1435 246 5„ box 11/1
1912 52 2946 131 da errang die persönliche Kunst der Darstellerin
1918 82 2952 159 doch einen hohen Grad von Achtung. Anerkennung
1919 145 2953 215 gebührt auch Herrn Regisseur Lenoir für die an
1918 191 2957 246 Stimmung und feinen Zügen reiche Inszenierung
1809 209 1894 270 F
3021 231 3212 297 inclusir.
1932 240 2947 316 des Schauspieles, das, mehrere Jahre in Graz nicht
3030 285 3190 335 Porto.
1927 275 2967 352 mehr gegeben und nun ganz neu besetz im gut
3022 320 3198 372 Zahlbar
1930 333 2950 403 besuchten Hause den starken Erfolg einer Novität
3008 364 3251 424 im Veraus.
1927 378 2951 453 erzielte. Es ist nicht wahr, daß, wie die ewigen
1797 419 3249 490 Abom „Überwinder“ glauben machen wollen, das Publi=Imitte ist das
2959 462 3257 526 u steht es den
1800 486 2941 567 Abom kum sich den Reizen eines treuen Milieus schon wie¬
2950 507 3124 570 ändern.
1924 526 2954 610 der entzogen habe. Die Kunst, das scheinbar Gering¬
1798 568 3251 658 Iahan fügige nicht zu übersehen, es mit dem Auge des uthaltend die
1798 618 3239 714 diät Dichters zu sehen und ihm seinen allenfalls bedeut=r Morgen¬
1808 669 3244 737 vodm samen Platz im Lebensbilde einzuräumen — (kennt leuer Zeitung")
2955 704 3249 757 irthschaftliche
1802 721 3253 784 Leben denn die Natur „klein“ und „groß“, „wichtig g. Diese Mit¬
1801 772 2962 829 theilu und „nebensächlich"?) — ist von der Mode nicht
1941 815 2962 893 abhängig. Die Kunst nicht, wohl aber die schema¬
1929 863 2976 943 tische Nachahmung spekulativer Nachtreter! Diese
1932 911 2975 975 Künst war, mag sie zeitweilig in der großstiligen
1925 962 2976 1042 „Dramatik keinen Raum gefunden haben, zu jeder
1933 989 2976 1098 Zeit „modern“ und die Stuben des Musikus Miller
1950 1057 2971 1113 und des Meisters Anton haben, wenn sie auch eine
1950 1100 2973 1172 andere Atmosphäre erfüllt, Kunstfamilienähnlichkeit
1954 1146 2976 1222 mit dem Dachzimmer des Hans Weiring in „Liebe¬
1945 1206 2986 1268 lei". Ein die Lebensbeobachtung auf beschränktem
1957 1246 2976 1313 Gebiete in Dichtung umwertender Schriftsteller ist
1949 1294 2973 1369 Arthur Schnitzler, und wer fähig ist, sein Werk auf
1943 1341 2992 1430 sich wirken zu lassen, der müßte sehr unehrlich sein,
1958 1391 2980 1448 es zu leugnen. In mancher höheren Region — ich
1960 1435 2985 1508 denke an die sonderbarerweise preisgekrönten sym¬
1963 1482 2994 1557 bolistischen Einakter des Dichters — hielt seine
1956 1530 2974 1608 schöpferische Kraft nicht, was sie in „Liebelei“ ver¬
1971 1583 2982 1653 sprochen hatte; hier aber, eingefriedet im wieneri¬
1961 1623 2990 1701 schen Quartier latin, schuf sie die beste Grisetten¬
1968 1689 2992 1743 tragödie unserer Tage. Was so aus der Welt, die
1967 1719 3001 1796 wir alle kennen, stammt, das darf die Bühne nicht
1966 1770 2993 1836 entfremden. Das Typische und die ungezwungene
1967 1813 2992 1884 Natürlichkeit sind daher die ersten Voraussetzungen
1966 1861 2993 1936 für die Darstellung der „Liebelei“. Ihnen kamen
1975 1916 2992 1975 unsere Schauspieler in hohem Grade nach. Das
1967 1956 2993 2027 Dioskurenpaar der leichtsinnigen „jungen Leute“
1970 2012 2994 2082 fand in den Herren de Grach und Halpern
1977 2053 3009 2137 unvergleichlich gute Darsteller. Herr de Grach
1963 2112 2994 2170 besitzt, wie hier oft schon betont worde, ein auser¬
1975 2155 2992 2213 lesenes Talent für die junge Mämnichkeit, die nicht
1979 2202 3004 2265 in Trikots gezwängt ist. Sein nervöser und von der
1976 2257 3005 2321 Melancholie eines vernachlässigten Gemütes befan¬
1970 2290 3007 2363 gener Fritz Lobheimer ist in seiner Echtheit geradeso
1978 2334 3010 2416 eine Musterleistung, wie der ganz anders geartete,
1971 2395 3003 2465 jugendstrotzende und knabenhaft launische Student
1971 2442 3014 2519 in Halbes „Jugend“. Für den gemütlichen jungen
1983 2491 3021 2546 Taugenichts Theodor hatte Herr Halpern all den
1976 2539 3017 2598 leichtfertigen Übermut, die rasche Zunge und die
1985 2584 3008 2647 graziöse Keckheit des Früchtels. Ihnen rei ten sich
1989 2625 3023 2705 Fräulein Ferron als geradezu klassisches „süßes
1974 2698 3022 2742 Mädel“ Mizi Schlager — die unbewußte Sünde —
1981 2720 3029 2793 und Fräulein Bleibtreu als kleinbürgerliche
1983 2781 3018 2834 Wiener Klatschbase ebenbürtig an. Fräulein Sus¬
1980 2836 3028 2907 sin wuchs in der Schlußszene zu einer tragischen
1982 2908 3011 2963 Kraft des Verzweiflungsausdruckes, der im Publi¬
1949 2940 3018 3028 Um das Echo eines Beifallssturmes weckte. Auch
2091 3004 2199 3048 Fe
2308 3001 3031 3073 Tahuugdusenuns, aebet Dotsi
1955 3040 3025 3116 „süßen Mädel“ #atte sie doch zu wenig, um das
1976 3077 3031 3152 Schicksal der Christine und Fritzens Verhältnis zu
1978 3145 3018 3216 erklären. Zu rauh und heftig kamen die Affekte;
1984 3185 3021 3259 der Mangel an Grazie war fühlbar. Herr Lip¬
1978 3236 3027 3312 spert gab den alten Vater Christinens vielleicht
1979 3291 3031 3351 nicht ganz charakteristisch, aber ungemein sympathisch
1990 3345 3025 3408 und rührend. Herr Mebns hatte die kleine, aber
1982 3381 3042 3451 gewichtige Rolle des „fremden Herrn“ inne. Die
1998 3446 3019 3499 Szene, in der er auftritt, ist die dramatisch packendste
1993 3476 3029 3544 des Stückes, es tritt mit ihm der kalte, grausame
1982 3531 3017 3598 Tod ins Zimmer. Es war recht töricht von einigen
1988 3578 3021 3637 süßen Mädeln“ auf der Galerie, daß sie bei den
1980 3624 3046 3693 ersten, iödlich-bitteren Worter des ironischen Scher¬
1977 3663 3030 3732 zes laut kicherten: doch von aller Schuld war unser
1980 3711 3033 3795 trefflicher Schauspieler auch nicht freizusprechen. Die
1991 3768 3026 3842 Messerschneide des Wortes war ein wenig stumpf.
1987 3825 3024 3893 Mit holier Wlicht brach jedoch der Offelle Griuilt
2473 3869 2987 3930 Hermann Kienzl.
