3532 4256
845 162 1284 253 box 13/3
294 166 707 239 Liebelei
289 218 720 293 ansteneasterentetenenenntnente
306 565 1139 683 „OBSERVER
395 650 1103 734 I. österr. behördl. konzessioniertes
362 700 1130 778 Unternehmen für Zeitungs-Ausschnitte
445 748 1059 829 WIEN, I., WOLLZEILE 11
519 822 980 880 TELEPHON R-23-0-43
334 954 707 1034 Ausschmi aus:
628 978 1231 1089 Neuss Wiener Jouraal, Wien
642 1118 1136 1237 11. FEB. /333
332 1188 489 1254 vom:
301 1285 1451 1378 Im Theater in der Josefstadt steht nun eine Wieder¬
211 1363 1446 1427 aufführung von Schnitzlers „Liebelei“ bevor. Die Tatsache allein
212 1415 1442 1480 mag genügen, um eine knappo Reminifzenz an die denkwürdige
204 1469 1441 1526 Uraufführung dieses Stückes im Burgtheater anzubringen. Sie soll
213 1499 1443 1582 beweisen, daß es zu allen Zeiten, also auch in den glenzvollen
210 1550 1444 1627 Tagen des Burgtheaters, Aufführungen gegeven hat, die nicht ganz
215 1605 1438 1679 zureichend waren oder zumindest dem Stil der Dichtung nicht
209 1668 1451 1726 entsprochen haben. Damals, als „Liebelei“ im Burgtheater zu
212 1706 1448 1778 einer dichterischen Sensation wurde, waren noch schauspielerische
221 1758 1450 1820 Größen vom Range eines Sonnenthal und Mitterwurzer am
214 1799 1445 1869 Werk, und von den Darstellern dieser Aufführung sind eigentlich
214 1854 1444 1920 nur mehr Karl v. Zeska und Adele Sandrock am Leben. Merk¬
220 1887 1451 1966 würdig ist nun, daß von den genannten Schauspielern nur zwei
212 1940 1442 2011 ihren Rollen gerecht wurden: Mitterwurzer, der den fremden
218 2008 1444 2056 Herrn spielte, und Zeska als Theodor. Sonnenthal, der große
215 2022 1454 2115 König Lear und Nathan, kam mit dem alten Weiring, dessen
214 2073 1450 2162 volkstümlichen Charakter er verfehlte, kaum zurecht, und die
215 2142 1447 2212 Sandrock als Christine war vielleicht interessant, aber gleichfalls
216 2201 1447 2251 nicht im Bilde der Figur. Ein einziger eigentlich hatte an diesem
228 2255 1452 2304 Abend seinen großen Erfolg und das war Viktor Kutschera, der
216 2284 1451 2363 sich während seiner drei Burgtheaterjahre durchaus nicht wohl
226 2318 1446 2406 fühlte, aber diesmal im Besitz einer Rolle war — er spielte den
214 2374 1455 2462 Fritz —, die seinem Naturell ganz und gar entgegenkam. Er
218 2440 1455 2496 konnte geradezu den Mißerfolg wettmachen, den er nicht lange
223 2480 1442 2549 vorher als Karlos gehabt hatte. Im großen und ganzen aber war
226 2539 1445 2593 es keine Aufführung, die den Intentionen des Dichters entgegen¬
226 2557 1456 2655 kam, und so stellte sich demgemäß die Vopularität des Stückes erst
217 2630 1466 2692 in späteren Jahren ein, nachdem die Rollen an solche Darsteller.
219 2669 1455 2740 übergegangen waren, denen die wienerischen Charaktere im Bluté
213 2727 1480 2795 lagen. Erst nach und nach wurde aus „Liebelei“ die große Liebe¬
545 2971 1049 3073 „DBSERVER‘
480 3047 988 3139 Wien, I., ##eligeile
511 3235 1231 3344 Wr. Allgemelne Zeitung. Wien
458 3273 510 3336 0
704 3309 931 3416 12. F
368 3430 1193 3542 Die Premiere der „Liebelei“ am
677 3512 859 3603 20. d.
382 3567 1227 3661 Die Premiere von Artur Schnitzlers
343 3606 1233 3705 Liebelei“ im Joselstädter=Theater
414 3663 1250 3739 wie wir erfahren, vorläufig für den
325 3732 639 3809 20. d. angesetz“.
403 3730 1242 3834 Die nächstfolgende Novität ist Ferdi¬
339 3789 1171 3876 nand Bruckners „Marquise von 2
339 3831 1252 3926 die bereits mit Käthe Gold in der Hauptroll¬
340 3890 1248 3966 geprobt wird. Die Erstaufführung ist für
333 3941 802 4036 den 28. d. geplant.
1975 370 2797 489 „OBSERVER
2079 466 2762 542 I. österr. behördl. konzessioniertes
2033 514 2774 594 Unternehmen für Zeitungs-Ausschnitte
2086 570 2711 658 WIEN, I., WOLLZEILE 11
2167 630 2640 699 TELEPHON R-23-0-43
1972 739 2348 821 Ausschnitt aus:
2211 810 2366 883 Neue
2365 821 2719 925 Abendblatt
1966 968 2102 1042 vom:
2387 1003 2827 1126 b. FE6. 1933
1894 1210 2904 1336 Die Schnitzler= und Tagger¬
1867 1289 2944 1381 Premieren im Theater in der
2186 1365 2597 1476 Josefstadt.
1899 1414 2974 1522 Im Theater in der Josefstadt werden gegenwärtig gleich¬
1805 1489 2977 1567 zeitig zwei Neueinstudierungen vorbereitet. Am 20. d. gehen unter
1813 1534 2981 1612 Pam. Kalbecks Regie Schnitzlers „Liebelei" und „Der
1810 1572 2974 1653 tapfere Kassian“ in Szene. Am 28. d. folgt „Die Mar¬
1810 1616 2965 1696 quise von O.“ nach der Kleistschen Novelle von Theodor
1803 1667 2967 1738 Tagger (Ferdinand Bruckner). Die Regie führt Dr. Otto Pre¬
1806 1711 2955 1781 minger. Die Hauptrollen spielen Käthe Gold, Cäcilie Lvovsky,
1815 1743 2960 1824 Attila Hörbiger, Herbent Hübner und Fritz Delius. Hörbiger
1803 1778 2964 1864 tritt gegenwärtig noch in Berlin auf, soll aber am 21. d. in Wien
1807 1833 2977 1922 eintreffen. Für den 26. d. hat auch der Autor seine An¬
1805 1869 2436 1938 kunft in Wien angesagt.
2453 2149 2787 2272 NERVER‘
2532 2247 2861 2347 eile Nr. 1
2611 2311 2769 2376 8.110
2374 2361 2484 2463 58
2176 2384 2618 2492 5 Fro. -33
1857 2516 2935 2599 Paula Wessely beginnt am Theater in der
1802 2573 2929 2654 Josefstadt ihr diesjähriges Engagement am Montag den
1780 2612 2950 2692 20. d. Sie spielt zum erstenmale die Rolle der Christine im Schau¬
1779 2657 2576 2758 spiel „Liebelei“ von Arthur=Schmigter
1965 3006 2803 3090 „OBSERVER
2057 3088 2763 3152 I. österr. behördl. konzessioniertes
2019 3124 2795 3206 Unternehmen für Zeitungs-Ausschnitte
2087 3191 2721 3278 WIEN, I., WOLLZELLE 11
2169 3250 2642 3310 TELEPHON R-23-0-43
1976 3387 2360 3458 Ausschnitt aus:
2031 3461 2732 3561 Wr. Neus- a Hacssrfahtse, Wien
1981 3615 2137 3675 vom:
2190 3634 2670 3750 75. FEB. 1933
1950 3808 3024 3893 Jula Wesseln beginnt am Theater in der Josefstadt)“
1905 3875 2975 3955 diesjähriges Engagemen, am Montag den 20. d. M,
1899 3918 2877 3984 Christine in „Liebelei“ von Arthur=Schnitzler.
