3484 4224
506 167 866 236 iebelei
311 161 1451 280 5. LiSeSLeI box 10/4
3009 649 3342 729 Overst=r
2760 683 3193 766 men. Beide nehmen
3186 719 3325 772 nunm
2607 727 3160 807 n des Kaisers Wilhelm teil. —
3187 762 3331 828 Süda
2220 769 3199 855 Arrespondenz meldet aus dem Vatican, die türkische
731 814 3207 899 des „Bolt“, Herr v. Gerlach, auf dem christlich=socialen Parteitag seine Regierung habe dem armenisch=katholischen Patriarchen Verbannung
3219 830 3341 901 Ch
717 846 3327 902 Rede gegen die Großgrundbesitzer mit den Worten schließt: Die Christ 1 aus Konstantinopel angedroht, falls dieser die in Frankreich einge= Norwe
1190 886 1335 953 S
2315 906 2521 958 S
1969 942 3183 1025 sie so viel Echtes und Charakteristisches, die ganze Gestalt war so ganz
3191 966 3336 1029 eine
874 972 1832 1046 Kunst, Wissenschaft und Leben.
1955 972 3188 1062 Wiener Blut der gegebenen Volksschicht, daß wir recht deutlich erkannten,
3192 1008 3329 1063 welche
1964 1026 3191 1094 die Künstlerin sei nur allzu häufig auf einen völlig falschen Platz ge¬
3178 1049 3340 1102 politis,
782 1034 1960 1106 & [Kölner Stadttheater.] Am 10. April wurde zum ersten Mal
1970 1066 3184 1133 stellt worden. Sie ist Soubrette, Komikerin; sie aber als Salonnaive
3191 1094 3333 1151 welche
718 1094 1961 1144 Arthur Schnitzlers Schauspiel Liebelei“ aufgeführt. Arthur Schnitzler
1963 1098 3189 1180 oder gar als Sentimentalnaive zu verwenden, wie es fast die ganze
3193 1120 3338 1177 eine le
724 1129 1957 1181 ist praktischer Arzt in Wien. Dort und in Berlin hat das Stück mit
1958 1138 3195 1220 Spielzeit hindurch geschah, heißt sie ruiniren. Ein Hauptfehler, der sich sehr
3189 1157 3334 1226 wirken
715 1161 1958 1224 Recht lebhaftes Interesse erregt. Es modernisirt freilich nur ein uraltes
1955 1181 3192 1256 deutlich im zweiten Acte herausstellte, war die Besetzung des „Fritz“ durch
3180 1203 3321 1260 folgte
721 1205 1957 1264 Motiv, die Grisettentragik, thut es aber mit eigenartigem künstlerischem
1957 1218 3177 1297 Herrn Monnard. Dieser Fritz ist ein „fescher“, eleganter junger Lebe¬
3181 1244 3323 1296 durch:
715 1250 1968 1297 Ausdruck. Christine ist die brave Tochter eines kindlich idealistischen
1955 1259 3189 1334 mann, blasirt mit semimentalen Anwandlungen. In der Liebesscene
3179 1275 3333 1334 spannt
718 1288 1957 1342 Musikers. Anscheinend infolge des Umganges mit einer leichtfertigen
1956 1299 3193 1378 des zweiten Actes liegt der künstlerische Reis in dem Gegensatze des
3180 1325 3344 1388 lebhaft
711 1322 1964 1382 Modistin gerät sie in ein Liebesverhältnis mit einem jungen Lebemann
1961 1339 3188 1411 schlicht bürgerlichen Mädchens und der idyllischen Umgebung zu dem
722 1361 1959 1423 besserer Stände und hängt an dem Geliebten mit schwärmerischer Leiden¬
1954 1379 3181 1450 verwöhnten Sohne des Reichtums, dessen prächtige Wohnung man im
3177 1392 3332 1459 Maca
720 1393 1950 1459 schaft. Dieser aber hat auch noch Beziehungen zu einer verheirateten
1962 1417 3172 1481 ersten Act gesehen hat. Herr Monnard war zu schwerfällig, zu unaristo¬
3180 1421 3347 1493 ihm m
718 1435 1951 1498 Dame der Gesellschaft, in deren Folge er im Zweikampf fällt. Christine
1952 1459 3182 1525 kratisch und traf auch den melancholisch=empfindsamen Ton nicht mit der
3179 1478 3337 1528 von Ko
709 1490 1952 1538 erkennt nun, welche erniedrigende Rolle sie gespielt, wie mißachtet der
1957 1499 3174 1564 richtigen Jnnigkeit. Frau Doré gab als „Christine“ die besondere Art
3181 1515 3351 1575 geworfe
715 1516 1951 1576 bessere Teil ihrer Liebe wurde und eilt aus dem Hause dem Selbstmord
1956 1535 3180 1600 des süddeutschen Mädchens mit dem doch in jedem schlichten Worte heiße
3170 1548 3343 1615 gemeint
708 1548 1964 1621 entgegen. So oft in der Literatur uns das Grisettenmotiv begegnet
1952 1584 3179 1642 Zärtlichkeit verratenden Wesen, die kleinbürgerliche Verlegenheit, die sich
3179 1595 3346 1655 unter si
712 1597 1952 1652 bleibt für unsere Empfindung etwas Unbeglichenes, wir kommen nicht
1959 1618 3173 1678 hinter Humor versteckt, die sinnlich sich anschmeichelnde Gemütlichkeit in
3168 1624 3353 1698 hatte. I
715 1639 1952 1694 zu dem vollkommenen Mitleid mit den Schmerzen der Schuld. Das
1965 1655 3172 1721 der vollendetsten Stimmung, aber Herr Monnard ging auf diesen Ton
3170 1671 3353 1727 der Ver
714 1666 1953 1725 bringt die Atmosphäre mit sich, die eine zu starke Dosis sittlichen Leicht¬
1956 1696 3173 1763 nicht in der entsprechenden Weise ein, sonst wäre hier eine noch viel be¬
3171 1708 3341 1773 ersten 2
718 1711 1945 1772 sinns voraussetzt. Auch bei dieser Christine werden wir das Gefühl
1956 1734 3179 1805 deutendere Wirkung erzielt worden, denn die Seene ist von ganz
3169 1741 3346 1807 Sopran
710 1748 1946 1807 nicht los daß sie in erster Linie bei der Anknüpfung der Liebschaft, die
1959 1775 3173 1844 reizender Intimität. In der Schlußscene des letzten Actes, da Christine
3172 1782 3343 1846 geteilter
714 1788 1947 1854 der Verfasser uns nicht vorführt, nur aus eitler Verliebtheit, aus Lust
1958 1808 3175 1881 mit folternder Angst allmählich den Tod des Geliebten erfährt und ihre
714 1838 1950 1887 an Heimlichkeiten gehandelt habe, nicht aus unwiderstehlicher Leiden¬
1952 1853 3176 1919 weibliche Empfindung die vernichtende Schlußfolgerung zieht, bot Frau
3158 1862 3339 1928 feinfühl
709 1869 1943 1933 schaft, die wohl erst später erwuchs. Die Modistin Mitzi wird eben ihre
1953 1890 3167 1954 Doré wieder eine jener erschütternden Leistungen der Aeußerung seelischen
3161 1905 3296 1960 Prof.
714 1907 1947 1967 Lehrerin gewesen sein. Der Verfasser wollte auch wahrscheinlich grade
1942 1927 3165 1999 Schmerzes unter den Bedingungen sicherer Technik des naturwahren
3163 1947 3309 2002 spielte,
712 1952 1942 2016 gewisse typische Verhältnisse unseres socialen Lebens vorführen und
1953 1964 3170 2037 Ausdrucks, über deren künstlerische Bedeutung in der letzten Frist ihres
3167 1987 3351 2051 gewähre
716 1993 1949 2043 zeigen, wie ein solches „Mädel, das man nicht heiratet“ daran zugrunde
1955 2004 3139 2075 Hierseins nichts Besseres gesagt werden kann, als daß die Theater
3171 2026 3262 2077 glied
712 2024 1948 2079 geht, daß es nur die Wahl hat zwischen einem öden Dasein oder ge¬
1949 2045 3146 2108 leitung ein ganz außerordentliches Glück haben muß, wenn es ihr ge¬
3175 2063 3270 2112 Auffi
704 2055 1941 2128 fährlicher Liebschaft wenn es doch einmal einem stärkern Lebenstrieb
1941 2085 3165 2149 lingen soll, eine solche Kraft in nächster Zeit auch nur annähernd zu
3170 2098 3283 2153 mals
713 2102 1940 2165 einem natürlichen Drang nach Bethätigung der jugendlichen Kräfte, nach
1939 2128 3160 2190 ersetzen. Herr Leyrer gab den „Theodor“ vorzüglich, nicht zum geringsten
3183 2145 3295 2192 Männ
704 2139 1934 2202 einem Gemütsinhalt folgt. Lebenswahr freilich ist der Vorgang, und
1937 2160 3167 2231 auch in der Kennzeichnung der matten Rührseligkeit des erst übermütigen
3185 2171 3288 2232 staltet.
701 2174 1938 2245 sogar enthält er eine sehr zum Nachdenken anregende, sehr ernste Lebens¬
1949 2203 3159 2265 Lebemannes bei der Schlußkatastrophe, einem seinen Zug des Dichters.
3175 2217 3293 2273 Verbin
709 2218 1935 2279 wahrheit; sie gibt eben nur kein einfach klares sittliches Ergebnis, son¬
1945 2239 3165 2314 Der alte Musicus des Herrn Beck war vortrefflich in der kindlich
3158 2252 3277 2314 tung.
704 2253 1937 2319 dern führt auf einen casuistischen Boden. Schnitzler gibt diese Lebens¬
1945 2278 3171 2342 sanften Stimmung des weltfremden Gemütsmenschen. Eine fein in der
3167 2288 3344 2353 erweckte
697 2298 1937 2361 wahrheit ohne allzu grellen Naturalismus, nicht so grell, wie etwa
1946 2315 3160 2383 Charakteristik herausgearbeitete Leistung war die „Frau Binder“ der
3163 2338 3348 2398 (Werk 2
693 2335 1946 2377 Sudermanns einigermaßen verwandte Familie Heinicke in der Ehre“
1940 2356 3171 2429 Frau Lanius. Daß man dem literarisch wertvollen Stücke statt eines
3161 2379 3341 2435 von der
697 2376 1933 2435 er gibt sie mit einer überraschenden Einfachheit und Natürlichkeit der Entwick¬
1940 2393 3160 2476 feinen Einacters den Fastnachtsulk „Fräulein Witwe“ folgen ließ, kann
3159 2403 3323 2469 Mosel“
706 2412 1936 2484 lung, ohne alle psychologische Künsteleien und docirt dabei nicht, gibt keine
1940 2443 2958 2505 nicht anders denn als Geschmacklosigkeit bezeichnet werden.
704 2453 1937 2522 Tendenz, sondern will in echt süddeutscher Art nur empfindsam berühren, er
3156 2459 3337 2520 gegeben,
2014 2474 3149 2542 [Ueber die Verschickung nach Sibirien und den Nihilis¬
3161 2494 3328 2549 weitem
695 2475 1934 2559 beantwortet die im Motiv gelegene Frage nicht mit irgend einer modernen
1937 2504 3163 2581 mus bis zum heutigen Regime) hielt die russische Schriftstellerin
3163 2533 3343 2589 that der
702 2528 1941 2590 These, sondern will nur Mitleid für das arme Mädchen erzielen.
1940 2555 3147 2618 Frau Fanny Nazarew in der Lesegesellschaft zu Köln einen andert¬
3152 2569 3339 2628 der Auf
702 2556 1935 2632 und mit diesem Erfolge der Empfindsamkeit als Dichter alle morali¬
1930 2597 3157 2662 halbstündigen Vortrag. Die Rednerin schilderte zunächst in gemeinver¬
3161 2610 3319 2668 lebende
707 2609 1937 2672 sirende Logik beiseiteschieben. Das ist auch heute noch ein bewährtes
1940 2633 3160 2708 ständlicher und anschaulicher Weise den Transport der Verbannten sowie
3151 2643 3334 2708 N. Beck
696 2658 1930 2721 Mittel, wenn man es versteht, die Empfindsamkeit echt, ohne geschraubtes
1940 2673 3157 2747 ihren Aufenthalt, ihre Behandlung und Verwendung in Sibirien und
3156 2696 3343 2743 dem Rh#
700 2693 1937 2760 Pathos zu geben. So erzielte das Stück auch hier einen vollen Erfolg,
1928 2722 3151 2786 ging dann zu einer Darstellung des Nihilismus über. Der Nihilismus
3149 2730 3342 2792 Stadt V
698 2722 1924 2789 der am Schlusse sogar eine sehr große Wärme erreichte. Gegen die Aus¬
1933 2749 3147 2821 richtete sich von Anfang an vorzugsweise gegen das Bestehende in der
3144 2772 3339 2833 hergegeb
693 2770 1937 2836 führung sind zwar einige Bedenken geltend zu machen, ohne welche das
1933 2791 3153 2851 Religion, im Familienleben und in den socialen Verhältnissen. Jugend¬
3140 2803 3329 2866 Rheins
692 2808 1929 2875 literarisch wertvolle Werk wohl noch seiner gewirkt haben würde. Zu¬
1921 2839 3151 2897 liche Enthusiasten, von der Bildung des Westens oberflächlich berührt,
3146 2850 3346 2909 schwungv
701 2842 1925 2914 nächst war es ein Fehler im ersten Act, daß das leichtsinnige Pärchen
1929 2872 3153 2935 waren die Hauptträger der revolutionären Bewegung und erstrebten
3142 2888 3342 2943 theaterg
696 2881 1929 2952 der Modistin „Mizi“ und des „Theodor“ zu geräuschvoll hervortrat und
1924 2906 3160 2979 vor allem eine Umgestaltung der Lage der Frauen und des Bauern¬
3138 2919 3339 2980 die Vers
690 2924 1920 2993 infolge dessen das die Handlung führende Paar, Christine und Fritz,
1922 2948 3149 3016 standes. Da sie aber keine Kenntnis von den realen Verhältnissen hatten,
3150 2958 3344 3027 K. Lorsch
694 2950 1928 3042 verblaßte. Es entstand dadurch überdies eine vom Verfasser, der nur
1919 2979 3143 3058 den russischen Bauern idealisirten und dessen Aberglauben, Vorurteile
3153 2998 3333 3057 am 19.“
697 3001 1918 3074 ein Charakterbild geben wollte, gar nicht beabsichtigte, allzu starke hu¬
1926 3026 3140 3092 und Trägheit nicht in Rechnung brachten, so konnten ihre Bestrebungen
3142 3043 3351 3100 Freund
684 3042 1926 3108 moristische Wirkung von zweifelhaftem Hauche. Wir betonen, daß dabei
1926 3060 3139 3128 für die Hebung der bäuerlichen Bevölkerung keinen Erfolg haben. Dann
3137 3084 3344 3143 tungsfeste
687 3088 1930 3149 Fräulein Glümer, die die gefährliche Rolle der „Mizi“ spielte, keine
1929 3105 3142 3173 folgte die surchtbare Periode der Propaganda des Schreckens durch
3140 3121 3330 3182 veranstal
695 3120 1925 3183 Schuld zufällt. Zwar tanzt eine Wiener Modistin viel graciöser und
1922 3146 3152 3212 Bomben und Dynamit, die in der Ermordung Alexanders II. ihren
686 3148 1916 3230 wirft nicht so die Füße aus, auch wäre beim Eigarettenrauchen etwas
1921 3179 3135 3252 Höhepunct, aber, wie es scheint, auch ihren Abschluß gefunden hat. Von
3144 3167 3347 3259 de fiche
691 3189 1924 3266 Vorsicht zu empfehlen, im übrigen aber gab Fräulein Glümer den
1920 3220 3151 3296 Nihilismus im engern Sinne des Wortes ist gegenwärtig in Rußland
3144 3244 3341 3292 St. Lam
685 3237 1935 3306 leichtfertigen Vogel ganz ausgezeichnet, und namentlich in der Betonung
1913 3259 3146 3333 wenig mehr die Rede. Daß aber die revolutionären Umtriebe im
3132 3280 3345 3342 Grablegn.
692 3275 3341 3334 der eben in ihrer Einfachheit gar nicht leichten Redewendungen brachte russischen Reiche noch nicht zum Stillstand gelangt sind, das beweist gesetzt. 2
