<?xml version="1.0" encoding="UTF-8" standalone="yes"?>
<PcGts xmlns="http://schema.primaresearch.org/PAGE/gts/pagecontent/2013-07-15" xmlns:xsi="http://www.w3.org/2001/XMLSchema-instance" xsi:schemaLocation="http://schema.primaresearch.org/PAGE/gts/pagecontent/2013-07-15 http://schema.primaresearch.org/PAGE/gts/pagecontent/2013-07-15/pagecontent.xsd">
    <Metadata>
        <Creator>prov=University of Rostock/Institute of Mathematics/CITlab/Gundram Leifert/gundram.leifert@uni-rostock.de:name=ONB_Newseye_GT_M1+(htr_id=10810)::::v=2.4.2
prov=University of Rostock/Institute of Mathematics/CITlab/Tobias Gruening/tobias.gruening@uni-rostock.de:name=de.uros.citlab.module.baseline2polygon.B2PSeamMultiOriented:v=2.4.2
prov=University of Rostock/Institute of Mathematics/CITlab/Tobias Gruening/tobias.gruening@uni-rostock.de:name=/mnt/transkribus/LA/DEA/URO/LA_news_onb_att.pb:de.uros.citlab.segmentation.CITlab_LA_ML:v=2.4.2
Transkribus</Creator>
        <Created>2019-10-07T12:04:29.924+02:00</Created>
        <LastChange>2019-10-09T20:30:07.881+02:00</LastChange>
        <TranskribusMetadata docId="223992" pageId="9510088" pageNr="1895" tsid="16687246" status="IN_PROGRESS" userId="40391" imgUrl="https://files.transkribus.eu/Get?id=ZOZZORRRYYDHLWCMQSOPUWYF&amp;fileType=view" xmlUrl="https://files.transkribus.eu/Get?id=QZQMIENOBZZPJMZZYCEFKAEL" imageId="6198790"/>
    </Metadata>
    <Page imageFilename="223992_1895.jpeg" imageWidth="3436" imageHeight="4256">
        <ReadingOrder>
            <OrderedGroup id="ro_1711446518724" caption="Regions reading order">
                <RegionRefIndexed index="0" regionRef="r1"/>
            </OrderedGroup>
        </ReadingOrder>
        <TextRegion orientation="0.0" id="r1" custom="readingOrder {index:0;}">
            <Coords points="190,279 190,4071 2954,4071 2954,279"/>
            <TextLine id="r1l1" custom="readingOrder {index:0;}">
                <Coords points="285,312 380,324 648,320 708,307 708,267 626,236 595,254 560,246 518,270 407,232 362,256 284,263"/>
                <Baseline points="299,315 325,313 351,312 377,312 404,310 430,310 456,309 482,308 509,308 535,308 561,307 587,307 614,307 640,307 666,307 693,308"/>
                <TextEquiv>
                    <Unicode>Liebelei</Unicode>
                </TextEquiv>
            </TextLine>
            <TextLine id="r1l2" custom="readingOrder {index:1;}">
                <Coords points="177,339 660,370 862,304 1143,340 1283,309 1281,251 1184,220 502,310 326,310 174,247"/>
                <Baseline points="190,316 243,324 297,330 351,334 405,336 459,337 513,336 567,334 621,331 675,327 729,323 782,319 836,314 890,310 944,306 998,303 1052,300 1106,299 1160,300 1214,301 1268,305"/>
                <TextEquiv>
                    <Unicode>5. Serezer box 13/6</Unicode>
                </TextEquiv>
            </TextLine>
            <TextLine id="r1l3" custom="readingOrder {index:2;}">
                <Coords points="1184,985 1375,998 1423,973 1824,974 1910,952 1907,871 1884,866 1839,890 1636,855 1605,876 1181,873"/>
                <Baseline points="1198,969 1232,968 1267,967 1302,966 1337,965 1372,964 1406,963 1441,962 1476,961 1511,959 1546,958 1580,957 1615,956 1650,955 1685,954 1720,953 1754,953 1789,953 1824,952 1859,953 1894,953"/>
                <TextEquiv>
                    <Unicode>Nas geschehenaz. var</Unicode>
                </TextEquiv>
            </TextLine>
            <TextLine id="r1l4" custom="readingOrder {index:3;}">
                <Coords points="759,1113 2743,1074 2702,963 2232,937 756,1006"/>
                <Baseline points="772,1094 869,1092 967,1090 1065,1088 1163,1085 1260,1083 1358,1080 1456,1077 1554,1074 1651,1071 1749,1068 1847,1065 1945,1062 2042,1059 2140,1056 2238,1053 2336,1050 2433,1046 2531,1044 2629,1041 2727,1039"/>
                <TextEquiv>
                    <Unicode>Das Theater war durch seine Nahl eine Weltoperette aus der</Unicode>
                </TextEquiv>
            </TextLine>
            <TextLine id="r1l5" custom="readingOrder {index:4;}">
                <Coords points="598,1230 2679,1172 2729,1090 595,1144"/>
                <Baseline points="612,1207 717,1205 822,1202 927,1200 1033,1197 1138,1195 1243,1192 1348,1189 1454,1187 1559,1184 1664,1181 1769,1178 1875,1174 1980,1171 2085,1168 2190,1164 2296,1161 2401,1157 2506,1152 2611,1149 2717,1145"/>
                <TextEquiv>
                    <Unicode>Taufe zu heben, seiner Pflicht bewusst. Man hatte das Orchester</Unicode>
                </TextEquiv>
            </TextLine>
            <TextLine id="r1l6" custom="readingOrder {index:5;}">
                <Coords points="606,1335 2672,1329 2832,1304 2829,1181 603,1231"/>
                <Baseline points="620,1316 729,1315 839,1313 949,1311 1059,1308 1169,1306 1278,1303 1388,1300 1498,1297 1608,1294 1718,1291 1827,1287 1937,1285 2047,1281 2157,1278 2267,1275 2376,1272 2486,1269 2596,1266 2706,1264 2816,1261"/>
                <TextEquiv>
                    <Unicode>vegrössert, man gab sich viel Mühe die Viener Stimmung der Tornure</Unicode>
                </TextEquiv>
            </TextLine>
            <TextLine id="r1l7" custom="readingOrder {index:6;}">
                <Coords points="600,1444 2742,1402 2784,1329 597,1332"/>
                <Baseline points="614,1423 721,1421 829,1419 937,1417 1045,1414 1152,1412 1260,1410 1368,1408 1476,1406 1583,1403 1691,1401 1799,1398 1907,1396 2014,1394 2122,1391 2230,1389 2338,1386 2445,1383 2553,1380 2661,1377 2769,1374"/>
                <TextEquiv>
                    <Unicode>Zeit hervorzuzaubern und die Schauspieler nahmen ihre Aufgabe un¬</Unicode>
                </TextEquiv>
            </TextLine>
            <TextLine id="r1l8" custom="readingOrder {index:7;}">
                <Coords points="596,1546 2759,1519 2756,1419 2499,1396 593,1445"/>
                <Baseline points="611,1538 717,1535 824,1532 930,1529 1037,1526 1144,1524 1250,1521 1357,1518 1463,1516 1570,1513 1677,1510 1783,1508 1890,1505 1996,1502 2103,1499 2210,1497 2316,1494 2423,1491 2529,1488 2636,1485 2743,1482"/>
                <TextEquiv>
                    <Unicode>geheuer ernst. do zur hinreissende Ensembhekunst vie die damals</Unicode>
                </TextEquiv>
            </TextLine>
            <TextLine id="r1l9" custom="readingOrder {index:8;}">
                <Coords points="604,1648 2798,1601 2460,1512 603,1570"/>
                <Baseline points="620,1644 728,1641 836,1639 944,1637 1053,1635 1161,1634 1269,1632 1377,1631 1486,1630 1594,1628 1702,1627 1810,1625 1919,1623 2027,1621 2135,1619 2243,1616 2352,1613 2460,1610 2568,1606 2676,1602 2785,1596"/>
                <TextEquiv>
                    <Unicode>in Jom fru buret — von so einem Erfolg träumte vohl das Theater —</Unicode>
                </TextEquiv>
            </TextLine>
            <TextLine id="r1l10" custom="readingOrder {index:9;}">
                <Coords points="602,1767 738,1789 786,1759 1175,1774 1173,1653 1121,1645 1061,1675 1011,1648 864,1648 600,1692"/>
                <Baseline points="617,1751 644,1751 671,1751 698,1751 725,1750 752,1750 779,1750 806,1749 833,1749 860,1748 888,1747 915,1747 942,1746 969,1745 996,1745 1023,1744 1050,1743 1077,1742 1104,1741 1131,1740 1159,1739"/>
                <TextEquiv>
                    <Unicode>sah man nichts.</Unicode>
                </TextEquiv>
            </TextLine>
            <TextLine id="r1l11" custom="readingOrder {index:10;}">
                <Coords points="867,1880 2880,1883 2878,1791 2292,1703 1769,1780 1382,1710 864,1768"/>
                <Baseline points="881,1863 980,1861 1079,1859 1178,1857 1277,1855 1376,1853 1475,1851 1575,1848 1674,1846 1773,1844 1872,1842 1971,1840 2070,1838 2169,1836 2269,1833 2368,1831 2467,1829 2566,1827 2665,1825 2764,1824 2864,1822"/>
                <TextEquiv>
                    <Unicode>Aber allen Respekt vor Erlins Schröder. Fr ver der netteste</Unicode>
                </TextEquiv>
            </TextLine>
            <TextLine id="r1l12" custom="readingOrder {index:11;}">
                <Coords points="615,2006 2830,1975 2828,1874 2712,1844 613,1894"/>
                <Baseline points="629,1976 738,1973 847,1970 956,1968 1066,1965 1175,1963 1284,1961 1393,1959 1503,1957 1612,1956 1721,1954 1830,1953 1940,1951 2049,1950 2158,1948 2267,1947 2377,1945 2486,1943 2595,1941 2704,1938 2814,1936"/>
                <TextEquiv>
                    <Unicode>Wiener Leutnant und währ end seiner grossen Arie hatte er vehrhaft</Unicode>
                </TextEquiv>
            </TextLine>
            <TextLine id="r1l13" custom="readingOrder {index:12;}">
                <Coords points="618,2099 2847,2093 2845,1986 2447,1952 616,2007"/>
                <Baseline points="632,2080 742,2078 852,2076 962,2075 1072,2073 1182,2071 1292,2070 1402,2068 1512,2067 1622,2065 1732,2063 1842,2062 1952,2060 2062,2058 2172,2056 2282,2055 2392,2053 2502,2051 2612,2049 2722,2046 2833,2044"/>
                <TextEquiv>
                    <Unicode>internationalen Schnitt - ebenso Else Jarlbak, welche reizend sang</Unicode>
                </TextEquiv>
            </TextLine>
            <TextLine id="r1l14" custom="readingOrder {index:13;}">
                <Coords points="632,2210 2731,2176 2729,2093 2380,2070 630,2126"/>
                <Baseline points="646,2192 749,2191 852,2189 956,2187 1059,2186 1163,2184 1266,2182 1370,2181 1473,2179 1577,2177 1680,2176 1783,2174 1887,2172 1990,2170 2094,2168 2197,2167 2301,2164 2404,2162 2508,2161 2611,2158 2715,2156"/>
                <TextEquiv>
                    <Unicode>und tatsächlich an eine Tagero-Typie als alter Zeit erinnerte,</Unicode>
                </TextEquiv>
            </TextLine>
            <TextLine id="r1l15" custom="readingOrder {index:14;}">
                <Coords points="635,2320 2774,2252 2580,2166 634,2245"/>
                <Baseline points="648,2300 753,2299 859,2298 964,2297 1070,2295 1176,2293 1281,2291 1387,2289 1493,2287 1598,2285 1704,2283 1810,2281 1915,2279 2021,2277 2127,2275 2232,2273 2338,2272 2444,2271 2549,2270 2655,2270 2761,2269"/>
                <TextEquiv>
                    <Unicode>dann Klarg Oestö deren Launez und Natürlichkeit nit jeder Volle</Unicode>
                </TextEquiv>
            </TextLine>
            <TextLine id="r1l16" custom="readingOrder {index:15;}">
                <Coords points="620,2415 2878,2380 2877,2322 2548,2278 619,2335"/>
                <Baseline points="634,2409 745,2406 857,2404 968,2402 1080,2400 1191,2398 1303,2396 1414,2394 1526,2393 1637,2391 1749,2389 1860,2388 1972,2386 2083,2384 2195,2383 2306,2381 2418,2379 2529,2377 2641,2376 2752,2374 2864,2371"/>
                <TextEquiv>
                    <Unicode>die sie bekommt zunimmt und gestern abend ging uns allen die kleine</Unicode>
                </TextEquiv>
            </TextLine>
            <TextLine id="r1l17" custom="readingOrder {index:16;}">
                <Coords points="632,2543 2722,2493 2640,2423 2249,2453 2132,2395 630,2437"/>
                <Baseline points="645,2521 748,2520 851,2518 954,2517 1057,2515 1160,2513 1263,2511 1366,2509 1469,2507 1572,2504 1676,2502 1779,2500 1882,2498 1985,2496 2088,2494 2191,2492 2294,2491 2397,2489 2500,2488 2603,2488 2707,2487"/>
                <TextEquiv>
                    <Unicode>Mitzi Schlager zu Herzen - aber schliesslich und endlich noch</Unicode>
                </TextEquiv>
            </TextLine>
            <TextLine id="r1l18" custom="readingOrder {index:17;}">
                <Coords points="625,2648 2693,2626 2819,2604 2818,2529 623,2544"/>
                <Baseline points="640,2631 748,2630 856,2629 964,2628 1073,2626 1181,2624 1289,2621 1398,2618 1506,2615 1614,2612 1723,2609 1831,2607 1939,2604 2047,2602 2156,2601 2264,2599 2372,2599 2481,2599 2589,2600 2697,2602 2806,2605"/>
                <TextEquiv>
                    <Unicode>Holger Renberg, der als alter Geiger Menschlichkeit darstellt in¬</Unicode>
                </TextEquiv>
            </TextLine>
            <TextLine id="r1l19" custom="readingOrder {index:18;}">
                <Coords points="628,2763 1899,2766 2073,2723 2072,2628 627,2685"/>
                <Baseline points="641,2738 711,2739 782,2739 853,2739 924,2738 995,2737 1066,2736 1137,2735 1208,2733 1279,2732 1350,2730 1420,2728 1491,2726 1562,2725 1633,2723 1704,2722 1775,2721 1846,2720 1917,2719 1988,2719 2059,2719"/>
                <TextEquiv>
                    <Unicode>mitten all den Operettensentimentalitäten.</Unicode>
                </TextEquiv>
            </TextLine>
            <TextLine id="r1l20" custom="readingOrder {index:19;}">
                <Coords points="1114,2869 1508,2873 1620,2837 1681,2870 1908,2839 2177,2873 2271,2831 2270,2779 2146,2764 1842,2796 1274,2763 1222,2796 1112,2762"/>
                <Baseline points="1128,2840 1184,2838 1240,2837 1297,2836 1353,2835 1410,2834 1466,2833 1522,2833 1579,2832 1635,2832 1692,2831 1748,2831 1804,2830 1861,2829 1917,2829 1974,2828 2030,2827 2086,2827 2143,2825 2199,2824 2256,2823"/>
                <TextEquiv>
                    <Unicode>Ein anmutiges Talent im Schwunge</Unicode>
                </TextEquiv>
            </TextLine>
            <TextLine id="r1l21" custom="readingOrder {index:20;}">
                <Coords points="928,2996 1976,2940 2343,2990 2802,2925 2801,2839 1964,2906 1301,2853 927,2921"/>
                <Baseline points="941,2955 1033,2954 1125,2952 1217,2950 1310,2949 1402,2947 1494,2945 1587,2943 1679,2942 1771,2940 1864,2939 1956,2937 2048,2936 2140,2935 2233,2934 2325,2933 2417,2932 2510,2931 2602,2930 2694,2930 2787,2929"/>
                <TextEquiv>
                    <Unicode>Mogens Damm gehört offenbar zu den richtigen Operetten¬</Unicode>
                </TextEquiv>
            </TextLine>
            <TextLine id="r1l22" custom="readingOrder {index:21;}">
                <Coords points="631,3101 2848,3074 2891,3010 2083,2944 630,3035"/>
                <Baseline points="646,3073 757,3071 869,3069 980,3067 1092,3065 1203,3063 1315,3060 1426,3058 1538,3056 1649,3053 1761,3051 1873,3049 1984,3048 2096,3046 2207,3045 2319,3044 2430,3043 2542,3043 2653,3043 2765,3043 2877,3044"/>
                <TextEquiv>
                    <Unicode>freunden, denn er brachte sein anmutiges Talent in vollen Schwung,</Unicode>
                </TextEquiv>
            </TextLine>
            <TextLine id="r1l23" custom="readingOrder {index:22;}">
                <Coords points="644,3191 2654,3191 2907,3161 2906,3103 642,3116"/>
                <Baseline points="658,3179 769,3177 881,3176 993,3174 1105,3172 1216,3170 1328,3168 1440,3165 1552,3163 1663,3161 1775,3159 1887,3156 1999,3154 2110,3152 2222,3150 2334,3148 2446,3146 2557,3145 2669,3143 2781,3141 2893,3140"/>
                <TextEquiv>
                    <Unicode>als er die Uebersetzung vornahm. Emanue1 Gregers muss für die Insze¬</Unicode>
                </TextEquiv>
            </TextLine>
            <TextLine id="r1l24" custom="readingOrder {index:23;}">
                <Coords points="638,3313 2870,3287 2868,3187 2735,3177 637,3244"/>
                <Baseline points="653,3287 763,3286 873,3285 983,3284 1093,3283 1203,3281 1313,3279 1423,3277 1533,3275 1643,3272 1754,3270 1864,3268 1974,3266 2084,3264 2194,3262 2304,3259 2414,3257 2524,3256 2634,3254 2744,3253 2855,3252"/>
                <TextEquiv>
                    <Unicode>nierung gelobt werden. Der alte Heurigenfreund Karl Lund für seine</Unicode>
                </TextEquiv>
            </TextLine>
            <TextLine id="r1l25" custom="readingOrder {index:24;}">
                <Coords points="648,3425 2719,3402 2871,3379 2870,3302 647,3351"/>
                <Baseline points="663,3397 772,3397 882,3397 992,3396 1101,3394 1211,3393 1321,3391 1430,3389 1540,3386 1650,3384 1760,3381 1869,3379 1979,3377 2089,3374 2198,3372 2308,3371 2418,3369 2527,3368 2637,3368 2747,3368 2857,3368"/>
                <TextEquiv>
                    <Unicode>Dekorationen. Holger Bjerre für die Tänze, Kai Rosenberg mit etvas</Unicode>
                </TextEquiv>
            </TextLine>
            <TextLine id="r1l26" custom="readingOrder {index:25;}">
                <Coords points="647,3577 824,3502 2691,3517 2810,3446 2079,3451 1911,3385 644,3439"/>
                <Baseline points="659,3510 765,3508 872,3506 979,3504 1086,3502 1193,3500 1299,3498 1406,3496 1513,3494 1620,3492 1727,3491 1833,3489 1940,3487 2047,3485 2154,3483 2261,3481 2367,3479 2474,3477 2581,3475 2688,3473 2795,3470"/>
                <TextEquiv>
                    <Unicode>mehr Zurückhaltung für die Leitung des Orchester-————- und lasst</Unicode>
                </TextEquiv>
            </TextLine>
            <TextLine id="r1l27" custom="readingOrder {index:26;}">
                <Coords points="645,3683 2090,3595 2871,3630 2870,3546 1942,3502 644,3576"/>
                <Baseline points="658,3618 767,3615 877,3612 987,3610 1097,3609 1207,3607 1317,3605 1426,3604 1536,3603 1646,3602 1756,3601 1866,3599 1976,3598 2086,3597 2195,3595 2305,3593 2415,3591 2525,3589 2635,3586 2745,3582 2855,3579"/>
                <TextEquiv>
                    <Unicode>uns zum Schluss Karl Strakosch preisen, der Kopenhagen eine inter¬</Unicode>
                </TextEquiv>
            </TextLine>
            <TextLine id="r1l28" custom="readingOrder {index:27;}">
                <Coords points="636,3759 2969,3712 2939,3646 1997,3605 635,3681"/>
                <Baseline points="651,3726 766,3725 881,3724 996,3723 1111,3721 1226,3719 1341,3718 1457,3716 1572,3714 1687,3713 1802,3710 1917,3709 2032,3707 2147,3705 2263,3704 2378,3702 2493,3701 2608,3700 2723,3699 2838,3698 2954,3697"/>
                <TextEquiv>
                    <Unicode>nationale Urauf führung nach der anderen verachafft. Ueber das Schick¬</Unicode>
                </TextEquiv>
            </TextLine>
            <TextLine id="r1l29" custom="readingOrder {index:28;}">
                <Coords points="650,3880 2900,3868 2898,3762 2773,3709 649,3803"/>
                <Baseline points="664,3838 775,3837 886,3835 997,3834 1108,3833 1219,3831 1330,3829 1441,3827 1552,3826 1663,3823 1774,3821 1885,3819 1996,3817 2107,3815 2218,3813 2329,3811 2440,3809 2551,3808 2662,3806 2773,3804 2884,3802"/>
                <TextEquiv>
                    <Unicode>sal des Stückes lässt sich schwer sprechen .. aber wir sind durch¬</Unicode>
                </TextEquiv>
            </TextLine>
            <TextLine id="r1l30" custom="readingOrder {index:29;}">
                <Coords points="649,3990 2964,3943 2963,3868 1978,3832 648,3903"/>
                <Baseline points="664,3948 778,3948 892,3947 1006,3945 1121,3943 1235,3941 1349,3939 1463,3937 1578,3935 1692,3932 1806,3930 1920,3928 2035,3927 2149,3925 2263,3924 2377,3923 2492,3923 2606,3923 2720,3924 2834,3926 2949,3929"/>
                <TextEquiv>
                    <Unicode>aus geneigt, die Operettenfreunde für die absoluten Sieger zu halten</Unicode>
                </TextEquiv>
            </TextLine>
            <TextLine id="r1l31" custom="readingOrder {index:30;}">
                <Coords points="1625,4051 1893,4084 2079,4043 2078,3977 2029,3975 1995,3999 1917,3985 1854,4001 1828,3984 1736,3997 1701,3969 1623,3988"/>
                <Baseline points="1638,4043 1663,4045 1688,4046 1713,4046 1738,4046 1763,4046 1789,4046 1814,4045 1839,4045 1864,4044 1889,4043 1914,4042 1940,4042 1965,4041 1990,4040 2015,4040 2040,4040 2066,4039"/>
                <TextEquiv>
                    <Unicode>Jörgen Bast</Unicode>
                </TextEquiv>
            </TextLine>
            <TextEquiv>
                <Unicode>Liebelei
5. Serezer box 13/6
Nas geschehenaz. var
Das Theater war durch seine Nahl eine Weltoperette aus der
Taufe zu heben, seiner Pflicht bewusst. Man hatte das Orchester
vegrössert, man gab sich viel Mühe die Viener Stimmung der Tornure
Zeit hervorzuzaubern und die Schauspieler nahmen ihre Aufgabe un¬
geheuer ernst. do zur hinreissende Ensembhekunst vie die damals
in Jom fru buret — von so einem Erfolg träumte vohl das Theater —
sah man nichts.
Aber allen Respekt vor Erlins Schröder. Fr ver der netteste
Wiener Leutnant und währ end seiner grossen Arie hatte er vehrhaft
internationalen Schnitt - ebenso Else Jarlbak, welche reizend sang
und tatsächlich an eine Tagero-Typie als alter Zeit erinnerte,
dann Klarg Oestö deren Launez und Natürlichkeit nit jeder Volle
die sie bekommt zunimmt und gestern abend ging uns allen die kleine
Mitzi Schlager zu Herzen - aber schliesslich und endlich noch
Holger Renberg, der als alter Geiger Menschlichkeit darstellt in¬
mitten all den Operettensentimentalitäten.
Ein anmutiges Talent im Schwunge
Mogens Damm gehört offenbar zu den richtigen Operetten¬
freunden, denn er brachte sein anmutiges Talent in vollen Schwung,
als er die Uebersetzung vornahm. Emanue1 Gregers muss für die Insze¬
nierung gelobt werden. Der alte Heurigenfreund Karl Lund für seine
Dekorationen. Holger Bjerre für die Tänze, Kai Rosenberg mit etvas
mehr Zurückhaltung für die Leitung des Orchester-————- und lasst
uns zum Schluss Karl Strakosch preisen, der Kopenhagen eine inter¬
nationale Urauf führung nach der anderen verachafft. Ueber das Schick¬
sal des Stückes lässt sich schwer sprechen .. aber wir sind durch¬
aus geneigt, die Operettenfreunde für die absoluten Sieger zu halten
Jörgen Bast</Unicode>
            </TextEquiv>
        </TextRegion>
    </Page>
</PcGts>
