3484 4224
484 155 817 229 iebelei
279 148 928 262 5. Ka. n
981 151 1423 260 box 11/1
1481 430 1954 528 Telephon 122801.
1106 513 2325 627 Alex. Weigl’s Unternehmen für Zeitungs-Ausschnitte
2107 581 2332 653 Ausschnitt
1923 611 2056 693 4
1872 611 1914 686 7
1342 629 2023 744 „OBSERYEN
2152 638 2409 728 Nr. 52
985 716 2439 814 I. österr. behördl. conc. Bureau für Zeitungsberichte u. Personalnachrichten
1227 785 2230 873 Wien, IX/1, Türkenstrasse 17.
1398 853 2050 925 Filiale in Budapest: „Figyelö“ —
998 918 2427 1002 Vertretungen in Berlin, Chicago, Genf, London, Newyork, Paris, Rom, Stockholm.
1000 1057 1530 1156 Ausschnitt aus:
1610 1050 2306 1158 Revalsche Zeitung
1002 1168 1628 1292 So. 1/71 10
1401 1377 1938 1489 Cageschronik.
1182 1475 2198 1551 Theater. Die mit bem Vortrage der Kaiser¬
1139 1510 2198 1606 hymne eingeleitete gestrige Festvorstellung brachte
1141 1565 2206 1651 Arthur Schnitzlers vor Jahren hier bereits
1143 1617 2212 1691 gegebene „Liebelei“ mit gutem Erfolge zur
1151 1671 2193 1734 Wiederaufführung. Mit unverhohlenem Interesse
1146 1727 2203 1797 verfolgten die zahlreich erschienenen Zuschauer Freud
1153 1756 2217 1847 und Leid einer in charakteristisch gezeichnetem Miliemn
1160 1828 2201 1890 sich abspielenden Herzenstragödie, die uns vor Augen
1158 1872 2207 1940 führt, daß es auch unter den sogenannten „süßen
1151 1916 2214 1984 kleinen Mädeln“ Vollweib-Naturen giebt, für deren
1007 1949 1123 2037 Für
1136 1964 2416 2028 Untergang der Gegenstand ihrer Neigung moralisch inelusive
2246 2028 2405 2071 Porto.
2205 2018 2251 2094 *
1135 2021 2209 2106 Iverantwortlich wird, falls er nicht bei Zeiten aus
1134 2067 2419 2135 5der zu wahrer Liebe entwickelten Liebelei die ehr- Zahlbar
2194 2098 2444 2161 Kim Voraus.
1048 2077 1113 2159 1
1110 2133 1173 2206 10
1046 2144 1108 2196 „
1156 2158 2461 2241 licher Weise gebotenen Consequenzen zieht. Hin=sitte ist das
1030 2220 1162 2278 Abonn
1160 2231 2476 2296 sichtlich des in diesem Stücke herrschenden Wiener stcht es den
2201 2248 2346 2327 ädern.
1017 2269 1182 2330 Abonng.
1161 2277 2192 2340 Dialects befand man sich insofern in einem Dilemma,
1160 2324 2465 2390 als jener einerseits in seiner Klangfarbe vorzüglich Isthaltend die
2211 2379 2461 2431 Morgen¬
1021 2371 2200 2439 Inhalt zu dem Sujet paßt, andererseits aber nicht im
2414 2403 2463 2460 5
2200 2409 2438 2468 ter Zeitung“
1032 2431 1157 2482 blät
1174 2417 2194 2488 Munde Jedes der Mitwirkenden sich gleicher Ver¬
2214 2454 2470 2505 thschaftliche
1026 2469 1164 2519 wodur
1175 2469 2195 2544 ständlichkeit erfreute. Im Uebrigen fügte sich das
2210 2493 2476 2557 Diese Mit¬
1020 2504 1173 2560 Leben
1032 2517 2199 2593 theilm gewissermaßen Miniatur-Verhältnisse und Vorgänge
1156 2567 2224 2632 behandelnde intime Schauspiel vortrefflich in den Rah¬
1162 2630 2223 2682 men unserer jetzigen Miniaturbühne und fandname#tlich
1159 2662 2233 2736 nach dem letzten Act dank der ausnehmend günstigen
1162 2716 2216 2787 Vertretung der Heldin lebhaften Anklang. Frl.
1156 2764 2215 2826 Helliots Christine stellte sich uns als ein, wohl
1154 2811 2225 2885 infolge der mangeinden mütterlichen Obhut auf Ab¬
1162 2864 2220 2925 wege gerathenes, aber im Grunde brav veranlagtes
1167 2914 2209 2985 junges Mädchen dar, das durch die schlichte Innig¬
1163 2951 2210 3030 keit seiner Neigung zu „Herrn Fritz“ rührte und
1157 2994 2215 3071 am Schluß durch seine Verzwetflung über die
1162 3051 2201 3120 schmähliche Täuschung, welche die edelstolzen Erwar¬
1168 3105 2215 3172 tungen hingebender Liebe erfahren haben, erschutterte.
1168 3159 2220 3220 Ton und Gebahren der Darstellerin in dieser Schluß¬
1171 3196 2200 3269 scene rissen die Zuschauer zu einmüthigem Beifalls¬
1164 3245 2217 3318 sturm hin. Ein wohlgetroffenes Gegenstück zu der
1161 3293 2222 3367 feinfühligen Christine w#r der lockere Vogel ohne
1166 3362 2216 3419 Scrupel und tieferes Empfinden, den Frl. Leß¬
1172 3402 2220 3476 müller als Mizi veranschaulichte. Charakter¬
1171 3436 2225 3511 schwach, aber echten Gefühls nicht unfähig gestaltete
1167 3491 2225 3573 Herr Becker=Alsen seinen Fritz. Den leicht¬
1170 3534 2207 3619 lebig tändelnden Theodor Kaiser gab Herr Ka###
1175 3584 2233 3664 mit Geschick. Eine vorzüglich charakterisirte Figur
1175 3624 2227 3702 war die „erinnerungslose“ Frau Binder des Frl.
1167 3689 2232 3775 Frey. Herr Albrecht that als rathloser Vater
1169 3738 2226 3806 sein Bestes und der als Rächer seiner Ehre erschie¬
1176 3782 2221 3865 nene Ehemann wurde von Herrn Groß in Auf¬
1171 3840 2006 3899 treten und Ton imponirend durchgeführt.
1211 3868 2227 3970 Die Regie des Herrn Albrecht bewährte sich
1166 3932 1761 4028 im Gesammteindruck bestens.
1971 3949 2216 4060 Th. Js
