3392 4224
398 178 700 246 iebele
207 172 1324 282 5. „1 box 11/1
733 1078 1196 1162 Ausschnitt aus
515 1327 1244 1414 Das Deutsche Blatt, Berlin
922 1562 1208 1642 31.10.03
357 1620 1524 1712 all. Das Schiller=Theater N. hatte gestern einen
291 1689 1511 1728 Schnitzler=Abend. Beide Stücke, die ernste „Lie elei“
297 1724 1525 1776 und die fröhliche „Literatur“ sind schon früher in Berlin
298 1767 1526 1819 geseden worden. Die erneute Bekanntschaft war aber eine an¬
298 1810 1520 1866 genehme; denn Schnitzler zählt zu den besten der modernen
293 1844 1523 1895 Theaterschriftsteller. Ein guter Beobachter der Gegensätze im
292 1881 1525 1937 äußeren und im Seelenleven ist er und weiß diese Kontrafte vor¬
278 1939 1514 1991 züglich durch Sprache und Milieu wiederzugeben. In der
281 1967 1521 2029 „Liebelei“ stehen so der Theodor und die Mizi, die beide das
278 2006 1515 2048 Leben von der heiteren Seite nehmen und nicht durch Nachdenken
278 2046 1521 2085 und Träumen in die dunkle Zukunft sich den Genuß verkümmern
281 2078 1512 2149 lassen, dem Fritz und der Christine gegenüber, denen banges
282 2119 1524 2185 Ahnen das Glück des Augenblicks und die Seligkeit der Liebe zer¬
272 2151 1508 2229 setzt. Wie wirkungsvoll ist dieser Theodor gezeichnet, der sich der
280 2209 1511 2258 Christine nur genähert hat, um durch diese Liebelei sich allmählich
279 2238 1509 2304 aus dem peinigenden Verhältnis zu einer verheirateten Frau zu
266 2274 1529 2344 lösen, und neben diesem zwiespältigen Menschen die Christine, die
277 2312 1507 2377 se einheitlich und fest in ihrer jugendlichen Leidenschaft steht, und
266 2348 1521 2408 schließlich ihr Vater, der arme Fiedeler, der das Recht der Jugend
267 2396 1522 2464 auf Glück anerkennt und in unendlicher Vaterliebe auch der irren¬
260 2443 1508 2496 den Jugend ein verzeihender Tröster ist. Diese letzte Rolle wurde
269 2474 1513 2545 von Pategg erschütternd und erbauend dargestellt. Else Wasa
274 2507 1504 2575 fand Töne stiller inniger Liebe und wilder Leidenschaftlichkeit,
266 2553 1518 2619 nur versagte ihr bei letzterer häufig der Wiener Dialekt. Bern¬
267 2588 1503 2661 hard Herrman als Theodor, Georg Paeschke als Fritz und Elisa¬
266 2630 1276 2680 heth Gußmann als Mizi führten ihre Rollen zu
1274 2643 1508 2702 lebendiger
261 2659 1509 2745 Wirkung. „Literatur“ stellt in lustigem, auch vor sehr Gewagtem
265 2712 1505 2780 nicht zurückschreckenden Plauderton die Welt des Aristokraten, der
263 2747 1504 2823 nur den Pferde= aber nicht den geistigen Sport für wohlanständig
271 2788 1504 2858 hält, der Welt des Bohème gegenüber, die sich über die Gesetze
264 2818 1495 2894 der Sitte hinwegsetzt und nur der „Individualität“ lebt. Da¬
273 2867 1499 2931 zwischen ist ergötzlich die Eifersucht der Schaffenden auf anderer
272 2910 1492 2970 Erfolge gemengt. Das fröhliche Stückchen wurde von Elisabeth
271 2942 1498 3011 Gußmann in einem wunderbar plastischen roten Reformkleid,
266 2988 1494 3054 von Bernhard Herrmann und Erich Ziegel mit flottem Humor
271 3012 1503 3096 heruntergespielt. Beide Stücke landen sehr lebhaften, wohlver¬
264 3051 592 3126 dienten Beifall.
1868 973 2356 1058 ——
2111 994 2631 1095 eisene Korrespondenten.
2409 1051 2810 1140 Teiephon: Ill. 3051
1920 1091 2282 1168 Berlin N. 24.
2169 1131 2679 1194 —
2158 1187 2619 1267 Ausschnitt aus
1841 1295 2875 1465 neue Preuseische Krou-Zeitung. Borin
2212 1436 2524 1561 21.10.03
2030 1639 2654 1753 Theater und M. sik.
2128 1732 2567 1810 Schiller=Theater N.
1834 1764 2967 1853 Im Schillertheater erlebt man zuweilen ieberraschungen ange¬
1714 1816 2979 1905 nehmster Art. Vor mehreren Jahren sah ich dort die beste Nora:
1727 1852 2989 1942 Gertrud Eysolt; am Donnerstag sah ich in der ersten Aufführung
2029 1905 2973 1958 nitzlers „Libelei“ die beste Christine: E.se
1732 1920 2000 1986 von Arthur S.
1728 1933 2986 2012 Wasa. Ich überschage rem#eg# ###Fahgkeit, die Christine gut
1728 1992 2975 2044 darzustellen. Schnitzlers Figuren sind alle mit richtigem Blick für
1734 2012 2980 2080 theatralische Wirksamkeit erfunden, und da die Charakterisierungskunst
1724 2055 2989 2116 des Verfassers niemals allzu tief gräbt, so ist die Verkörperung seiner
1729 2096 2982 2177 Menschen eine dankbare und auch Schauspielern von mittlerer Begabung
1740 2125 2990 2206 leicht lösbare Aufgabe; diesmal aber wurde die Teilnahme des Zu¬
1742 2177 3001 2240 schauers in besonders hohem Grade erregt dadurch, daß er sich einem
1747 2209 3001 2281 jener seltenen Fälle gegenübersah, wo die denkbar beste Leistung zu
1746 2244 2992 2323 stande kam durch die völlige Kongruenz der Persönlichkeit der Schau¬
1742 2290 2995 2360 spielerin mit der Persönlichkeit der Darzustellenden. Die Virtnosinnen
1740 2326 2999 2401 der Schauspielkunst, die Sorma, die Sandrock u. a., sie alle bringen
1740 2361 3005 2429 in den Charakter der Christine einen Tropfen fremden Blutes
2001 2402 2994 2488 schlichte Gemütsart des Mädchens aus dem¬
1740 2434 1907 2492 hinein;
2580 2437 2997 2499 wenig kompliziert;
2454 2458 2584 2512 zu
1914 2453 2454 2523 ist ihnen augenscheinlich
1742 2473 1888 2520 Volke
1746 2477 2998 2548 ihr technisches Geschick verlangt nach schwierigeren Auf¬
1745 2517 2999 2590 gaben, als sie die Darstellung einfachster Weiblichkeit in ihrem
1749 2558 2996 2633 ureigenen Triebe, in der bedingungslosen Hingabe an den geliebten
1754 2611 3003 2669 Mann, bietet. Else Wasa überließ sich ganz nuiv den Eingebungen
1756 2630 3004 2706 ihrer persönlichen und künstlerischen Eigenart, die in der Darstellung
1746 2691 3007 2761 jener Weiblichkeit stets Gutes geboten hat, und sie erreichte diesmal,
1865 2708 3008 2781 ihr die Rolle fasi mit jedem Worte entgegenkam,
1755 2749 1863 2788 100
2228 2749 2999 2813 sie weder von dieser Rolle noch
1756 2768 2184 2833 Wirkungen, wie ich
1754 2774 3020 2862 von dem ganzen Stücke für möglich gehalten habe. Aus de# vom
1764 2830 3016 2906 Verfasser bescheiden „Schauspiel“ betitelten Werke wurde im letzten
1750 2880 3019 2947 Akte eine Tragödie, deren erschütterndem Ausgange man mit langem.
1764 2907 3011 2984 von Minute zu Minute, von Wort zu Wort sich steigerndem Mitgefühl
1766 2942 3018 3015 entgegensah. Die Christine des letzten Aktes rechtfertigte auch die der
1757 2987 3010 3048 ersten beiden Akte, die manchem vielleicht allzu weich erschienen sein
1769 3043 3025 3094 mag. Nur bei einem Geschöpf, das unter Ausschaltung jeder Ver¬
1769 3040 3018 3136 standestätigkeit allein ihrer Gefühlsschwärmerei sich überläßt,
1769 3096 3022 3175 ist der tragische #us ing, den der Verfasser will, eine Notwendigkeit.
1769 3141 3014 3209 Den Geliebten Christinens gab Herr Päschke. Was bei seiner
1762 3186 3013 3257 Partnerin durchaus begründet war, das Uebermaß von Gefühl, ließ
1772 3218 3008 3287 sich für seine Rolle nicht rechtfertigen; er erschien gar zu sehr als
1768 3257 3020 3330 halt= und farbloser Träumer. Vortrefflich wurde das leichtsinnige
1768 3292 3016 3369 Liebespärchen von Herrn Herrmau und Fräulein Gußnann
1766 3334 3011 3416 gespielt, und eine außerordentlich feine Charakterstudie bot wie
1773 3368 3022 3455 gewöhnlich Herr Pategg als der warmherzige, vielleicht „allzu
1761 3432 2338 3495 menschliche“ Vater Christinens.
1893 3456 3030 3528 Auf „Liebelei“ folgte noch Schniglers kleine Planderei
1776 3511 3023 3568 „Literatur“, deren Cynismen in der sehr gewandten Darstellung
1765 3529 3031 3608 der Herren Herrmann und Ziegel und des Frl. Gußmann
1764 3573 3020 3643 zu charakteristischem Ausdruck kamen, bei der Mehrzahl des Publikums
2798 3611 2965 3663 L. C.
1773 3626 2345 3699 jedoch kein Verständnis fanden.
