3484 4256
487 159 729 235 Liebe
317 164 871 266 5. el
1007 164 1454 266 box 10/8
2108 53 2253 119 W
2084 102 3328 152 es uns nicht täglich, daß ein junges, unschuldiges schnitte ist das
2010 118 2076 174 Ir
1896 150 3332 206 Abonnen Mädchen seine erste Neigung für einen Mann so ich stcht es den
1887 177 3182 242 Abonnen ernst nimmt, während der Mann nichts weite ändern.
2081 254 3335 325 denkt als zu genießen, zu tändeln und sich wei enthaltend die
2075 278 3342 347 ter das Herz nicht zu beschweren? Wenn der fer Morgen¬
1891 318 3340 393 Inhaltst Dichter seinen Helden in dem Augenblicke, wo Wiener Zeitung“)
1899 369 2089 418 blätte
2090 382 3334 436 er ihn auf die Bühne bringt, unmittelbar vor die schaftliche Leben
1897 403 2073 453 wodurch
2081 408 3354 480 Katastrophe stellt, so liegt darin ein feiner Zug. ese Mittheilungen
1908 443 2069 494 des In¬
1902 474 2079 544 werden
2078 477 3036 550 Wir erkennen mit einem Schlage schon in den
2079 521 3029 591 ersten Scenen Fritz Lobheimers, des jungen Lebe¬
2078 564 3039 636 mannes, Charakter und Vergangenheit. Sein
2080 609 3043 676 Schicksal ereilt ihn, da der Mann, mit dessen
2072 656 3051 728 Frau er eine Liebelei unterhält, die Briefe findet
2084 707 3032 771 und ein Zweikampf folgt, in dem Fritz fällt. All
2080 765 3038 825 dies spielt aber hinter der Scene, so verlockend
2074 805 3037 852 es einem Anderen vielleicht geschienen hätte, eines
2082 844 3050 914 oder das andere davon auf die Bühne zu bringen.
2086 900 3040 950 Am Ende läßt uns aber das Schicksal des leicht¬
2079 949 3040 1011 sinnigen Mannes sehr kühl. Es ergeht ihm nicht
2089 1003 3048 1046 schlechter, als er es verdiente. Ganz etwas Anderes
2084 1040 3049 1097 ist es aber für das arme Töchterchen des Violin¬
2088 1078 3050 1142 spielers Hans Weiring vom Josephstädter Theater,
2088 1143 3039 1188 für Christine, die ihr ganzes Sein und Denken
2081 1182 3048 1244 an ihn hingibt. Sie ahnt es wol auch, daß sie nie
2074 1228 3041 1287 die Frau des reichen jungen Mannes werden wird,
2082 1277 3046 1338 aber was frägt die Liebe darnach? Himmelslust
2084 1321 3042 1386 und Höllenqual erfassen das Menschenherz, das
2083 1362 3047 1437 nun einmal — je unverdorbener, umso rettungs¬
2074 1428 3050 1476 loser — der Macht der Liebe verfällt. Wer wugte
2087 1465 3052 1530 es, einen Stein gegen sie aufzuheben? Freilich ist
2080 1516 3048 1571 die Welt, mit ihren Tausenden conventioneller
2087 1562 3050 1616 Lügen, gewohnt, das Mädchen zu verurtheilen
2073 1604 3043 1658 und den einzig Schuldigen gesellschaftlich
2084 1664 3040 1727 völlig unangetastet zu lassen. Christine, ein
2077 1691 3045 1766 vortrefflich gezeichneter Charakter, nimmt es
2076 1753 3048 1814 aber nicht so leicht, wie etwa ihre Freundin,
2091 1808 3039 1863 die Schlager Mizi, die jo weiß, daß es bei dem
2091 1849 3041 1918 von ihr unterhaltenen Verhältnisse einmal aus
2076 1893 3044 1949 sein wird. Frau Sorma spielte das arme
2088 1936 3057 2000 unglückliche Mädchen in ihrer unübertreff¬
2088 1988 3054 2058 lichen schlichten Art, ohne jedes Conventio¬
2078 2022 3048 2106 nelle der Bühnenproxis. Nicht eine Bühnen¬
2079 2081 3040 2149 gestalt bewegt sich vor uns, sondern nur
2087 2134 3061 2183 lebendige Wahrheit und Natürlichkeit. Der
2095 2174 3056 2247 Schlußact, da all ihre Innenwelt zusammenstürzt,
2093 2234 3044 2286 der Mann, den sie aus reinster Liebe geliebt, der
2090 2269 3055 2339 ihr Alles war, um einer Anderen Willen im Duell
2089 2310 3048 2392 gefallen ist, wirkte tief erschütternd. Das gestern
2089 2366 3056 2433 sehr gut besuchte Haus spendete der Künstlerin
2091 2425 3046 2488 stürmischen Beifall und rief sie nach jedem Act¬
2088 2467 3049 2516 schlusse unzähligemale. Das, wie gesagt, auf Wie¬
2090 2517 3054 2578 ner Boden, der dem sorglosen Leichtsinne beson¬
2092 2566 3064 2630 ders günstig ist, aufgebaute Schauspiel verlangt
2081 2609 3060 2679 auch in der Sprache eine Berücksichtigung der
2093 2648 3053 2729 mundartlichen Eigenthümlichkeiten. Frau Sorma
2090 2710 3044 2773 verfügt über so große Künstlergaben, daß sie das
2089 2749 3056 2815 Zuwenig in dieser Richtung nicht störend ver¬
2093 2802 3078 2871 missen läßt, während ihre Partner leider alle zu
2088 2853 3055 2920 sehr die Norddeutschen verriethen, ausgenommen
2088 2903 3053 2954 natürlich Fräulein v. Littiz, die gestern als
2083 2948 3072 3022 Mizi Schlager voll auf ihrem Platze war. Die junge.
2080 2991 3056 3069 Künstlerin, welche kurze Zeit dem Wiener Burgtheater.
2081 3039 3045 3107 angehörte und dem Triester Theaterpüblicum schon
2085 3089 3047 3155 von dem Gastspiele 1898 im Armonia=Theater
2096 3129 3053 3205 wolbekannt ist, war gestern ein echtes Wiener
2092 3191 3052 3250 Kind, wie man in Wien seit dem Erscheinen von
2099 3233 3052 3286 „Liebelei“ sagt, ein „süßes Mäd'!“. — Als Ein¬
2095 3276 3043 3351 leitung wurde der bekannte Einacter „Jephta's
2093 3328 3048 3393 Tochter“ von Felice Covallotti gegeben. Hier
2094 3378 3050 3445 konnte Frau Sorma wieder allen Reiz der
2096 3418 3048 3477 jungen Frau entwickeln, die es so glücklich und
2087 3480 3034 3535 so geschickt versteht, ihren Mann zu „erobern“
2083 3524 3032 3582 und aus den Fesseln der Frau zu befreien, die
2091 3551 3050 3625 ihn bis zu seiner Ehe in ihrer Gewalt hatte.
2095 3614 3030 3668 Reicher Beifall folgte dem hübschen Lustspiele,
2093 3666 3041 3725 das auch Gelegenheit bot, Frau Sorma in
2090 3707 3077 3787 einer prächtigen weißen Toilette, mit Application
2115 3758 3063 3841 geschmückt, zu bewundern. Auch Frl. v. Littiz,
2125 3821 3067 3877 die als Baronin Villalta recht gut secundirte, trug
2116 3868 3065 3930 eine sehr elegante schwarze Tullrobe mit Metall
2123 3910 3089 3984 gestickt. — Heute Abends wird Frau Sorma
2107 3957 3072 4039 in der Voß'schen Tragödie „Eva“ auftreten. H. H.
