3436 4224
318 158 702 227 Liebelei
844 159 1293 253 box 13/4
274 183 715 266 L 4 B B S A S A.
1274 971 1497 1034 I. Oesterr.
721 988 1613 1095 SialObservel benerel. konz.
872 1046 1604 1100 Büro für Zeitungsnachrichten
857 1073 1626 1165 WIEN I, WOLLZEILE 11
807 1164 1554 1305 Se urder Kachrichten, Hamburg.
1010 1279 1523 1370 26. MRZ. 1933
894 1397 1205 1502 „Liebelei.“
872 1484 1284 1559 Waterloo=Theater.
530 1520 1677 1601 Eine Großtat der modernen Technik: die Eisenbahn von
575 1585 1679 1633 atinien nach Chile, die den Atlantischen mit dem Großen
586 1625 1681 1682 verbindet und die Cordillere bis in die Schneehöhen über¬
594 1668 1677 1713 t, durch wunderbare Landschaften fährt, leitet die Auf¬
621 1703 1689 1770 ein; die Fox=Wochenschau läßt die Geschehnisse der
639 1738 1683 1781 Gegenwart miterleben, die gewaltigen Feiern der natio¬
656 1784 1680 1838 hebung in Potsdam und die Erdbebenverheerungen in
650 1815 1694 1878 n. Dann versinkt das Heute, und die Vergangenheit ge¬
650 1854 1683 1915 ben. Das alte kaiserliche Wien mit seinen lustigen
626 1890 1688 1948 ts, seinem bei aller Wiener Leichtfertigkeit doch strengen
590 1930 1680 1987 schaftsleben steigt auf in einem Drama, das vor mehr als
688 1963 1687 2025 chenalter großen Erfolg errang und auf allen Theatern
698 2009 1673 2085 rache schier unverwüstlich immer wieder gespielt wurde:
766 2048 1061 2099 rsLiebelei.
494 2045 566 2120 h
713 2057 1674 2140 Dag Stück heute noch auf der Bühne sehen kann?
452 2115 1680 2186 Jedenfalls hat ihm der Film mit seinen aus dem Kulissenrahmen
455 2159 1673 2204 befreite Nöglichkeiten frische Beweglichkeit gegeben und das
453 2200 1675 2254 empfindsame kurze Liebesidyll des Leutnants Fritz Lobheimer mit
439 2232 1682 2299 der Musikanten=Christel zu wirklichem Glück vor der Duellkata¬
448 2282 1673 2335 strophe erblühen lassen. Die lange Schlittenfahrt der beiden
453 2314 1671 2376 jungen Menschenkinder durch die dicht verschneiten Wälder um
449 2350 1671 2430 Wien mit Frohsinn und Zärtlichkeiten strahlt lichte Freude und
445 2380 772 2450 Schönheit aus.
514 2409 1681 2491 Der Gestaltung des Spiels geben tüchtige und namhafte Künst¬
443 2441 1682 2519 ler ihre Kräfte. Den symvathischen alten Musiker Weiring, der
443 2503 1680 2558 seinem Töchterlein alle Freiheit zu dem bißchen Lebens= und
448 2542 1672 2602 Liebesfreude läßt, verkörpert Paul Hörbiger mit feiner Charak¬
435 2587 1671 2631 terkunst, der Christine verleiht Magda Schneider zarte, schüch¬
453 2622 1674 2682 terne Mädchenhaftigkeit, besonders weiß sie die Befangenheit bei
442 2658 1675 2701 der Gesangsprobe, um die schon das unheilvolle Geschick sich wölkt,
441 2692 1675 2757 überzeugend auszudrücken. Ihre Freundin Mizzi spielt Luise Ull¬
443 2731 1671 2776 rich als unbekümmertes Leutnantsliebchen „fesch“ nach allen Rich¬
446 2772 1686 2825 tungen Die beiden Leutnants erhalten von Willi Eichberger
447 2804 1677 2867 und Wolfgana Liebeneier in Lust und Traaik einprägsame
443 2844 1676 2911 Züge, während Gustav Gründgens den Baron Eggersdorf mehr
439 2896 1672 2953 in der Maske eines geschmeidigen Hochstaplers als in der Wesens¬
484 2964 1690 3039 art des eifersüchtig seine häusliche Ehre verteidigenden Aristokraten
1684 2994 2914 3062 Leben vor sich zu haben. Manchmal ist man enttäuscht, man hatte
473 3001 1700 3084 darstellt. Zum Schluß konnten Willi Eichberger und Luise Ullrich
1693 3034 2915 3111 sich die Lieblinge des Publikums „so ganz anders vorgestellt".
491 3049 1691 3131 in Person den rauschenden Beifall des Hauses entgegennehmen,
481 3089 1371 3150 für den Eichberger mit einigen Worten dankte.
1687 3077 2921 3155 Nun, in unserem Falle begegnete man in Luise Ullrich einer
1514 3102 1672 3152 L. E.
1686 3125 2914 3196 frischen, reizvollen, jungen Schauspielerin, der man noch manche
544 3119 1696 3212 Magda Schnider stellt sich heute — Sonntag — den
477 3164 1411 3240 Besuchern des Wuterloo=Theaters persönlich vor.
1688 3167 2906 3241 gute Leistung zutraut. Und bestimmt werden wir sie bald wieder
1686 3201 2902 3291 in größeren Filmen sehen. Und dasselbe darf man freimütig
1683 3253 2904 3320 auch von Willi Eichberger bekennen. Luise Ullrich ist
550 3264 1685 3346 Bei einem Täßchen Tee im Palast=Hotel hatte man Gelegen¬
1683 3301 2901 3371 übrigens von früheren Bühnen=Gastspielen bei den Hamburgern
471 3313 2901 3396 heit, Luise Ullrich und Willi Eichberger persönlich kennen= keine Unbekannte mehr. Und wenn man gute Bekannte wieder¬
478 3359 2731 3457 zulernen. Es ist oft reizvoll, die Künstler der Flimmerwand im trifft, hat man bekanntlich guten Grund, sich zu freuen.
