3484 4256
809 153 1256 239 box 12/8
260 154 667 226 Liebelei
250 194 673 270 nnenenenenen aen
1566 814 2438 888 Man sieht mit halbem Staunen, wieviel gerad
1569 875 2445 936 in diesem Stück Schnitzler die Sprachmelodi
1570 907 2432 961 Wiens mitgedichtet hat — und wie fern es un
1568 954 2441 1017 ohne sie schon liegt. Womit nicht gesagt sein soll
1568 991 2138 1055 daß es uns mit ihr näher liegt.
1609 1038 2438 1090 Abgesehen hiervon hatte Herr Fehling aus
1562 1080 2441 1142 gezeichnete Arbeit geleistet. Er hatte die Menschei
1563 1127 2443 1176 in das Kostüm der neunziger Jahre gesteckt uni
1559 1156 2435 1216 bekam es fertig, das zeitlich noch Nahe tatsächlick
1564 1199 2437 1252 bereits historisch wirken zu lassen. Er hatte für der
1559 1235 2436 1278 jungen Herrn ein in der Stimmung sehr zeit¬
1558 1277 2433 1330 echtes Zimmer zurechtgebaut und fur Christin
1558 1319 2433 1367 auch: er hatte wieder die ganze Feinheit seine
1567 1348 2436 1404 akustischen Gliederung und Abstimmung auf
1556 1392 2432 1442 geboten — und als einzigen Anachronismu¬
1554 1425 2424 1471 Theodor am Klavier die Barcarole aus Hoff
1567 1461 2438 1524 manns Erzählungen erlaubt, die 1895 sicherlic
1556 1510 2430 1553 noch keine Mizzi hätte mitsingen können. Wenr
1551 1540 2436 1600 das Ganze trotzdem nicht historisch, sondern leicht
1554 1582 2443 1634 verstaubt wirkte, so lag das nicht an ihm, sondern
1550 1624 2452 1685 wie gesagt ein bißchen am Dialekt und ein bißchen
1548 1664 2390 1709 am Stück. Dreißig Jahre hält nicht vieles.
1608 1691 2441 1751 Christine war Frau Mannheim. Selbst
1555 1736 2447 1800 wenn man davon absieht, daß über der Gestalt
1565 1781 2445 1815 noch die Glorie des Gefühls schwebt, mit der Frau
1565 1816 2402 1861 Dorsch sie vor zwei Jahren überstrahlte: diese ge
1551 1853 2440 1907 löste südöstliche Weichheit liegt Frau Mannheim
1558 1891 2444 1950 nicht. Sie tut, was sie kann; es bleibt Tun und
1542 1916 2446 1997 bleibt damit Schauspiel und blaß. Und zwar nicht
433 1911 1412 1994 Deutsche Allgemeine Zeitung, Berlin
1548 1945 2176 2025 nur wegen des fehlenden Dialekts.
860 1982 1224 2072 1 5. Okt. 1925
1605 2009 2438 2060 Fast das gleiche gilt von dem Fritz des Herrn
1559 2048 2439 2100 Duschinsky. Es ist wahrscheinlich allerhand
1551 2091 2436 2147 Material vorhanden — es blieb unentfaltet. Und
1557 2125 2432 2184 das Wienerische fehlt hier auch ein bißchen im
747 2121 1427 2196 Dreißig Jahre „Liebelei“.
1554 2155 1762 2213 Aeußeren.
833 2178 1342 2258 Schiller=Theater.
1598 2201 2432 2252 Es fehlte auch Herrn Tiedtke als Vater
1543 2242 2439 2292 Weiring. Man soll einen Mann von seiner Kraft
684 2238 1530 2312 Am 9. Oktober 1895 ging Schnitzlers „Liebelei“
1555 2290 2429 2329 und Saftigkeit nicht in solche Wehleidigkeiten
644 2283 1529 2343 zum ersten Male im Burgtheater in Szene. Am
1558 2323 2429 2374 stecken wie diesen alten Musikus. Es ist schade
650 2332 1534 2381 14. Oktober 1925 kam das Drama im staatlichen
1551 2364 2372 2405 um die Kraft und der Rolle hilft es nichts.
642 2373 1530 2418 Schiller=Theater, von Herrn Fehling inszeniert,
1610 2396 2434 2440 Wirklich Wien und wirklich Oesterreich war
634 2413 1529 2456 swieder zur Aufführung — im inzwischen historisch
1555 2428 2428 2489 der Theodor des jungen Herrn Heinrich
642 2446 1528 2516 gewordenen Kostüm seiner Entstehungszeit. Eheu
1550 2477 2427 2523 Schnitzler, Papa Arthur kann sich bei dem
660 2490 1180 2541 fugaces, Postume, Postume
1555 2517 2423 2563 Sohn für die Hilfe bedanken. Frisch, ungehemmt,
697 2513 1519 2575 Es ist ganz reizvoll, daß Herr Fehling nach
1555 2558 2426 2606 naturlich spielt er den jungen Burschen und ver¬
671 2560 1529 2619 halbes „Jugend“ jetzt dieses Stück vor¬
1552 2590 2422 2642 dient den Beifall, den er findet. Neben ihm gleich
674 2599 1529 2644 nommen hat. Man konnte die Titel der beiden
1549 2629 2426 2669 echt die Frau Binder der Frau Sussin und die
628 2643 1524 2689 Kymödien vertauschen: ihre inneren Gesichter
1543 2666 2435 2715 Mizzi des Fräulein Paudler, die verblüffend gut
641 2681 1528 2723 aber sind so verschieden wie Nordosten und Süd¬
1548 2708 2440 2767 das historische Kostüm trug, während es bei Frau
637 2712 1529 2775 osten des Reichs. Mir liegt der Nordosten näher
1553 2745 2196 2791 Mannheim als Maskerade wirkte.
691 2758 1521 2814 und Hernn Fehling scheint's auch. Denn so
1596 2788 2429 2831 Vorher gab's die „Weihnachtsein¬
636 2789 1527 2840 westpreußisch Halbes „Jugend“ trotz Kampf mit
1325 2833 1520 2886 so wenig
630 2823 1249 2886 dem Dialekt noch geraten war
1549 2832 2445 2895 käufe“ aus dem Anatol. Sie waren überflüssig,
634 2873 1523 2929 wienerisch war dieser Schnitzler. Obwohl die
1548 2869 2351 2916 denn diese Literatur ist endgültig tot
635 2910 1444 2957 Regieleistung im übrigen ausgezeichnet war.
1556 2910 2427 2966 und sie waren schmerzlich, denn Frau
1538 2949 2424 2990 Lossen mußte die Dame spielen. Soll
695 2942 1513 2993 Zuweilen hatte man fast den Eindruck einer
628 2983 1515 3034 Absicht. Als ob das Wienerische verdrängt, das
1542 2985 2417 3027 das vielleicht eine würdige Beschäftigung für
632 3017 1521 3074 Allgemeine herausgehoben werden sollte. Dialekt
1550 3019 2420 3066 diese Frau sein, die seit undenklichen Zeiten in
638 3065 1515 3103 durften nur die Nebenrollen führen; die drei
1553 3057 2430 3118 dem Betrieb der Staatstheater keine Rolle mehr
625 3098 1518 3148 Hauptgestalten kamen norddeutsch, die Christine
1548 3105 2417 3151 bekommen hat? Das glaubt wohl weder Herr
639 3135 1517 3193 sowohl wie Vater Weiring und der Fritz. Für
1550 3144 2422 3187 Fehling noch Herr Jeßner — und darum wird
1539 3172 2428 3230 man ärgerlich, wenn man sieht, wie Wertvollstes
641 3180 1527 3236 Wien kämpften nur der Theodor und die Mizzi
626 3207 1050 3270 und die Frau Binder.
1536 3223 2417 3268 an Nichtigkeiten vergeudet wird. Den Anatol
695 3242 1526 3301 Man könnte einwenden: Wenn das Wiene¬
1540 3256 2417 3295 sprach Herr Faber, der auch Besseres verdient;
629 3294 1220 3344 rische nur im Dialekt liegt ...
1234 3287 1526 3346 Sein wir auf¬
1546 3295 2413 3343 er war so unwienerisch wie seine Pirtnerin, und
621 3324 1520 3375 richtig: zu 75 % liegt es darin. Streicht man die
1535 3332 2412 3400 das Ganze wirkte wie eine Mondänität fürs
636 3376 1518 3421 sprachlichen Wirkungen, so streicht man die
1543 3366 1830 3423 Schillertheater.
860 3400 1512 3466 — und die ist hier sehr viel. Ohne
1596 3388 2373 3462 Der Beifall am Schluß war sehr stark
628 3446 1517 3501 sie bleibt eigentlich nur noch der junge Herr ein
1545 3440 2430 3518 Fehling und die Schauspieler wurden immer
636 3482 1836 3537 bißchen südöstlich; das übrige verliert sein Gesicht. wieder gerufen.
2130 3481 2430 3547 Fechten
