3436 4352
403 145 782 219 Liebelei
226 143 812 267 5. Jn in enen K.
810 134 1353 239 box 10/1
1559 911 1696 999 785
917 1028 2312 1098 social Hilflose, und das Einzige, was uns bleibt, ist, unsere Ohnmacht
917 1091 1518 1153 mit einiger Würde zu tragen.
1034 1130 2301 1192 Vor einigen Jahren wurde bekanntlich in England eine bürger¬
922 1177 2312 1238 liche sociale Vereinigung unter dem sonderbaren Namen der Fabier ge¬
924 1236 2309 1286 gründet. Vielleicht würde das Wort minder willkürlich gewählt er¬
917 1284 2309 1335 scheinen, wenn man es auf Fabius Maximus Cunctator, den berühmten
925 1334 2318 1404 Zauderer, beziehen dürfte. Die Wartenden! Das ist ja in der That
925 1388 2300 1447 der tiefere Sinn der englischen „Fabians“ und mancher ihr nach¬
924 1427 2304 1488 gebildeten Verbindung, das ist auch der Sinn des Wiener socialwissen¬
928 1462 2313 1542 schaftlichen Bildungsvereines als Institution, wenn auch vielleicht nicht
915 1528 2317 1576 die Meinung der Mehrzahl seiner Mitglieder, und das muß der Sinn
920 1624 2315 1689 Warten im Bewußtsein, daß für uns vorläufig kein anderes Programm
912 1673 2306 1731 möglich ist, warten, nicht müßig und passiv, sondern lernend, beobachtend
922 1726 2319 1788 und uns selbst erziehend warten und indessen im Einzelnen so viel Gutes
919 1776 2302 1832 wirken, als die Gelegenheit erlaubt. Kämpfen wir immerhin für Re¬
926 1810 2316 1886 formen im Bereiche unseres Standes, sei es auch nur vorbereitend, nicht
921 1868 2304 1933 herbeiführend; gehen wir, obwohl keine Socialisten, politisch mit den
914 1918 2317 1977 Socialisten, ohne mit unserem Beistand sonderlich wichtig zu thun;
918 1961 2314 2028 arbeiten wir im Sinne der Volksaufklärung und inneren Mission, ohne
924 2011 2310 2070 darauf übermäßigen Werth zu legen, üben wir nach Vermögen Wohl¬
917 2063 2307 2116 thätigkeit, ohne von derlei viel zu erwarten. Unser Hauptziel aber sei,
912 2117 2316 2176 uns selbst zu rüsten mit Wissen, Einsicht und Kraft, um bereit zu sein,
926 2159 2305 2220 wenn einmal die Stunde kommt und uns alle in die Schranken ruft,
922 2210 2308 2266 um dann überzeugtes Bekenntniß ablegen zu können, nicht mit großen
912 2272 2321 2332 Worten in kleinen Collegenversammlungen, sondern mit dem Einsatz
910 2301 1904 2365 unseres ganzen Wesens vor einer werdenden Welt.
1046 2352 2306 2422 Es ist das keine glänzende Rolle; aber nicht die Rolle macht den
916 2416 2308 2468 Mann, sondern die Art, sie auszufüllen. Wir sehen den Idealtypus des
918 2456 2304 2519 jungen Akademikers von morgen vor uns: voll unermüdlichen, warm¬
926 2509 2311 2565 herzigen Interesses an allen Erscheinungen des modernen Lebens und
917 2562 2300 2611 voll thatkräftiger Sympathie für seine Opfer, aber unbestechlich in Em¬
912 2599 2311 2659 pfindung und Urtheil, unabhängig nach unten wie nach oben, nach links
914 2653 2313 2715 wie nach rechts, seinen Weg gehend, ohne auf Dank oder Beifall zu
912 2696 2313 2754 rechnen, unempfindlich gegen Hohn und Verdächtigung und collegialen
928 2744 2304 2801 Terrorismus, aber auch frei von Meinungsstolz und anmaßender Selbst¬
929 2796 2310 2850 sicherheit, emporgehalten durch eine einzige innere Befriedigung, das Be¬
913 2834 2321 2901 wußtsein seines tiefen Ernstes und der Reinheit seiner Motive. Vermißt
910 2895 2307 2946 man dabei das schöne jugendliche Feuer und die auflodernde, manchmal
912 2941 2320 2997 auch liebenswürdig irrende Phantasie? Es ist die Schuld der Zeit,
915 2989 1708 3059 wenn ihre Jugend — alt werden muß.
1234 3110 1996 3202 Oesterreichisches Theater.
1278 3245 1943 3335 Vom Repertoiremachen.
1021 3319 2302 3384 Wenn aus der Vermehrung der Theater Wiens Ersprießliches er¬
916 3372 2320 3438 wachsen soll, muß eine gründliche dramatische Arbeitstheilung durchgeführt
917 3430 2316 3513 werden. Das Revertoire der einzelnen Theater kann sich nur von einer
