3484 4256
286 165 686 236 Liebelei
797 167 1269 260 box 12/8
275 217 698 282 Seterererese tenseteretetetesenenrete
515 797 1218 935 gecne nansuefgaenden
355 858 1340 1035 E
412 1026 1292 1119 endasres ssursene ronesaussenmerr adae
411 1097 1286 1181 BERLIN SO 16, RUNGESTRASSE 22-24
315 1164 1352 1224 Bearbeitet die deutsche und ausländische Presse auch auf I##erate.
316 1215 1348 1264 Liefert Listen über geplante Bauten aller Art. Geschäftseröffnungen.
668 1256 986 1311 Festlichkeiten usw.
558 1355 1099 1466 Germania
558 1442 1108 1521 Abendausgabe — Berlin C. 2
598 1498 1067 1561 Ausschnitt aus der Nummer vom:
861 1553 1279 1649 & 78X1 1
499 1694 1207 1807 Deutsches Künstler-Theater.
330 1786 1311 1870 Schnitzler: „Liebelei.“ — Hartleben: „Die Lore.“
336 1838 1412 1904 Schnitzlers „Liebelei“, jenes echteste Wiener Stück, ganz
272 1883 1460 1933 taucht in die leichte Atmosphäre der Donausiadt, die Trag. #e
273 1922 1466 1985 vom süßen Mädel, erlehte gestern mit Käte Dorsch ihren großen
273 1962 1458 2025 Erfolg. Die Dorsch als Christine ist eines der ganz wenigen und
267 2002 1467 2081 ganz tiefech Theatererlebnisse. Ja, diese Christine liebt ihren Fritz
280 2064 1465 2112 aus vollept Hizen ohne Phrasenhaftigkeit, ohne Ueberschwang,
297 2094 1468 2148 ohne S#wärmeohne Sentimentalität. Diese Liebe ist ihr Leben,
1306 2124 1457 2172 ihrem
810 2128 1256 2192 Tod. Wenn sie
702 2134 806 2185 ihr
470 2139 611 2191 Leid
1146 2162 1462 2227 anschaut, dann
477 2168 1147 2238 die Stube tritt, wenn sie ihn
281 2172 477 2235 Fritz m
506 2199 1472 2263 ihr ein Leuchten, eine Wärme, eine strahlende
278 2241 1463 2297 ###schlichkeit aus, daß man bis ins Tiesste erschauert. Be¬
273 2286 1469 2359 zaubernd ist sie in ihrer schlichten, erquickenden Naivität, ihrem
278 2337 1471 2381 zarten Mädchentum, ihrer ergebenen Scheu und Zurückhaltung,
273 2368 1475 2419 dann plötzlich wieder evahaft zum Herzen des Geliebten vor¬
273 2408 1459 2465 dringend. Und wenn er sie abwehrt, dann erschrickt sie fast un¬
291 2436 1470 2508 merklich, und wie verhaltenes Zucken gleitet die Enttäuschung über
284 2478 1475 2548 sie hin. Gedämpft, in diskretester Abtönung vollendet sich die Tra¬
289 2513 1467 2579 gik, zunächst ein dämmerndes Ahnen und dann in Brutalität das
289 2573 1469 2624 Wissen: Der Geliebte ist um einer anderen willen im Duell gefallen.
287 2597 1481 2651 Ein markerschütternder Schrei entgellt ihrer Brust, entwurzelnd,
284 2643 1480 2708 furchtbarg wahnstunig, bis er in ein schluchzendes Nöcheln über¬
288 2696 1476 2761 geht. In diesem Schrei brach ein Herz. In dienn Schrei starb
287 2730 1476 2791 eine Seele, wurde eine Liebe gemordet. Das war nicht mehr Spiel
1273 2755 1480 2810 war das
290 2760 1271 2815 auf der Bühne, des war entsetzliches Urerlebnis, es
287 2803 1473 2856 Letzte. „Liebelei“ dieses flüchtige und flatternde Wort, erstorrte zur
301 2835 1483 2899 Grabinschrift, es bekam plötzlich Inhalt, es traf wie ein Keulen¬
295 2877 1474 2936 schlag, es wurde „zur großen, unverzeihlichen Sünde“, wie es in
300 2901 1490 2984 Ibsens „John Gabriel Borkmann“ heißt, „zur Sünde, die man
305 2949 1483 3020 begeht, wenn man das Liebesleben mordet in einem Menschen“
308 2985 1474 3064 Zur Klassizität hat Käte Dorsch das Stück emporgerissen. — Git
303 3028 1488 3107 waren auch die übrigen Mitspieler. Anton Edthofer vem
310 3070 1479 3130 Schicksal schon düster umwittert, Ernst Pröckl, der leichsiunige
301 3115 1530 3186 Lebestuhent, Ausgezeichnet war Adrienne Geßner als des —
318 3180 1499 3278 sypisch=süße Wiener Mädel, Marta Hartmann gab die alte
326 3232 1514 3322 Tratschen und Emil Lind, der auch für die Regie zeichnete, den
325 3278 1094 3378 im Lebensjoch resigniert gewordenen Vater.
401 3276 1504 3393 Es war ein Mißgriff, daß nun Hartlebens „Lore“, die Ge¬
326 3323 1511 3444 schichte vom abgerissenen Knopf, folgte. Diese Umstellung von
331 3363 1511 3482 tiefster Tragik zu Hartlebens auekdotischer Posse tat weh, ver¬
335 3422 1515 3523 langte Gewalt. Gewiß, auch hier war die Dorsch als frecher
332 3459 1516 3566 Racker sprühend und sprudelnd. Aber sie war vorher zu echt,
334 3489 1532 3608 als daß man wieder an ihr Schauspielertum erinm sein möchte.
334 3530 1570 3659 Walter Steinbeck war der von der Fußsohle bis zum Scheitel
2169 89 2892 215 geote scaverknhaden
2379 204 2502 281 E
2329 251 2390 298 8
2011 225 2405 347 A
2421 276 2519 350 2
2077 301 2946 410 enda##es eursens Teirunes-AusSesaurodae
2092 361 2948 469 BERLIN SO 16 RUNGESTRASSE 22-24
1998 422 3010 531 Bearbeitet die deutsche und ausländische Presse auch auf Inserate.
2005 470 3020 566 Liefert Listen über geplante Bauten aller Art. Geschättseröffnungen.
2336 527 2671 585 Festlichkeiten usw.
2092 613 2939 733 Neue Dreußische=Zeitung
2083 705 2961 798 (Kreuz=Zeituna) Abendausgabe: Berlin SW.-48
2279 758 2757 840 Ausschnitt aus der Nummer vom:
2512 818 2953 929 & 79K7.1929
2411 991 2773 1072 Kunstchronik.
2082 1044 3177 1117 Deutsches Künstlertheater. Schnitzlers „Ziebelei“ ist eine
2002 1095 3182 1162 Frührende Verhältnisgeschichte mit tränenreichem Ausgang.
2013 1140 3184 1187 Der sentimentale Stimmungszauber des versunkenen Wien ist
2003 1180 3190 1226 harüber gebreitet und tut seine Wirkung. Daß sie erschütternd
2010 1222 3184 1263 wäre, können wir nicht behaupten. Gefesselt hat das Milien der
2009 1249 3192 1316 noch gemüstoll dohinlebenden und träumenden Kaiserstadt mit
2016 1283 3196 1348 ihren MenzhenBuben und Mädeln, die das Schicksal ihrer
2005 1328 3196 1391 zweifellos Kragischen Motiven nicht entbehrenden Liebe erleiden.
2002 1369 3200 1437 Käte Dersch findet sich in die Rolle des aus der Einsamkeit
1997 1407 3195 1471 „wachenden, durch den Mann geweckten Mädels der Vorstadi
2001 1470 3194 1507 hinein. Sie gibt einen sentimentalen, grundgütigen Charakter,
2013 1488 3195 1547 Mutter und eines ohne Vorbehalt und Bedenken liebendes Kind
2019 1528 3183 1594 zugleich. Und doch — man spürt den Zwang der Schauspielerin,
2021 1571 3186 1626 ihr Temperament zügeln zu müssen. Dieses Temperament, das
2017 1614 3197 1657 losbricht in dem frischen, kecken Einakter „Lore“ von Otto Erich¬
2019 1641 3194 1685 Hartleben. Hier braucht sie auch nicht zu „wienern“, das ihr in
2021 1680 3199 1727 Schnitzlers Schauspiel trotz mancher Versuche nie gelingt. Und.
2017 1718 3188 1779 sprudeln kann sie und lachen, keck sein und doch lieb zugleich, daß
2009 1758 3198 1827 es eine Freude ist, ein besonderer Genuß, diesem Mädel als Käte
2014 1784 3197 1849 Dorsch auf der Bühne wieder zu begegnen. Denn wie vielen ist
2019 1844 3204 1892 sie schon über den Weg gelaufen, wie viele dürften doch in dieser
2013 1880 3198 1927 glücklichen Zeit einer vergangenen Epoche, von der der Einakter
2016 1915 3193 1963 ein trefflicheres, mit allen Nuancen ausgestattetes kulturhistorisches
2015 1953 3196 2008 Bild gibt, ihre Jugend verbringen. Und hier sprach die
2017 1987 3205 2036 sprudelnde Lebensfreude und Jugendlust des Dichters Otto Erich
2016 2029 3203 2082 Hartleben zu uns selbst. Befreiendes Lachen schwingt sich aus
2017 2085 3211 2128 einer selbstquälerischen Zeit von jüngst vergangenen Tagen zurück.
2026 2092 3220 2162 Wir atmen für kurze Stunden auf und danken außer den Dichtern
2022 2151 2733 2210 den Darstellern und ihrer Kunst dafür.
2184 2301 2909 2394 ADOLE SCHUSTERMANN
2023 2336 3059 2493 ZETTUNGS-AUSSCHNITTE
2210 2444 2867 2522 Größtes deutsches Zeitungs-Ausschnitt-Büro
2206 2498 2888 2581 Berlin SO 16, Rungestr. 22/24
2156 2566 3030 2677 orntetenuseeungeneseeesunestseisasetsenscemngemnenhigeunenachnnemanpeseunmanmananng.
2450 2776 2987 2887 auren
2203 2825 2642 2913 1# K
2368 2887 2763 2953 Berliner Volksblatt
2120 2903 3013 2998 Zentralorgan der Sozialdemokratischen Partei Deutschlands
2443 2993 2990 3080 Morgen- Ausgabe Nr. ##e ue
2122 3024 2604 3122 Ausschnitt aus der Abend¬
2336 3108 2438 3190 ne
2544 3093 3000 3224 3 10K216
2117 3131 2248 3198 vom
2036 3191 3177 3279 „Kite Dorsch als süßes Wiener Mädel und Berliner Range.
1962 3240 3179 3324 Men spielt die „Liebelei“ Schnitzlers und Otto Erich Hartlebens
1975 3276 3183 3337 mtiges „Lore“=Dramulett im Künstlar=Theater, damir Käte
1970 3310 3179 3391 Dorsch zu Rollen kommt. Die Zartheit, die Molligkeit, die merk¬
1972 3346 3179 3411 würdige Gebrochenheit ihrer Stimme, wenn sie tragisch umsinkt, die
1978 3395 3175 3457 Lieblichkeit ihres Blickes, wenn sie sich anschmiegt, das große die
1980 3426 3180 3488 Schmerzenbewigkeit absuchende Auge, wenn sie dem Tod begegnet,
1980 3483 3182 3533 das sind Tugenden, die von ihrer Künstlerschaft bewältigt werden.
1962 3516 3188 3569 Aber man mutes ihr zu, die Natur in Dressur zu verwandeln. Sie
1967 3546 3194 3616 soll an einen Abend ihren ganzen Schatzkasten auskramen. Sie
1963 3579 3189 3667 ssoll nach denzstragsschen Fähigkeiten auch noch ihre Operettenlustig¬
1967 3632 3191 3690 keiten zeigen und nach dem betrübtesten Mädchen das kesseste sein.
1973 3659 3176 3722 Derartige Ausnutzung schadet natürlich. Die Künstlerin übertreibt,
1980 3700 3196 3772 die wird sentimental, wo sie nur weichherzig sein müßte, sie wird
1978 3746 2981 3806 Posse, wo eine fröhliche Heiterkeit überschnappen müßte.
2055 3763 3184 3836 Dabei ist etwas Herbstreif auf das Schnitzlersche Stück gefallen.
1964 3828 3193 3895 Man sieht heute, daß die schlimmen Ereignisse, die den Liebhaber im
1978 3865 3191 3925 Duell fallen lassen und dem süßen Mädel das letzte Zipfelchen der
1971 3890 3196 3963 Hoffnung entreißen, allzu scharf, allzu schnell nach der Zeitungs¬
1978 3930 3201 3989 chronik zusammengestellt worden sind. Die Dichtung lilt etwas dabei.
1974 3975 3200 4043 Hartlebens Ulk veraltete weniger, weil der Spott eigentlich mitten
1980 4010 3194 4084 in die Katerstimmung hineintritt, unter der wir heute grau werden.
3007 4044 3153 4102 M 6
