3436 4224
302 141 707 229 Liebelei
859 151 1288 244 box 13/8
170 126 709 267 6. 1
680 1255 1261 1354 EN PASSANT EN AUTRICHE
397 1276 516 1363 468
391 1343 1567 1430 l'affaire intéresse l’Europe entière. S’emparer de l'Au¬
391 1416 1579 1484 triche, c’est, pour I’Hitlérisine, non pas introduire dans la
394 1462 1570 1546 politique autrichienne des principes neufs, c’est assurer
388 1517 1310 1584 Thégémonie de l’Auemagne en Mittel-Europa.
435 1548 1555 1653 Si l’Allemagne ne cherchait pas à additionner brutale¬
394 1618 1567 1709 ment les six millions d’Autrichiens à ses soixante-cinq
398 1673 1564 1754 millions d’habitants, que se passerait-il? A cause de la
400 1751 1567 1804 commmnauté de langue et des affinités de plusieurs
396 1786 1555 1860 sortes qui unissent les Autrichiens aux Allemands, I'Au¬
393 1839 1568 1919 triche serait forcée de se mouvoir strictement dans l’or¬
391 1890 1567 1966 bite allemande, (un peu comnne la Belgique se tient dans
388 1950 1551 2029 la zone de l’influce française), et le parallélisme poli¬
391 1999 1572 2066 tique germano-autrichien, que les nazi ou naziphiles
404 2048 1571 2123 de Vienne se bornent aujourd'hui à réclamer, serait
403 2107 1550 2168 obtenu depuis deur ans. La ligne qu'aurait suivie I'Au¬
397 2163 1569 2217 triche, demeurée indépendante mais docile comme un
409 2212 1565 2286 satellite, aurait obéi davantage au cours naturel des
397 2269 1559 2334 choses que la ligne qu'elle a été contrainte de suivre,
405 2329 1563 2387 et qui passe par Rome (l’ennemic héréditaire pour cer¬
407 2374 1180 2452 tains Autrichiens), Paris et Londres.
433 2412 1568 2496 La mystique hitlérienne a faussé les rapports des
408 2478 1570 2552 choses, et, semble-t-i, à son désavantage. A cause d’un
397 2551 1574 2609 mot, l’Auschluss, à cause d'une ombre, I’Allemagne a perdu
402 2599 1565 2665 la proié, tandis que' si elle avait renoncé aux satisfac¬
413 2661 1571 2708 tions purement nominales de cet Auschluss, elle aurait en
403 2694 1582 2770 T’avantage d’un Auschluss de fait, mais respectant les
386 2757 731 2831 adres établis.
438 2777 1561 2863 Un bon témoin du drame austro-allemand résumait un
402 2860 1565 2920 jour ainsi devant moi sa pensée & L'Auschluss, c’est bien
407 2906 1567 2981 simple à comprendre: il y a une petite chaise de bal,
396 2968 1573 3030 TAutriche, et il y a une grosse dame qui vent s'asseoir
399 3020 1573 3101 dessus, I’Allemagne. Si i’Allemagne s’était contentée de
410 3076 1570 3150 placer la chaise dans son salon sans s'y asseoir, nul n’aurait
409 3133 1578 3208 trouvé à y redire, tandis que, maintenant, la chaise,
414 3183 1589 3259 aprés les accords de Rome et de Londres, se trouve rangée
402 3245 939 3331 dans le salon d’en face
2933 1222 3062 1316 469
2189 1220 2857 1321 EN PASSANT EN AUTRICHE
1928 1295 3056 1392 Quel avenir se prépare pour l’Autriche? Le Dollfussisme,
1885 1365 3041 1437 privé de son animateur, privé aussi de son premier
1894 1434 3055 1486 ennemi la social-democratie, ne peut vivre et combattre
1892 1475 3064 1543 la mystique hitlérienne qu'avec l’élan d’un autre mys¬
1895 1526 3064 1581 tique. L’idée corporative, fondement de la nouvelle
1899 1577 3058 1650 constitution, ne peut enthousiasmer la foule.. Le seul
1891 1625 3067 1698 foyer que peuvent ranimer les continuateurs de Dollfuss,
1900 1709 3059 1763 c’est le sentiment monarchiste, encore si puissant sur les
1902 1750 3064 1813 cceurs. Le président Miklas arrive en octobre au terme
1908 1790 3065 1847 de son mandat. Qui lui succédera? Larchiduc Eugène,
1912 1860 3060 1921 qui porte le nom der Habsbourg sans étre leur héritier
1908 1912 3064 1972 direct et dont la nomination ne saurait alarmer la
1912 1962 3062 2039 Petite-Entente comme le ferait celle de T’archiduc Otto,
1914 2026 3067 2078 est poussé à recueillir cette succession bien qu'il dit plus
1907 2060 3076 2133 de soixante-dix ans. L’acceptera-t-il? Ou bien le chef des
1914 2113 3063 2181 Heimwehren, le prince Starhemberg, deviendra-t-il une
1909 2164 3070 2243 sorte de Horthy autrichien? II est temps, en tout cas,
1905 2213 3083 2297 pour les grandes puissances d’avoir un peu d’imagination
1913 2282 3041 2352 ct de comprendre que la république autrichienne est
1918 2333 3041 2406 morte. On se ménagerait de cruelles surprises en croyant
1912 2380 3040 2449 qu'on peut indéfiniment interdire à l’Autriche à la fol
1914 2434 2976 2516 l’Auschluss et la restauration. La constitution de I
1926 2485 3030 2567 donnée au peuple 4 au nom de Dieu le tout-puissant
1914 2541 3075 2609 source dé tout droit ## ne parle encore que d’un e Etat¬
1911 2608 3071 2690 fédéral, chrétien et allemand s, mais il est manifeste que
1926 2654 3073 2725 cet Etat guette désormais l’occasion de trouver un roi
1928 2696 3069 2777 ou, à tout le moins, un régent. Un Dien, un roi, une lot:
1923 2754 3083 2826 Ainsi les Autrichiens conçoivent-ils la forme nouvelle de
1924 2810 3076 2872 leur patrie et ils nous déclarent: d Laissez-nous poser
1918 2859 3076 2960 la pierre du milieu, le pont n’en sera que plus solide. :
2400 2983 2982 3075 ROBERT DE SAINT JEAN.
