3436 4256
437 194 753 265 Liebele
258 189 1375 301 5. „1 box 12/2
977 955 1354 1046 Telephon 12801.
449 976 767 1033 Wenden!
1308 1047 1369 1112 6
432 1102 1311 1198 „ODSENVEK
508 1187 1295 1229 I. österr. behördl. konz. Unternehmen
442 1214 1368 1294 für Zeitungs-Ausschnitte und Bibliographien
499 1278 1337 1363 Wien, I. Concordiaplatz 4
729 1357 1109 1420 Vertretungen
443 1397 1377 1465 in Berlin, Budapest, Chicago, Christiania, Genf,
452 1441 1366 1519 Kopenhagen, London, Madrid, Mailand, Minne¬
462 1502 1376 1564 apolis, New-York, Paris, Rom, San Francisco,
650 1523 1171 1593 Stockholm, St. Petersburg.
672 1572 1160 1649 (Quellenangahe ohne Gewähr.)
449 1656 840 1726 Ausschnitt aus:
513 1724 1348 1820 Vossische Zeitung, Berlis
460 1776 796 1838 vom:1 U s
682 1826 771 1868 —
743 1843 1142 1926 Schiller=Theater 0.
367 1904 1562 1958 Mit der Aufführung von Arthur Schnitzlers Schauspiel
368 1955 1548 1990 Liebelei“ und seinem Einakter „Literatur“har das Schiller¬
352 1979 1549 2044 Theater die äußersten Endpunkte, innerhalb deren sich das Schaffen
347 2010 1565 2087 des Wiener Poeten bewegt, seinem Publikum vorgeführt und bei
347 2056 1566 2116 diesem volles Verständnis für die Eigenart des Dichters gefunden
352 2088 1567 2155 und sich abermals einen schönen Erfolg gesichert. So oft und an
351 2138 1554 2208 so vielen Bühnen „Liebelei“ auch gegeben worden ist, überall und
358 2178 1572 2245 immer wieder wird die schlichte Wahrheit des Vorgangs, das tragische
356 2224 1568 2275 Schicksal der beiden Hauptpersonen die Zuhörer ergreifen und er¬
361 2259 1567 2317 schüttern, und immer werden die Darsteller wenn nur ein Fünkchen des
349 2289 1564 2350 heiligen Feuers in ihnen glüht, von der Junigkeit und Echtheit der
360 2335 1574 2394 Empfindungen Christinens und ihres Liebsten selbst beseelt und zu
355 2381 1563 2445 künstlerischem Miterleben hingerissen werden. Dazu schwang sich im
351 2423 1564 2471 Schiller=Theater namentlich Frau Wasa auf. Für die stille innige,
372 2446 1576 2513 mädchenhafte Hingabe Christinens im ersten Akt, die stärker
359 2483 1572 2548 wirkende Leidenschaft im zweiten, und endlich die Verzweiflung
361 2539 1571 2598 über den Tod des Liebsten im dritten Akt fand Frau Wasa Töne
360 2567 1566 2620 von rührender Gewalt von überzeugender Junigkeit. Den Fritz gab
1329 2606 1582 2672 Empfindung
507 2606 1294 2661 Conrad Wiene. Auch er besitzt
366 2621 488 2678 Herr
361 2638 1577 2701 und Verständnis für seine Aufgaben, aber daneben auch
666 2687 1572 2740 einen jugendlichen Liebhaber nicht gerade
558 2700 662 2749 für
370 2699 520 2753 manche,
368 2716 1574 2790 wünschenswerte Eigenschaft. So beeinträchtigt zum Beispiel sein
371 2762 1586 2828 ausgesprochen sächsischer Dialekt, der sich auch in seinem Pfeudo¬
374 2807 1584 2864 Wienerisch nicht verleugnen ließ, mitunter recht sehr ernste
366 2862 1586 2901 Wirkungen. Sehr nett war das lustige Paar, das in Herrn
364 2880 1590 2939 Iwald und Fräulein Kriß ein Paar waschechte Wiener gefunden
375 2917 1580 2980 hatte. Fräulein Kriß als gutmütiges, oberflächliches, leichtlebiges
374 2953 1586 3019 Wiener Madel war vortrefflich, und Herr Iwald als ebenso leicht¬
374 3002 1584 3055 lebiger, innerlich aber tiefer empfindender Theodor durchaus
851 3032 1580 3104 Eine sehr liebenswerte Gestalt schuf
374 3042 821 3106 durchaus sympathisch.
1164 3072 1573 3126 Das milde Urteil,
1129 3092 1171 3128 6100
376 3077 1130 3136 Paul Bildt als Hans Weiring.
380 3108 1582 3172 das gütige Verstehen alles dessen was menschlich ist, und
374 3156 1575 3214 die angstvolle Vaterliebe um seine Einzige fanden durch den ge¬
382 3187 1588 3254 schätzten Künstler vollen Ausdruck. Mit starken Zügen des Zornes
387 3228 1598 3293 stattete Carl Noack die Rolle des betrogenen Gatten aus, und die
380 3269 1589 3324 kleine Rolle der Frau Binder hatte in Marie Gundra eine ge¬
386 3307 1590 3370 wissenhafte Vertreterin gefunden. In dem auf „Liebelei“ folgenden
384 3346 1584 3409 übermütigen Schwank „Literatur“ teilten sich Else Wasa,
390 3395 1593 3447 Leopold Iwald und Carl Noack in das Verdienst um das wirk¬
392 3438 1604 3490 same Stück und erwiesen sich darin nicht nur als darstellende,
392 3468 1601 3529 sondern auch als Verwandlungskünstler von seltenen Qualitäten.
387 3510 1594 3574 Frau Wasa als schnurrbärtige Dichterin im Hosenrock erregte wobl
387 3545 1608 3613 das herzlichste Lachen. Der Abend bedeutete abermals einen echten
372 3596 737 3660 Erfolg. E. v. H.
1833 868 2796 971 Bitte Rückseite beachten!
2446 948 2884 1029 Telephon 12.801.
2649 1055 2702 1131 7
1970 1129 2727 1250 „UDSENVLR
1830 1217 2921 1293 I. österr. behördl. konz. Unternehmen für
2133 1279 2617 1346 Zeitungsausschnitte
1858 1328 2932 1400 Wien, I., Konkordiaplatz 4.
2237 1385 2539 1444 Vertretungen
1846 1438 2935 1488 in Berlin, Basel, Budapest, Chicago, Cleveland, Christiania,
1842 1463 2921 1514 Genf, Kopenhagen, London, Madrid, Mailand, Minneapolis,
1830 1504 2923 1577 New-Vork, Paris, Rom, San Francisco, Stockholm, St. Peters¬
2241 1552 2546 1610 burg, Toronto.
2088 1590 2692 1663 (Quellenangabe ohne Gewähr).
1847 1665 2837 1744 Ausschuitt WERMANIA DERLIN
1855 1765 2025 1857 vom:
1806 1847 2907 1917 Im Schiller=Theater O. gab es zwei Sachen von
1748 1881 2903 1964 Arthur Schnitzter Zunächst das dreiaktige Schauspie!
1788 1943 2904 2021 „Liebeler“. Es fehlte in der Darstellung allerdings
1793 1970 2916 2050 etwas an wienerischem Dialekt, es wurde auch manchmal
1789 2011 2918 2117 zu leise gesprochen, aber es war doch im ganzen eine gute
1797 2053 2909 2142 Leistung der Regie und der Darsteller. Else Wasa
2532 2105 2923 2174 herzlicher tiefer
1786 2122 2441 2208 gab die Christine, die mit
1799 2146 2926 2235 Zuneigung alle Gedanken und Gefühle dem jungen
2646 2186 2915 2255 ahnen, in
2595 2208 2643 2255 U
1947 2204 2578 2273 Lobheimer geschenkt, ohne
1795 2226 1946 2279 Fritz
1798 2243 2926 2311 welche Händel dieser bereits verwickelt. Als sie dann endlich
1805 2282 2916 2354 erfährt, daß er um einer Frau willen im Duell gefallen,
1802 2330 2930 2395 bricht sie in ratloser Verzweiflung zusammen, um selber ein
1797 2359 2936 2435 Ende mit Schrecken zu nehmen. Diese Enttäuschung, diese
1803 2424 2918 2485 Seelenqual, dieser psychische Zusammenbruch war die Glanz¬
1803 2463 2939 2534 leistung der Künstlerin, die hier geradezu erschütternd wirkte.
1811 2501 2935 2577 Fritz wurde von Konrad Wiene gegeben, der sich mit
1811 2539 2857 2619 den schwierigen Anforderungen seiner Rolle ziemlich
1810 2589 2930 2659 abfand. Das zweite Paar, der leichtfertige Theodor Kaiser
1808 2636 2942 2698 und die gleichfalls jeder Tiefe des Denkens und des
1806 2664 2940 2744 Gemüts entbehrende, leichtsinnige, lachende Mizi Schlager
1803 2720 2943 2794 gaben Leopold Iwald und Steffi Kriß durchaus
1809 2757 2944 2850 im Geiste ihrer Rollen. Carl Noack war der beleidigte
1813 2825 2949 2888 Ehemann, kalt, überlegen, sicher, förmlich. Marie
1816 2854 2947 2922 Gundra charakterisierte gut die geschwätzige Nachbarin.
1826 2896 2939 2971 Paul Bildt gab den unglücklichen Vater der Christine,
1818 2935 2948 3005 der erst einer sehr leichten Auffassung in moralischen Dingen
1828 2980 2952 3056 das Wort redet, es aber an seinem eigenen Kinde erleben
1831 3021 2946 3093 muß, daß die Mißachtung der sittlichen Norm doch kein so
1825 3070 2949 3144 ganz besonderes „Glück“ bereitet. Dem so tragisch endenden
1828 3109 2947 3183 Drama folgte das einaktige Lustspiel „Literatur“ mit
1830 3149 2950 3228 seinen Typen aus dem modernen Sports= und noch
2391 3205 2953 3263 Die Handelnden bemühen
1839 3215 2369 3278 moderneren Literaturleben.
1844 3242 2959 3324 sich zumeist bestens, „jenseits von Gut und Böse“ zu
1839 3298 2951 3362 wandeln und man denkt und redet nicht gang „in usum
1836 3329 2974 3404 Delphini“, aber charakteristisch und gut gesehen sind diese
1842 3374 2965 3438 Gestalten, die von Else Wasa, Leopold Iwald und
1841 3412 2968 3486 Carl Noack sehr virtuos verkörpert wurden. Die Dame
1841 3454 2972 3526 bereitete den Zuschauern eine besondere Ueberraschung mit
1835 3502 2967 3575 ihrem Hosenrock=Kostüm, das der Rolle durchaus entsprach,
2786 3545 2932 3603 J. M.
1840 3553 2588 3636 aber zugleich ästhetisch schauerlich wirkte.
