3484 4256
811 135 1242 228 box 13/1
256 134 627 207 Liebele
278 162 670 252 —1
581 493 1224 596 Dr. Max Goldschmidt
587 563 1220 654 Büro für Zeitungsausschnitte
402 622 703 698 BERLIN N 4
945 650 1381 722 Teleion: Norden 3951
729 746 1069 816 Ausschntit aus:
408 801 1370 897 Königsberger Allgemeine Zeitung
710 918 1142 1021 28. Nov. 188.
556 1016 1233 1117 Neues Schauspielhaus.
228 1080 1525 1179 Bastspiel Lucie Mannheim in Schnitzlers „Liebelei“.
351 1164 1529 1243 Vor etwa einem Jahrzehnt machte Lucie Mannheim da¬
240 1216 1521 1293 mals noch „ein“ Fräulein Mannheim, an unserem Neuen Schau¬
251 1264 1521 1333 spielhaus unter Leopold Jessners Anleitung ihre ersten schüchternen
251 1311 1533 1380 Gehversuche auf den weltbedeutenden Brettern. „Erste“ Rollen im rein
249 1357 1531 1435 numerischen Sinne (erstes Bürgermädchen usw.) wurden ihr damals
251 1396 1542 1462 zunächst anvertraut. Doch die bühnensichere und zugleich untheatralische
246 1441 1531 1514 Art, wie sie sie durchführte, ließ bereits aufhorchen. Das neuentdeckte,
243 1484 1537 1558 blutjunge Talent erhielt bald sorgsame Pflege und zweckmäßige Nahrung,
254 1553 1539 1601 vor allem durch Julius Bab, den damaligen verständnisvollen Spielleiter.
245 1595 1546 1639 Und es bildete sich in der Stille, wuchs mit seinen höheren Zwecken.
260 1618 1541 1681 In der Besprechung einer „Gabriel=Borkmann“=Aufführung, am
250 1661 1548 1721 30. April 1917, vermerkte der Kritiker der „Allgemeinen“: „Fräulein
248 1705 1538 1769 Mannheim als Frida Foldal verdarb nichts.“ Dies Nichts war immer¬
253 1748 1538 1819 hin etwas. Bald darauf, im wunderschönen Monat Mai, konnte der
261 1793 1539 1858 Unterzeichnete feststellen, daß Lucie Mannheim „das geborene Hannele
263 1834 1543 1905 ist“, ja „eins der denkbar besten Hanneles überhaupt“. Damit war die
258 1883 1543 1955 erste Sprosse zur Ruhmesleiter erklommen. Und nun ging's im raschen
268 1925 1547 1990 Aufstieg vorwärts. Hedwig, die kleine Wildentenmutter folgte und noch
265 1975 1551 2032 manche aparte reizvolle Schöpfung, mit der sich Lucie mehr und mehr in
261 2008 1543 2081 den Vordergrund des Interesses spielte. Man merkte: das ist keine
266 2068 1547 2124 landläufige „Naive“, sondern ein Stück Natur, ein zartes, aber keim¬
269 2101 1556 2162 trächtiges Bäumchen, das mit den Wurzeln im gesunden Nährboden ur¬
264 2136 1557 2203 sprünglicher Gestaltungskraft steckt und mit der Krone in den Himmel
265 2200 1555 2255 reinen Menschentums ragt. Das Ausmaß und die erstaunliche Viel¬
270 2227 1555 2305 seitigkeit dieser Begabung verführte die Hochmögenden des Schauspiel¬
274 2280 1555 2342 hauses zu einem Wagnis: man gab Lucie Mannheim Wedekinds Lulu.
264 2315 1557 2388 Das Experiment mißlang — es mußte mißlingen, weil „die kleine
276 2360 1551 2423 Mannheim“ eben noch nicht reif war für solche komplizierten Gestalten.
266 2400 1551 2479 Die Scharte ward durch neue hervorragende Leistungen bald ausgewetzt.
270 2453 1563 2510 Andere, passendere Aufgaben brachten die frühe Knospe zu herrlicher
277 2492 1564 2557 Entfaltung, und schließlich brachte Bab sie nach der Berliner Volks¬
274 2530 1558 2620 bühne, wohin er als Dramaturg berufen wurde und von wo Leopold
278 2585 1254 2672 Jessner sie zuguterletzt an seine Staatstheater holte.
388 2630 1552 2706 Als Mitglied des Staatstheaters, als großer Gast, als „die“
285 2677 1566 2756 Mannheim ist die kleine Lucie nun wieder nach Königsberg gekommen.
289 2718 1570 2798 Und ihr Auftreten an der alten, nur räumlich verlegten Wirkungsstätte
291 2755 1578 2839 erwies, daß inzwischen alle Blütenträume von einst gereift sind. Ihre
291 2802 1573 2873 Gastrolle, die Christine in Schnitzlers „Liebelei“, erfordert vor
286 2850 1574 2921 allem eins: schlichte, ungesuchte Natürlichkeit. Daß Lucie
282 2889 1577 2975 Mannheim die hat, weiß man von früher. Aber zur Schlichtheit ihrer
293 2947 1574 3008 äußeren Gebärde gesellt sich jetzt noch eine seelische Einfachheit, eine
294 2978 1581 3052 Verinnerlichung, die auch dem abgehärtetsten Theaterbesucher die Tränen
295 3026 1577 3110 in die Augen treiben kann. Die Christine der Mannheim ist ein
286 3072 1580 3165 wandelndes Volkslied, ein Adagio in Moll — im betonten Gegensatz
288 3104 1579 3193 zur Scherzo=Munterkeit der lebenslustigen Mizzi. Diese Schlager=Mizzi
291 3154 1574 3222 ist das kypische Wiener süße Mädel — Christine eher das Nähmädel mit
288 3192 1582 3280 den zerstochenen Fingern, dessen „kleine Welt“ Anatol in den „Weih¬
307 3245 1579 3317 nachtseinkäufen“ so anziehend schildert: das anspruchslose, liebe Geschöpf,
307 3287 1582 3359 das tagaus, tagein in seinem dämmrigen Zimmer sitzt und die bescheidenen
296 3335 1587 3416 Freuden der Vorstadt genießt, wenn's Abend wird, auf die im Dunkel
850 3485 1341 3559 Tragen Sie unsere
646 3545 1539 3695 Augengläser
805 3681 1384 3767 und Sie sind zufrieden.
347 3749 1547 3851 TESchlOcsser, Junkerstraße 8
1542 966 2826 1050 versinkenden Dächer und Rauchfänge hinaussieht und wenn der Frühling
1540 1036 2822 1098 kommt, auf den blühenden, duftenden Garten; das sich ergeben in sein Los
1539 1074 2832 1154 schickt und nichts anderes bedeuten will in der Welt, als was es eben ist
1551 1121 2833 1184 und ein kleines Zufallsglück wie ein großes Geschenk mit dankbarer In¬
1551 1159 2829 1234 brunst ans Herz drückt. All' dies was zu dem Begriff „Christine“ gehört,
1550 1209 2839 1268 vermittelt Lucie Mannheims Gestaltung so intensiv, daß man ihre ganze
1549 1256 2840 1316 Umwelt zu sehen vermeint, auch wenn ein fremdes Milieu sie umg.bt.
1542 1302 2845 1359 Ein Schatten von dumpfer Schwermut und schmerzlicher Resignation
1552 1342 2833 1401 liegt von Anbeginn über diesem ahnungsvollen Engel — zugleich die Tau¬
1551 1396 2839 1454 frische und der Knospenreiz des kaum erwachten, innerlich keuschen,
1557 1429 2845 1496 jungen Weibes, dem Gefühl alles ist, das dies Gefühl nicht teilen kann
1558 1482 2842 1541 und dem einen geliebten Manne darbringt, in klarer Erkenntnis, daß
1560 1518 2843 1584 ihm kein Gegenwert geboten und der schöne Traum eines Tages aus
1555 1575 1751 1640 sein wird.
1654 1605 2847 1673 Am erstaunlichsten, mit welch' einfachen Mitteln die Mannheim
1557 1652 2840 1732 diese Wirkungen erzielt. Sie spricht völlig so, wie man im Leben spricht
1558 1691 2847 1764 oder wie man sich ein Mädchen aus dem Volke mit einer hoffnungslosen
1560 1738 2851 1799 Liebe im He##en sprechen denkt: ruhig, überiegt, selbst im Affekt ohne
1564 1782 2860 1860 scharfe Akzente — meist mit einer leisen, etwas müden Monotonie, die
1567 1840 2855 1884 erraten läßt, welches Leid sie im Herzen verschließt. Auch ihr Tempera¬
1572 1859 2851 1941 mentsausbruch bei der Todesnachricht ist frei von jedem „Theater“, wie ihr
1568 1909 2861 1974 ganzes Spiel von falscher Sentimentalität. Diese Verzweiflungsschreie
1559 1970 2857 2038 kommen aus der Seele — nicht nur aus der Kehle. Bis auf zwei,
1562 2000 2866 2070 drei wuchtige Gefühlsentladungen alles gedämpft, ausgespart, ohne hyste¬
1567 2037 2861 2094 rische Krampfigkeit — piano, con sordini, und doch klingen die Zwischen¬
1562 2078 2859 2140 Ober= und Untertöne der Herzensmelodie deutlich an. Dabei scheint ihr
1565 2144 2717 2202 ganzes Wesen im Grunde ein einziger unterdrückter Schrei...
1672 2179 2861 2254 Man muß Dr. Fritz Jeßner aufrichtig dankbar sein, daß er
1566 2224 2865 2296 seine ehemalige Kollegin zu diesem künstlerisch so überaus ertragreichen
1573 2265 2868 2334 Gastspiel verpflichtele — doppelt dankbar, weil er uns damit zugleich den
1575 2332 2872 2388 langentbehrten Genuß des wundervollen Schnitzlerschen Volksstücks (das
1581 2343 2870 2423 ist wohl der richtige Name) verschaffte. Mit innigstem Behagen fühlte
1575 2396 2870 2458 und dachte man sich wieder einmal in diese bezaubernde, melancholisch¬
1575 2439 2878 2498 genießerische Anatol=Welt hinein — das Schnitzlersche Wien liegt ja stets
1567 2471 2870 2569 in Anatolien —, um so mehr, als die Spielleitung Max Webers (Regie¬
1583 2521 2873 2584 debüt?) nichts verabsäumt hatte, um ihr, soweit das an norddeutschen
1582 2563 2883 2636 Bühnen möglich ist, szenisch wie darstellerisch den nötigen Stimmungs¬
1583 2606 2878 2674 und Milieureiz zu geben. Die kostümliche Rückdatierung bis in die
1586 2650 2884 2723 Entstehungszeit des Stücks, die das Publikum wiederholt zum Lachen
1579 2682 2883 2762 ceizte und Frl. Sandreczki zwang, ihren netten Bubikopf durch eine
1588 2729 2884 2815 altmodische Frisur zu verschandeln — dieser Hypernaturalismus war
1586 2779 2873 2854 freilich u. E. nicht unbedingt notwendig. Ein paar Textretuschen hätten
1583 2818 2877 2906 genügt, um den Unterschied zwischen 1894 und 1927 auszugleichen. Im
1589 2856 2890 2938 allgemeinen könnte das alles sich heute genau so abspielen wie Anno
1585 2908 2889 2970 dunnemals. Sonst hatte die Aufführung Stil und Format. Fritz, dem dop¬
1589 2963 2886 3025 pelten Liebhaber mit dem halben Herzen, gab Rudolf Blaeß die sata¬
1594 2997 2889 3064 listisch=weltmännische Gäste des Anatol=Menschen. Seinen Freund
1598 3017 2907 3104 Theodor faßte Kurt Hoffmann etwas herber an, als man ihn zu sehen
1593 3079 2894 3145 gewöhrt ist. In jedem Falle wurde es, wie stes bei Hoffmann, eine runde¬
1598 3129 2891 3184 Gestalt. Als Schlager=Mizzi wirkte Lili Sandreczki so flott und
1598 3156 2895 3243 liebenswürdig=leichtsinnig, als es ihr die tuntige Aufmachung erlaubte. Zu
1605 3209 2891 3280 einer feinen Studie geriet der verständnisvolle Vater Weiring, der moder¬
1597 3248 2890 3315 nere Nachfahr des alten Miller, Paul Lewitt. Annette
1599 3292 2888 3359 de Vries verspritzte wirksam das Gift der klatschsüchtigen Nachbarin.
1601 3338 2897 3401 Die Erscheinung des „Herrn“ warf in Wolf Benekendorffs über¬
1615 3364 2902 3463 ragender Gestalt einen drohenden Todesschatten über die heiteren Vor¬
1612 3417 2891 3501 gänge des ersten Akts. — Die heimliche Schubertmusik, das typisch Wiene¬
1613 3455 2892 3535 rische des Werks, wäre vielleicht durch stärkere Betonung des Mundart¬
1613 3510 2905 3586 lichen noch spürbarer geworden. Doch immerhin besser, ein Dialekt wird gar
1621 3566 2110 3639 nicht, als falsch gesprochen.
1706 3588 2908 3673 Alles in allem wieder ein Treffer unserer Kammerspielbehne. Die
1607 3658 2898 3729 schwere Tragödie mit dem leichtsinnigen Titel wurde lebendigste Wirklich¬
1617 3689 2897 3773 keit. Dazu ein volles Haus, Stimmung, Beifall in Hülle und Fülle. Sieht
1606 3745 2476 3845 das nach Krise und Erneuerungsbedürfnis aus?
2470 3753 2932 3844 Hans Wyneken,,
