3392 4224
337 174 677 245 iebelei
151 150 1255 256 3  box 13/2
1465 104 2192 148 intenerisse, lo com.quovesse di pin. Egli
1446 127 2193 176 coltivava con voluttuesa tristenza le il¬
1452 174 2194 219 Iusioni nelle quali aveva cessato di
1453 206 2209 273 Vcredere. E sopra a queste illinsionl.
1457 253 2210 304 faceva aleggiare la morte. Ma non la
1464 286 2214 329 morte che sboccia dall’amore, voluttäl
1464 328 2203 372 suprema, 0 catastrofe nella tragedia di
1452 364 2207 416 Giulietta e Romeo e di Otello e Desde¬
1462 399 2219 462 mona; ma la morte che viene dal di
1455 429 2209 491 fuori, cieca, öllogica, estranea alle vi¬
1446 471 2220 531 cende che interrompe, senza causa; non
1452 516 2215 577 apice o castigo della passione, ma vi¬
1462 551 2215 603 sitatrice distratta, che abbatte quello
1462 588 2224 647 che sflora. Essa é dappertutto, non
1451 630 2218 696 preannunciata, tutt'al piü quelche vol¬
1457 670 2206 713 ta presentita; vento di rapina nella vä¬
1454 706 2207 766 stitä. La vita & piena, l’amore esulta,
1462 751 2197 802 tutto pare in divenire; ed ecco, ella en¬
1468 788 2168 831 tra, grigia, sorda; e tutto & finito.
1774 821 1913 875 *+*
1483 845 2223 916 La storia di Cristina 8 assai sempli¬
1451 904 2206 954 ce. Cristina, figlia di un modesto pro¬
1456 936 2211 998 fessore d’orchestra, & un'adorabile fan¬
1463 967 2221 1042 clulla, la süssel mädel del borghese
1454 1023 2213 1077 sentimentalismo azzurro della Vienna
1461 1061 2223 1103 di una volta; ma é la dolce ragazza
1454 1090 2206 1144 soltanto perché è tenera, affettuosa,
1462 1135 2214 1188 carezzevole, niente affatto ingombran¬
1451 1169 2207 1237 te, niente affatto calcolatrice, pronta
1455 1216 2212 1267 a concedersi amorosa, semplicemente,
1459 1251 2201 1305 quasi ragionevolmente. Ha peró qual¬
1448 1285 2201 1352 che cosa di pin del tipo tradizionale:
1455 1340 2196 1376 ha l’ingenua costanza, ha il senso del¬
1445 1359 2208 1425 la grandezza dell’amore. Per lei l’amo¬
1447 1409 2202 1472 re e tutto. L'amore, non gli amori. Ed
1440 1450 2207 1506 & tutto per lei anche l’uomo che ama,
1454 1488 2194 1538 e vorrebbe essere tutto per lui. Che
1443 1525 2196 1586 non lo sarà sempre, sa bene, e c’é pre¬
1446 1561 2206 1624 parata; ma anche sa che, dal canto
1450 1592 2212 1667 proprio, non cesserà mal d’amare a
1452 1644 2200 1698 quel modo, quello stesso oggetto. Per¬
1452 1677 2200 1725 cid nel breve tempo in cui ella sarà
1452 1718 2209 1760 di lui, ha il bisogno di sentirsi tenuta!
1450 1759 2194 1803 al sommo del cuore, prima, domina¬
1446 1796 2199 1858 trice esclusiva. Invece, il suo Fritz la
1448 1834 2193 1884 considera un amore secondario, un di¬
1448 1880 2192 1929 versivo da un altro amore, che non 6
1440 1902 2190 1958 per Jui, neppur esso, ardente; ma tut¬
1439 1950 2193 1999 tavia e pin importante, forse perché
1443 1993 2191 2055 e piü difficile, ed elegante, e rischioso.
1450 2040 2194 2086 Egli é l’amante di una bella signord,
1446 2074 2185 2129 di una di quelle che si chiamano don¬
1443 2112 2189 2163 ne fatali. Ma ha conosciuto Cristina,
1455 2153 2195 2202 e l'ha corteggiata lietamente, e lha ba¬
1446 2186 2190 2234 ciata, e l'ha innamorata, e gode con
1440 2229 2185 2281 lei ore di giovinezza spensierata, pron¬
1446 2265 2189 2312 to a correre da quell’altra, al primo
1442 2299 2190 2358 richiamo. II marito di quell'altra sco¬
1452 2341 2193 2395 pre l’adulterio. Fritz si batte con que¬
1440 2386 2187 2437 st’uomo, e resta ucciso. Poche ore pri¬
1448 2420 2198 2463 ma di scendere sul terreno, nella pros¬
1451 2459 2201 2524 simità della morte, accarezzando Cri¬
1447 2500 2206 2545 stina e accomiatandosi da lei senza
1452 2542 2198 2578 dirle il proprio segreto, mormord a se#
1446 2585 2202 2634 stesso:  Ora mi avvedo che, con que¬
1442 2623 2200 2668 sta fanciulla, avrei potuto trovare la
1447 2652 2201 2702 mia vera felicitä!: Comprensione tar¬
1447 2693 2203 2749 diva. Di quale grande amore egli fos¬
1446 2726 2193 2793 se oggetto, non s’era reso conto; come
1445 2769 2186 2834 Cristina non s’era reso conto del pie¬
1438 2810 2201 2875 colo posto che occupava nella vita di
1440 2852 2195 2890 lui. Ma quando apprende che egli 6
1441 2876 2199 2936 morto, ed & morto per un'altra donna,
1446 2923 2192 2987 sorge in lei qualehe cosa di piu atro¬
1446 2959 2191 3021 ce del delore d’averlo perduto. Ella si
1444 2995 2190 3039 ## quosta domanda:  Che cosd soho
1442 3033 2198 3099 stata per lui?, La risposta a terribile:
1434 3072 2174 3125 . Nulla, un glocols E mentre egli glo¬
1434 3112 2193 3175 cava, ella ha bruciato la vita, ha dato
1437 3155 2185 3196 tutto, i tesori dell’anima, senza riserve.
1437 3196 2175 3237 Che le resta? Piangere? Per chi? Pre¬
1424 3224 2184 3282 gare su und tomba dove un'altra, piü
1430 3260 2190 3327 amata di lei, é inginocchiata? No. Mo¬
1423 3308 2193 3354 Trire! E fugge, per por flne ai propri
1436 3348 2192 3392 giorni, mentre il suo vecchio padre,
1439 3387 2189 3427 che non l’aveva neppure rimproverata,
1435 3425 2183 3474 cho le riconosceva il diritto di conqui¬
1431 3464 2190 3521 stare un po' di gioia nella monotona
1428 3504 2180 3546 umile vita che conduceva, resta solo
1430 3534 2198 3593 a plangere. Ecco l’amore. E la morte
1431 3587 2182 3635 T’avevamo vista entrare poco prima,
1431 3625 2197 3674 rappresentata dal marito che veniva 5
1436 3650 2193 3717 sfidare Fritz, mentre il giovine stava
1434 3697 2188 3735 con Cristina e un amico, 6 la Mitzi
1421 3725 2186 3792 di questo amico, bevendo i vini chiari
1424 3779 2185 3833 e cantando i valzer leggeri. L’ingresso
1430 3809 2194 3866 di quell’uomo non era un colpo di sce¬
1428 3848 2191 3908 na, ma un'apparizione cupamente sim¬
1440 3879 2198 3954 bolica. Con lui, che s’avanzava per pro¬
1439 3932 2181 3974 vocare un rivale, la morte entrava, per
1426 3969 2184 4035 portar via Fritz a Cristina e per attirare
2210 104 2949 156 tante, # anche pin, dopo il terzo. La
2216 146 2947 183 signora Riva e il. Ceseri ebbero nel se¬
2213 159 2954 225 condo atto un applauso a scena aperta.
2234 223 2786 281 Stasera Cristina si replica.
2757 254 2921 314 r. S.
