3484 4224
477 163 793 239 ebelei
232 160 815 271 5. E
927 154 1371 255 box 10/2
2159 979 2668 1072 22. Februar 1896
1725 1083 2719 1168 Gemüthes ausgehen zu lassen. Soweit diese nicht wit
1755 1141 2726 1221 bei den Symbolisten zum Excentrischen führt, ist dieses
1746 1188 2720 1272 Bestreben ein echt dichterisches und kann nur dazu bei¬
1739 1259 2720 1326 tragen, das Gefühl für edle Empfindungen zu heben
1738 1307 2722 1367 und den Sinn für ein reines Kunstwerk zu steigern.
1748 1347 2724 1409 Schnitzler steht, wie schon angedentet worden, mit seinem
1746 1378 2719 1456 Werke „Liebelei“ auf der Seite Derjenigen, welche das
1746 1432 2723 1509 höher gestimmte Verständniß für innere Vorgänge auf
1737 1483 2718 1560 das Leben um sie selbst anzuwenden und ein Bild zu
1748 1550 2719 1619 geben wissen, das vertieft empfunden und dennoch lebens¬
1739 1579 2102 1640 wahr geblieben ist.
1840 1635 2713 1702 Christine Weiring ist ein braves Mädchen, das
1733 1651 2706 1755 vom Vater, einem Violinspieler am Josephstädter Theater,
1736 1730 2717 1802 sorgfältig erzogen wurde. Weiring ist trotz seiner engen
1745 1782 2710 1852 Stellung kein Philister; er versteht den Trieb der Jugend
1742 1824 2718 1903 nach Glück, auch wenn er mit der pflichtgemäßigen
1743 1874 2707 1955 Tugend in Widerstreit geräth. Darum erlaubt er den
1741 1925 2718 2002 Verkehr Christinens mit der „Modistin“ Mizi Schlager.
1726 1980 2705 2041 Mizi ist eine erfahrene junge Dame und genießt den
1727 2018 2716 2097 Schaum des Lebens, so lang es eben geht. Ihr Schatz
1724 2056 2711 2144 ist Theodor Kaiser, ein guter Junge, der ohne viel
1720 2113 2712 2191 Nachdenken das nimmt, was ihm seine Stellung bietet,
1731 2173 2713 2236 Genuß und Liebe. Sein Freund, Fritz Lobheimer, ist
1722 2201 2706 2279 von tieferer seelischer Empfindung, ein richtiger nervöser
1733 2269 2716 2330 Sohn der Großstadt, der sich der Liebe mit allem Raf¬
1721 2316 2705 2376 sinement der Keckheit und Gefährlichkeit hingibt. Theodor
1729 2367 2695 2422 will ihn von der Leidenschaft zu einem „dämonischen“
1728 2397 2704 2470 Meibe heilen und bringt ihn in die heitere Gesellschaft
840 2460 2710 2532 Das Schauspiel „Liebelei“ hat bekanntlich in Wien vor Mz. und Christine. Fritz fühlt sich wohl unter
757 2498 2708 2556 Sensation gemacht. Und wenn bei dem stürmischen Er= diesen frischern Wesen und faßt, ganz gegen die Mei¬
775 2554 1739 2611 folge auch ein wenig Localpatriotismus dabei war, da
1730 2552 2698 2610 nung Theodor's, eine ernstliche Neigung zu Christine.
770 2600 1733 2661 Schnitzler ein Wiener ist, so wollen wir das den Wienern
1739 2609 2708 2681 Theodor hat beide „Mäderl“ in die Wohnung seines
778 2645 1724 2707 durchaus nicht verdenken, stimmen vielmehr ohne Vor¬
1737 2651 2711 2708 Freundes geladen und sie erscheinen auch wirklich:
760 2711 1729 2760 behalt in das Lob ein, das einem Dichter von starker
1731 2703 2702 2770 Mizi voll lebenslustiger Sorglosigkeit, Christine in ehr¬
721 2743 780 2807 3
766 2730 1727 2804 Begabung, ernstem Willen und warmherziger Empfin¬
1729 2737 2705 2819 licher Hingebung an ihre echte Liebe. Ein lustiges, wenn
703 2796 1731 2858 kt, dung gebührt. Schnitzler hat sich schon durch seine ersten
1741 2799 2707 2867 uuch bescheidenes Mahl würzt das Beisammensein und
697 2841 1737 2895 sie Arbeiten einen Namen gemacht. Und wenn er auch von
1726 2833 2712 2914 Dori weiß gar nicht genug Lazzi aufzubieten, um die
705 2897 1727 2956 iß den Zünftigen der Moderne mit Freude begrüßt wurde,
1740 2897 2699 2958 Stimmung so leichtblütig als möglich zu erhalten. In
705 2946 776 2999 u.
773 2938 2702 2992 so beweist doch sein neuestes Werk, daß er sich von der dieses trauliche Beisammensein fällt eine schreckhafte
705 2991 771 3050 ch
778 2994 1726 3047 Uebertreibung der Schule freizuhalten gewußt hat. Das
1738 2992 2702 3056 Unterbrechung. Ein Herr, der Gatte von Fritz' Geliebten,
767 3046 1725 3095 Schauspiel „Liebelei“ stellt ihn zu den hoffnungsvollsten
693 3035 772 3110 en
1736 3048 2705 3102 wünscht den Hanswirth zu sprechen. Die Gesellschaft wird
686 3090 763 3146 hr
766 3074 1725 3145 Dichtern, welche die jüngste Gegenwart aufzuweisen hat.
1739 3094 2700 3144 in ein Nebenzimmer geschoben, der Herr tritt ein und
772 3139 1728 3196 Wenn man den Inhalt des Stückes erzählen will, so ist
1728 3137 2699 3194 fordert Fritz in kurzen Worten zum Duell. Dori, dem
779 3182 1730 3240 man bald fertig. Denn es ist ein einfaches, volksthüm¬
1739 3186 2708 3239 Fritz den Fall sofort erzählt, ermuthigt ihn, nicht gleich
696 3228 777 3290 er
766 3224 1727 3295 liches, durch keine Nebenepisoden verbreitertes Motiv,
1730 3235 2711 3294 das Aeußerste zu fürchten und führt die beiden Mädchen
701 3275 773 3345 #9
763 3269 1733 3338 das in großen Strichen ausgeführt ist und den geraden
1738 3289 2703 3336 weg. Fritz bleibt in trüben Gedanken allein. (Der erste
702 3332 1725 3398 er Weg zu unserer Empfindung wählt. Es ist bekannt, daß
1732 3329 2710 3393 Act, der diese Vorgänge schildert, ist ein Meisterstück der
714 3379 1736 3447 in die jüngste Dichtung bestrebt ist, alle geschilderten Vor¬
1726 3376 2704 3442 Gestaltungskraft und zeigt den Dichter auf seiner Höhe).
780 3425 1733 3489 gänge in das innere Leben der Seele zu legen und die
1730 3436 2699 3483 Christine hat mit Fritz ein Stelldichein besprochen, aber
712 3477 2706 3541 ie Bewegung nicht von der Mannigfaltigkeit der äußereus er kommt nicht und sie kehrt bekümmert und gekränkt
713 3525 2706 3584 di Vorgänge, sondern von den reichen Schwingungen des nach Haus zurück. Da erscheint Fritz in ihrem Kämmer¬
