3436 4224
444 130 830 203 Liebelei
965 129 1392 223 box 11/1
266 134 415 227 5.
424 152 869 247 Lauauau
351 482 1437 566 von allen unseren Schauspielerinnen hält solch Tempo
339 534 1436 606 inne, wie Frau Sorma, wer versteht so die große
354 586 1423 658 Kunst des Zuhörens? ... Auch kenne ich kein
350 632 1419 694 Augenpaar, das ein so geläufiges glänzendes
347 675 1424 723 Volapück aller Menschenregungen spricht, wie das
346 708 1431 759 der Sorma. Will man die Grenzen ihrer Begabung
356 759 1425 827 suchen? Sie sind leicht zu finden in ihrer — Esther. Stellte
340 805 1435 874 man an diesen Charakter die Forderung eines unverkenn¬
350 839 1431 913 baren heroischen Zuges — und man muß sie stellen
351 874 1441 942 angesichts der Erziehung dieses Weibes durch die
358 933 1435 997 Einsamkeit, durch den steten Verkehr mit einer großen
460 981 1416 1040 und mit der erhabenen Seele eines Mardochai —,
354 988 419 1043 9.
472 1037 1439 1080 sagt die Sorma an dieser Grenze; nebenbei
349 1034 434 1092 so
356 1068 1430 1122 auch mit ihrem Organ. Der Glanzpunkt ihrer
351 1108 1428 1164 Estherdarstellung war von jeher der Augenblick, da
359 1148 1431 1220 sie ihre Neigung zum König zu erkennen gibt.
770 1201 1441 1268 ganze gestrige Vorstellung
361 1201 779 1272 Leider war die
364 1245 1431 1297 der Grillparzerschen Dichtung in ein so trübes
348 1283 1438 1350 Dunkel des Dilettantismus gehüllt, daß kein Glanz¬
351 1328 1437 1388 punkt einen Strahl auffangen konnte, der ihn zur
364 1371 1434 1434 Geltung gebracht hätte. Dieses klassische Fragment
362 1420 1439 1499 (ich wünschte nur, der zehnte Teil unserer
351 1457 1441 1540 „abendfüllenden Novitäten“ wäre weniger fragmen¬
359 1508 1434 1563 tarisch) wurde am Berliner Theater gestern geradezu
362 1556 1438 1616 geschändet. Man könnte nicht ohne gelinde Wut
359 1590 1433 1658 von dieser Vorstellung sprechen, wenn man nicht ein
363 1649 1444 1698 herzbefreiendes Lachen als letzten Trost zur Ver¬
374 1693 1426 1748 fügung hätte. Wahrhaftig, denkt man an die un¬
371 1730 1443 1787 verfrorene Kunst dieser Herren in der königlichen
367 1774 1435 1827 Burg zu Susa, so fällt einem jener Dialog eines
368 1816 1426 1887 Lahmen und eines Blinden ein: „Wie geht's?“
369 1855 1427 1921 fragt der Blinde den Lahmen. „Wie Sie sehen,“
372 1905 1191 1980 antwortet der Lahme, „ganz passabel“ .
437 1928 1393 2014 Dafür war das Zusammenspiel in „Liebelei“ -
366 1995 1372 2060 immer mit Rücksicht darauf, daß wir uns
367 2036 1444 2099 der Charlottenstraße befinden — über Erwarten gut.
367 2075 1450 2136 Die Herren Wulden und Wehrlin standen mit
364 2123 1441 2183 Fräulein Rauch, die leider ihr schönes Talent mehr
1332 2171 1446 2230 dem
361 2171 1322 2238 und mehr von der Rontine umgarnen läßt,
365 2204 1442 2277 großen Gast hier tapfer zur Seite. Man spürte
370 2256 1445 2321 echte Natürlichkeit bei diesen schlichten, harmlosen
1311 2302 1442 2361 groß
370 2299 1322 2376 Dutzendmenschen, in deren Mitte plötzlich
1308 2346 1445 2392 tritt.
376 2339 1303 2408 und geräuschlos das entsetzliche Schicksal
384 2380 1442 2450 Sieht man Grillparzer und Schnitzler unvermittelt
376 2431 1448 2492 nebeneinander, so erkennt man recht, daß der feine
375 2474 1443 2540 Geist und die wohltuende Anmnt Schnitzlers der durch¬
378 2531 1450 2585 greifenden dramatischen Linie doch innerlich fremd ist.
376 2562 1457 2633 Er ist mehr Lyriker und Satiriker als Dramatiker. Seine
380 2610 1450 2672 besten Gestalten sind niemals ganz ohne Mimikry. Aber
381 2640 1463 2716 das Wesen des Dramatischen besteht nun einmal
387 2697 1450 2757 unter anderem darin, daß die großen Charaktere
379 2732 1456 2810 angesichts des herannahenden Raubvogels Schicksal
380 2783 1446 2846 aufschnellen, ihn zu überfliegen trachten, während die
377 2825 1463 2883 kleinen ihm zu entkommen suchen. Die Schnitzler¬
389 2871 1454 2932 schen Charaktere machen es wie das graue Reb¬
387 2907 1455 2975 huhn, das sich in die graue Ackerfurche duckt,
375 2954 1459 3018 oder sagen wir lieber wie die Lerche, die sich wohl
389 3002 1470 3073 aufzuschwingen weiß, sobald es gilt zu singen und
375 3041 1457 3109 die Schönheit der Welt aus der Höhe zu betrachten.
401 3090 1453 3158 „Liebelei“ ist ein reizendes Idyll, ein Lerchennest,
387 3134 1459 3213 über das plötzlich eine düstere Wolke hinzieht.
385 3184 1121 3261 Der dunkle Fitlich des Raubvogels.
990 3216 1433 3296 Karl Strecken
543 3287 1348 3378 Aus dem Berliner Musikleben.—
585 3352 1279 3428 Von einigen Neuheiten.
445 3391 1475 3476 Von Felix Weingartners Kammermusik¬
394 3436 1479 3520 werken sind in schneller Folge zwei zu Gehör ge¬
397 3495 1458 3569 bracht; am Sonnabend (den 7.) hat das Böh¬
387 3524 1478 3602 mische Streichquartett ein Quartett
387 3591 1464 3652 von ihm gespielt, am Sonntag (den 8.)
732 3624 1471 3693 neues Sextett für Klavier,
400 3634 741 3711 gelangte sein
396 3672 1477 3738 zwei Violinen, Bratsche, Violoncello und Baß
405 3718 1480 3778 in einem populären Konzerte des Halir¬
397 3760 1473 3827 Quartetts zur Aufführung. Beide Werke sind einer
396 3807 1482 3867 sehr freundlichen Aufnahme beim Publikum begegnet,
406 3863 1480 3916 insonderheit hat das Sertett schon deshalb viel
401 3901 1473 3954 Beifall geerntet, weil der Komponist selbst den Klavier¬
396 3953 1482 4008 part übernommen hatte. Die Wiedergabe war in
399 3995 1480 4046 beiden Fällen ehrlicher Anerkennung wert, aber die
406 4022 1471 4086 Schaffenskraft Weingartners wird man auch nach
1252 4058 1468 4124 SG
2392 1242 3295 1310 eine müde Selbstironie benischt, weckte sofortida
1482 1274 1628 1365 44
2395 1304 3309 1360 Interesse. Und von Szene zu Szene stieg nun die
1494 1296 2292 1416 ACpeater und Mulik.
2398 1355 3299 1398 Wirkung, um so mehr, als die Darstellung, wenn
1525 1385 2383 1433 Ph. St. Im Berliner Theater hat Agnes
2392 1389 3297 1431 auch nicht vollendet, doch viel Gutes gab. Die
1483 1422 2384 1470 Sorma am gestrigen Dienstag Grillparzers
2392 1423 3304 1466 Mizi des Fräulein Rauch war sehr fesch, echt in
2393 1466 3298 1520 ihrer temperamentvollen Laune, keck und herzlich,
1489 1476 2390 1527 „Esther“ und die Christine in Schnitzlers
2391 1500 3307 1546 nur mitunter in Details etwas zu bewußt. Heer
1488 1501 2386 1558 „Liebelei“ gespielt. Es wäre für den Ein¬
2397 1544 3309 1584 Walden, in Maske und Erscheinung etwas zu nord¬
1480 1548 2385 1596 druck und die nachwirkende Kraft der Vorstellung
2401 1579 3316 1629 deutsch, im Wesen nicht weich genug, rachte im
1483 1582 2383 1627 besser gewesen, wenn man auf den Versuch mit
2391 1620 3308 1678 ganzen die Rolle des Fritz recht wirksam
1484 1624 2392 1683 Grillparzer verzichtet hätte. Ist es schon be¬
2397 1647 3304 1707 heraus; Herr Wehrlin gestaltete den Theodor mit
1481 1662 2386 1710 trübend, daß Agnes Sorma ihre künstlerische
2393 1700 3319 1748 Humor und in greifbarer Echtheit. Herr
1483 1705 2381 1753 Position aufgegeben hat und sich mit der Gast¬
2395 1727 3314 1793 Connard gab den Vater Christinens um einige
1477 1736 2387 1794 spielerei begnügt, so war es gestern geradezu
2394 1768 3311 1826 Nuancen zu alt und ward der Bonhomie des
1472 1784 2385 1832 peinlich, die Esther dieser Künstlerin zusammen¬
2394 1801 3320 1856 alten Musikus, seiner in Resignation errungenen
1489 1819 2389 1869 sehen zu müssen mit dem König des Herrn
2391 1850 3315 1916 Lebenstoleranz nicht völlig gerecht. Aber immer¬
1479 1859 2389 1902 Mischke, dem Haman des Herrn Rohland und den
2392 1892 3308 1943 hin wurde der Ton und die Stimmung des feinen
1490 1886 2389 1951 anderen Rollenverderbern. Poesie und Wesen,
2389 1923 3320 1984 Werkes gut getroffen, so daß Frau Sorma im
1487 1939 2388 1996 Sinn und tiefere Bedeutung der Dichtung
2402 1961 3309 2028 Ensemble stand. In den ersten zwei Akten
1478 1969 2399 2033 „Grillparzers wurden völlig vernichtet, nur
2394 2012 2478 2056 ist
2481 2011 3325 2063 ihre Christine, wie wir sie früher von
1483 2016 2386 2061 aus der Szene zwischen Esther und Mardochai,
2403 2048 3313 2097 ihr gesehen: das liebe, süße Mädel, dem eine ge¬
1481 2050 2398 2100 den Herr Conrad recht gut verkörperte, klang die
2404 2083 3316 2131 wisse Herbigkeit der Lebensanschauung innewohnt,
1475 2084 2397 2139 Stimmung des Werkes heraus, in den übrigen
2393 2120 3315 2179 ein junges Weib, dessen langaufgesparte und ver¬
1484 2125 2394 2179 Szenen hatte Frau Sorma ganz allein den Geist
2397 2161 3320 2200 haltene Leidenschaftlichkeit zur Tragik führt. Die
1479 2166 2396 2221 der Dichtung zu vertreten. Der große erste Auf¬
2395 2201 3312 2254 Künstlerin hat in dieser Rolle noch immer den
1485 2203 2388 2256 zug wurde so heillos verdorben, daß selbst in
2396 2235 3319 2290 gleichen Liebreiz, die gleiche Anmut, das rührend
1482 2241 2394 2302 diesem sonst so beifallssüchtigen Raum'sich keine Hand
2392 2274 3322 2331 Liebenswürdige und Liebebedürftige wie früher.
1481 2284 2393 2325 rührte; er wirkte so verstimmend und erkältend,
2403 2314 3320 2366 Im 3. Akte gestaltet sie die Rolle jetzt anders
1471 2317 2399 2373 daß selbst nach den ersten Sorma=Szenen nur
2393 2353 3314 2412 als bisher. Ihre Verzweiflung hat jetzt etwas
1483 2360 2395 2409 ganz lauer, kurzer Beifall einsetzte. Frau Sorma
2402 2393 3321 2446 Wildes, Ungezähmtes. Wie sie den Tod des Ge¬
1486 2398 2403 2455 spielte in den ersten Szenen etwas unruhig, un¬
2400 2429 3319 2488 liebten erfährt, bricht sie halb bewußtlos zusam¬
1490 2439 2400 2483 gleich in Ton und Auffassung. Das Schönste war
2400 2467 3314 2522 men mit erschütterndem Aufschrei. Die scharfe
1483 2480 2388 2521 hier ihr stummes Spiel, der naive Triumph,
2403 2500 3313 2564 Dialektik der Sätze Christinens hat bei ihr
1481 2509 2394 2559 der ihr aus den staunenden Augen blitzte, als
2402 2551 3307 2595 nicht den schrillen, schneidenden Wehlaut wie
1492 2552 2391 2599 sie die Boten des Königs vor sich knien sah. Im
2404 2592 3305 2642 sonst, alles ist umgesetzt in leidenschaftlichste
1477 2595 2393 2643 zweiten Akt, in den ersten Momenten mit dem
2399 2632 3322 2677 Verzweiflung. Oft ein Ringen mit dem
1490 2631 2398 2674 König, sprach sie die ohnedies allzu klugen Reden
2400 2663 3253 2724 Wort, ein Emporstrecken der Hände,
1473 2675 2401 2718 der Esther allzu bewußt, nicht unmittelbar genug,
2406 2704 3307 2768 ob sie irgendwo sich anklammern möchte in ihrer
1480 2713 2392 2767 nicht recht aus der Eingebung des Augenblicks
2399 2736 3234 2795 feelischen und körperlichen Erschütterung. B
1488 2747 2391 2800 heraus: es fehlte der Schein des Instinktiven, es
2404 2766 3316 2841 blicken die Augen, der Mund ist geöffnet wie zu
1492 2794 2395 2837 klang alles wie Berechnung. Ihre große Künstler¬
2408 2819 3316 2874 einem lauten, befreienden Aufschrei, als ob sie er¬
1482 2822 2392 2879 schaft ward erst offenbar, als in Esther das Weib
2412 2858 3313 2911 sticken müßte. Und doch ringt sich kein Laut aus
1489 2862 2401 2924 erwacht und sie sich ihrer Empfindung für den
2413 2903 3313 2947 der vom Schmerz zugeschnürten Kehle. So stürmt
1499 2899 2251 2951 König in jähem Erschrecken bewußt wird.
2400 2943 3314 3002 diese Christine foct und „sie kommt nicht wieder",
1531 2947 2393 2995 Das Publikum war bereits ziemlich müde, als
2401 2979 2796 3039 sagt der alte Vater.
1491 2982 2398 3030 Schnitzlers „Liebelei“ begann. Aber das noch
2456 2996 3317 3072 Als Christine hat die Künstlerin gefesselt,
1483 3023 2405 3066 immer unverändert jugendfrische Werk des Anatol¬
2403 3054 2791 3113 ergriffen, erschüttert
2806 3051 3323 3109 es war eine starke, reife
1496 3063 2381 3112 Dichters, diese liebe Schöpfung einer stillen, weh¬
1485 3077 3332 3159 mütigen Poesie, der sich ein feiner Humor und 1 Schöpfung. Der Beifall war sehr lebhaft und
