3484 4320
501 182 902 255 Liebelei
326 183 928 291 9. Mhnnnnnn
1032 185 1466 275 box 11/1
1893 65 2486 167 Pestet. 1n  1 1.
3114 115 3298 170 inclusive
1937 114 3094 176 aber beleuchtet das Drama mit hellem, nicht farbigem Lichte gewisse
3120 156 3284 202 Porto.
1936 140 3113 226 Verhältnisse der Gesellschaft, an denen ehen die Gesellschaft gern mit
1924 188 3285 259 einem leichten Räuspern, mit einem halben Seitenblick vorübergeht und Zahlbar
1929 232 3312 292 meint, Verhältnisse, die man ignorirt, seien nicht da. Der geringe Er= im Voraus.
1927 274 3112 333 folg des Dramas bei uns mag einerseits wohl in dem Umstande liegen,
1916 287 3330 392 „daß die Handlung für ein dreiaetiges Stück denn doch zu klein ist, tie ist das
1923 336 3342 432 findererseits verlangt das Schauspiel eine ganz vorzügliche Darstellung, sicht es den
1937 393 3224 465 weil vorzugsweise nicht Handlungen, sondern Stimmungen und Gefühle dern.
1939 418 3137 492 zum Ausdrucke zu bringen sind. Nicht alle der Mitwirkenden besaßen
1947 439 3347 516 aber jenen hohen Grad künstlerischer Gestaltungskraft, welche dem Stücke haltend die
1901 493 3337 546 Illelbst bei einem Publicum Erfolg sichern muß, das sich von der Welt, Morgen¬
1912 534 3334 590 bin welche uns der Dichter führt, abgestoßen fühlt. Ihrer Aufgabeer Zeitung")
1915 565 3349 632 wwurde eigentlich nur Frl. Köchl als „Mitzi Schlager“ vollkommenzhschaftliche
1954 624 3347 678 gerecht. Das war der personificirte gutmüthige Leichtsinn, ganz die Diese Mit¬
1911 645 3126 720 tUBrille, welche singt, so lange die Sonne scheint, unbekümmert um den
1934 694 3135 742 Winter, der einmal kommt.. Sie hat „Verhältnisse“, ja, natürlich stets
1943 719 3137 787 eins nach dem andern und davon kommt ihre „unheimliche Fertigkeit
1944 758 3124 835 im Du=Sagen“, aber in ihr steckt dabei nicht eine Spur von Berech¬
1938 794 3138 879 #tung und Gewinnsucht, ganz naive Leichtfertigkeit, sie will sich eben
1953 832 3125 898 nur „unterhalten“! Man beobachtete Frl Köchl in der Wiedergabe
1942 872 3134 938 dieser echten Wiener Volksgestalt mit Vergnügen, sie war köstlich. Gleich¬
1945 909 3134 977 verthig dieser Leistung spielte keiner der übrigen Darsteller. Frl. Helm
1944 950 3130 1006 Christine) hatte wohl manchen sehr guten Moment. Christine ist das
1949 986 3131 1063 Gegenstück zu dem Leichtsinn Mitzi Schlagers, ein ernstes Mädchen, für
1956 1023 3137 1090 das die „Liebelei“ zur heißesten Leidenschaft wird. Das reiche tiefe
1954 1064 3134 1136 Gemüth Christinens vermag sich nur einem Manne hinzugeben, und
1957 1117 3135 1180 nit dem Tode des Geliebten ist ihr Leben vernichtet. Diese Rolle ist
1947 1139 3136 1198 reilich schwer. Die hochgesteigerte Erregung des leidenschaftlichen Mäd¬
1961 1180 3135 1248 hens darz stellen, dieses übermächtige Fühlen, das sie bewegt, zu ver¬
1952 1222 3143 1286 inschaulichen, den furchtbaren Affect der Verzweiflung bei der Nachricht
1953 1256 3135 1331 som Tode des Geliebten auszudrücken, der für eine Andere hat sterben
1950 1294 3128 1361 nüssen: dazu gehört freilich ein sehr großes Können, so groß, daß es
1952 1334 3146 1401 ie junge Schauspielerin jetzt noch nicht besitzen kann. So ist's kein
1953 1357 3139 1444 Bunder, daß das Spiel nicht durchaus einheitlich erschien. Vor Allem
1961 1404 3142 1472 nuß Frl. Helm auch Sprachstudien treiben. Niemals darf die Sprache
1951 1456 3128 1519 esucht erscheinen, niemals darf sie, selbst im höchsten Assect, grell und
1960 1485 3136 1553 pröde klingen und auch „der Schrei“ muß sorgfältig geübt werden;
1958 1525 3137 1583 venn der Schrei zum lauten Kreischen wird, balancirt die Darstellerin
1957 1557 3139 1619 tets auf der haarscharfen Grenze zwischen dem Erhabenen und dem
1948 1591 3142 1663 lächerlichen. Keinen sehr glücklichen Abend hatte Herr Valberg als
1954 1634 3146 1716 Fritz Lobheimer. Er behandelte diese Stimmungsrolle passiver, als
1949 1678 3152 1733 löthig gewesen wäre, man kam nicht einmal zur Antheilnahme an dem
1955 1718 3147 1795 ungen, so muthwillig verspielten Menschenleben, sondern man ärgerte
1960 1764 3154 1824 ich nur über die unselige laxe Moral der „jungen Leute“, von denen
1969 1789 3145 1860 ben auch Fritz Lobheimer einer ist, eine Moral, die immer Unheil und
1968 1828 3148 1907 elend im Gefolge hat. Recht gut gefiel uns Herr Felix als der
1969 1878 3147 1936 Vernunftmensch“ Theodor Kaiser. Sein anspruchsloses Spiel, seine
1964 1907 3150 1985 ngekünstelte Sprechweise machten einen sehr günstigen Eindruck. Das
1967 1962 2672 2014 heater war wie immer sehr gut besucht.
2088 2031 3192 2093 Teschen. 25. October. (Theater.) Der Beifall, den W. Meyer¬
1990 2077 3196 2132 Försters „Alt=Heidelberg“ Schauspiel aus der Studentenzeit, überall
1989 2117 3185 2165 und gestern auch auf unserer Bühne gefunden, ist nicht so sehr ein Er¬
1998 2138 3194 2213 folg des dichterischen Könnens des Verfassers, er wird vielmehr herpor¬
1989 2185 3181 2237 gerufen durch den Schauplatz, auf welchem sich das Stück abspielt, durch
1995 2220 3184 2287 Alt=Heidelberg und dessen eigene Poesie. Bei dem bloßen Klange dieses
1997 2261 3191 2328 Namens zieht poetische Stimmung ein in die Seele, die bald wehmüthig
1997 2300 3183 2365 darnach frägt, wohin die alte Burschenherrlichkeit entschwunden, bald
2003 2347 3179 2408 wieder in die übermüthige Jugendlust einstimmt, die das Lebenselement
2003 2372 3187 2442 des deutschen Studenten ist. Im Mittelpunkt der Handlung steht der
2005 2413 3189 2480 Erbprinz Karl Heinrich, eine Waise, der in der strengsten Hofetiquette
2003 2459 3195 2517 erzogen, auf ein Jahr an die Universität Heidelberg geschickt wird. Das
2002 2491 3182 2557 flotte, frische, ungebundene, von Jugendmuth übersprudelnde Studen¬
1988 2530 3189 2586 tenleben findet sein Gefallen und Käthie, die liebliche Nichte seiner
1991 2576 3181 2634 Wirthin, gewinnt, allerdings etwas gar zu plötzlich, sein junges, un¬
1986 2603 3183 2670 schuldiges Herz. Doch nach kurzen vier Monaten bereits muß der Prinz
1991 2641 3171 2710 Heidelberg verlassen. Der regierende Fürst ist gestorben und Karl Hein¬
1993 2685 3181 2749 rich tritt sein Erbe an. Zwei Jahre sind vergangen, der Frohmuth
1993 2719 3180 2795 der Heidelberger Wochen ist längst verklungen, kalt und fast menschen¬
1987 2765 3188 2810 schen lebt der Fürst nur seinen Regentenpflichten. Da klopft die Er¬
1991 2792 3179 2860 innerung an Heidelberg an sein Herz und es drängt ihn, noch einmal
1988 2837 3191 2903 die Stätte aufzusuchen, wo er allein glücklich gewesen, ebe er seiner Braut,
1989 2878 3107 2941 die ihm der Wunsch seines Onkels aufgezwungen, entgegentritt.
1989 2915 3186 2989 findet seine Käthie, jauchzend sinkt sie ihm an die Brust — zum letzten
1989 2942 3177 3012 Male! Der bitteren Nothwendigkeit gehorchend, müssen die beiden jun¬
1989 2998 3167 3053 gen Menschenkinder scheiden. — Die Aufführung war bis auf die gänz¬
1979 3029 3182 3092 lich mißglückten Studentenscenen eine recht gelungene. Die durchaus
1991 3070 3182 3132 nicht leichte Rolle des Erbprinzen mit ihren verschiedenen Stimmungen
1981 3096 3176 3175 war bei Herrn Gleißner in den besten Händen. Wie es die Situa¬
1979 3148 3170 3209 tion erforderte, war er jung und heiter, im zweiten Acte stürmisch
1986 3195 3168 3242 und zum Schlusse fand er auch treffende Accente für den drückenden
1979 3218 3164 3278 Ernst, der auf ihn lastet. Herr Gleißner wurde wiederholt durch leb¬
1982 3259 3180 3323 haften Beifall und Hervorruf geehrt. Frl. Petrowits war eine
1979 3306 3169 3363 reizende „Näthie", munter, harmlos, klug und voll inniger, starker
1982 3341 3176 3385 Liebe. Den hochmüthigen, anmaßenden Kammerdiener Lutz spielte Herr
1982 3368 3166 3443 Sprinz sehr gut mit gelungener Hervorhebung des komisch=satirischen
1987 3406 3176 3474 Gehaltes dieser Rolle. Sehr gemüthvoll gab Herr Renner den Dr.
1991 3446 3172 3498 Jüttner. Seine Regie jedoch ließ leider viel zu wünschen übrig.
1983 3490 3164 3533 Die Studentenscenen, die zur Wirkung gerade dieses Schauspieles wesent¬
1982 3523 3163 3586 lich beitragen sollen, waren, wie bereits erwähnt, vollkommen mißlungen
1981 3556 3168 3618 und bildeten geradezu ein Persiflage des Studentenlebens. In ihrem
1979 3609 3162 3660 reducirten Aeußern, mit ihrem rüpelhaften Venehmen bildeten diese
1991 3652 3160 3703 „Studenten“ nicht elegante Corps, sondern einen wahren „Chor der
1961 3693 3157 3751 Nache". Der fünfte Act war geradezu lächerlich. Mit fünf Mann
1969 3715 3163 3781 veranstaltet kein Corps einen Ehrencommers, an welchem der Landes¬
1971 3736 3160 3822 fürst als „alter Herr“ theilnimmt. In dieser Beziebung muß bei einer
1976 3798 3158 3868 Wiederaufführung des Stückes gründliche Abhilfe geschafsen werden.
1976 3841 2817 3889 — Das Haus war ausverkauft und beifallslustig.
3013 3845 3121 3906 F.
