3484 4256
180 157 278 232 25
318 150 611 230 Liebel
859 149 1300 260 box 13/7
302 167 735 278 e .  1
617 669 1026 759 Ausschnitt aus:
757 748 1415 858 Jodes Wieder SUATzeN, H N
625 896 824 977 vom:
843 888 1412 1004 2 3. 00U
420 986 1592 1103 Neue Lond ter Theatersaison bringt:
471 1015 2784 1216 Wient: Autoren und Schauspieler im Vor egrund.
1461 1258 1807 1359 E. M. S.
1173 1297 2844 1432 London, 22. Juli. und gedenkt auch „Jugend voran“ neuerlich aufzuführen.
762 1369 2845 1468 Gegenwärtig spielen „nur“ 25 von den Londoner Ende des Monats findet die Premiere von „Kopf in der
649 1416 2842 1522 Theatern, im September aber, wenn in anderen Groß= Schlinge“ unter dem Titel „The Unguarded Hour“ (Die un¬
1643 1452 2854 1547 bewachte Stunde) im Dalystheater statt. Godfrey Tearle und
641 1495 1636 1550 städten die Saison erst beginnt, werden bereits doppelt
1638 1508 2852 1590 Rachel Berendt, eine hübsche Pariserin, wurden für die Haupt¬
645 1531 1631 1594 so viele Bühnen allabendlich beleuchtet sein. In großen
657 1568 1634 1625 Umrissen ist das Programm der Herbstsaison bereits heute
1639 1558 2858 1644 rollen verpflichtet. Hans Jaray wird wahrscheinlich gleichfalls
661 1610 1635 1670 feststehend. Oesterreichische Autoren und Schauspieler
1643 1610 2862 1705 mit zwei Stücken vertreten sein. Die Aufführung von
661 1649 1641 1710 werden eine hervorragende Stellung im künftigen
1644 1652 2866 1749 „Christiano zwischen Himmel und Hölle“ ist be¬
662 1700 1086 1761 Repertoire einnehmen.
1644 1722 2336 1798 reits definitiv für Oktober festgesetzt.
671 1736 1417 1827 „Liebelei“ von Oskar Straus.
547 1795 2860 1881 Eine der größten Sensationspremieren verspricht man sich Wiener Operettenstars mit Tauber an der Spitze.
1738 1830 2869 1930 André Charlot ist eben mit der Vorbereitung einer großen
436 1859 1657 1924 von der musikalischen Version des Schnitzler=Stückes „Liebelei“.
1660 1882 2878 1979 Revue, der dritten in diesem Jahre, beschäftigt und gedenkt dann
435 1901 1648 1981 Cochran plant die Aufführung diefer von-Edward=Knoblock für
1645 1941 2870 2015 wieder eine Wiener Operette herauszubringen. Sir Oswald
435 1955 1650 2034 England bearbeiteten Operette von Oskar Straus für den Früh¬
1650 1981 2863 2083 Stoll eröffnet die Alhambra im August mit einer Operette
437 2006 1657 2076 herbst. Der englische Titel lautet „Dalliance“. Cochran, der dieser
1656 2022 2879 2122 „Tulip Time“ („Tulpenzeit"), in der der ungarische Schau¬
437 2048 1663 2129 Tage seinen Urlaub angetreten hat, beabsichtigt, auch einige
1659 2080 2867 2175 spieler Steve Geray eine Hauptrolle spielen wird. Geray und
449 2100 1656 2162 Wiener Künstler für die Hauptrollen zu gewinnen und wird
449 2121 2873 2232 wahrscheinlich im Verlauf des Sommers nach Wien und Salz= und seine Frau Magda Kun wurden auch für eine Reihe von
455 2172 2880 2267 burg kommen, um diesbezügliche Verhandlungen zum Abschluß englischen Filmen verpflichtet. Magda Kun wird der Star des
1653 2233 2345 2314 ersten englischen Farbenfilms sein.
456 2260 715 2332 zu bringen.
1744 2247 2892 2345 Mit besonderem Interesse sieht man dem Gastspiel Richard
557 2282 1660 2369 Im November wird Elisabeth Bergner in dem für sie
1669 2308 2879 2406 Taubers entgegen, der im Herbst wieder in London erwartet
447 2353 1662 2414 von Sir James Barrie verfaßten Stück wieder in London auf¬
1675 2347 2886 2447 wird und hier entweder in „Giuditta“ oder im „Singenden
461 2396 1670 2477 treten. Kurz darauf wird Oskar Homolka in dem neubearbeiteten
1670 2402 2886 2492 Traum“ auftreten soll. Auch Serge Abramovic wird in einer
464 2449 1670 2531 Drama „Mesmer“ von Beverley Nichols spielen, das schon
459 2454 2886 2568 vor einigen Monaten vor der Aufführung stand, aber auf den großen Operette in London zu hören sein. Lea Seidl, Hella
1673 2496 2888 2587 Kürty, Irene Palasty und Tilly Losch, die schon seit
455 2536 1685 2607 Herbst verschoben werden mußte, um durchgreifende textliche
1667 2543 2891 2642 längerer Zeit in London ansässig sind, werden alle in der nächsten
478 2609 1247 2693 Aenderungen des Werkes zu ermöglichen.
1670 2587 2891 2673 Saison in verschiedenen neuen Produktionen auftreten. Grete
1670 2653 2893 2739 Mosheim, Lucie Mannheim und Liane Haid, die gegen¬
636 2665 1515 2770 Bernard Shaw, Fodor und Jaray.
559 2722 2890 2797 Bernard Shaws neues Drama „The Simpleton of wärtig in englischen Filmen tätig sind, sollen gleichfalls im
1676 2720 2896 2819 Herbst ihr Londoner Bühnendebüt absolvieren. Professor Leopold
1678 2766 2893 2877 Jeßner bereitet einige Produktionen vor und Professor Eugen
458 2793 1681 2876 the Unexpected Isles“ wird nach der Premiere bei den
1690 2821 2892 2922 Robert, der mit Fodors „Roulette“ einen großen Regieerfolg er¬
466 2836 1681 2944 Festspielen in Malvern auch in London aufgeführt werden. Gleich¬
1694 2872 2904 2960 rungen hat, wird eine Komödie mit Musik von Mischa
477 2887 1679 2962 zeitig wird auch das Lustspiel, das Shaw auf seiner letzten Süd¬
1691 2912 2912 3008 Spoliansky inszenieren. Robert Klein plant eine Reihe von
467 2931 1679 3023 afrikareise geschrieben hat, zur Uraufführung kommen. Anläßlich
1683 2946 2910 3052 Shaw=Aufführungen mit einem internationelen Ensemble.
472 2981 1689 3055 der Feierlichkeiten, die dem achtzigsten Geburtstag Bernard
1684 3013 2903 3100 Stücke von Bruno Frank und Ferdinand Bruckner wurden zur
482 3029 1688 3126 Shaws in der kommenden Saison vorangehen werden, plant
1686 3059 2896 3163 Aufführung erworben, nähere Einzelheiten stehen aber noch nicht
484 3083 1689 3162 man die Aufführung sämtlicher Shaw=Stücke an verschiedenen
1685 3091 2912 3217 fest, Bruckner arbeitet gegenwärtig an dem Filmbuch der
491 3153 703 3230 Theatern.
1683 3140 2906 3258 „Heiligen Johanna“ für Elisabeth Berqner und Bruno Franks
579 3162 1700 3264 Ladislaus Fodor teilt sich mit Shaw in die Ehre, gleich¬
482 3240 2915 3324 zeitig an mehreren Londoner Bühnen aufgeführt zu werden. Man Film „My Hearts Delight“ mit Richard Tauber und Diana
462 3253 2669 3391 plant eine Reprise von „Arm wie eine Kirchenmaus“] Napier wird demnächst zur Erstauführung kommen.
