3484 4224
797 148 1229 246 box 13/3
259 173 651 249 Liebelei
250 236 659 285 —
1112 579 1157 624 90
698 568 1204 668 „UBSERVEN
634 647 1299 735 Wien, I., #ollzeile Nr. 11
731 717 1214 798 Telofen R.92-0-43
572 820 1208 918 ##. Allgemeine Zeitung. Wien
818 880 1224 971 5 fE3.1933
359 1092 1094 1195 WINNAWE
414 1281 1181 1427 „Lichelel- als- Miltärtlm
420 1391 1240 1453 Fritz-und Theodor stecken in Dragoner¬
341 1442 1250 1510 uniform. Und Luise Ullrich als Schlager¬
356 1489 1241 1554 mizzi erscheint sekundenlang und süßen, na¬
347 1539 1241 1602 türlich Tokayerweines trunken, in der Offi¬
348 1589 1249 1644 zierskappe als leibhaftiges Lilian=Harvey¬
356 1639 1254 1694 Gespenst. Das mußte wohl sein aus Grün¬
346 1683 1249 1737 den des Verkaufes und der unverwüstlichen
348 1734 1241 1794 Deutschen=Reichs=Uniformseligkeit. Immer¬
355 1787 1250 1847 hin: die Gefechtsübung im tiefen Schnee ist
348 1828 1256 1899 eine der besten und diskretesten filmischen
355 1883 1259 1938 Winterstimmungen. Auch die Schlittenfahrt,
358 1930 1262 1990 die Fritz und Christine frei nach dem Anna¬
349 1974 1258 2043 Karenina=Film machen, in romantischen
345 2029 1258 2090 Schneepelzen, schlittenklingelnd und mit
348 2079 1261 2134 einem Liebesdialog, den freilich kein
360 2124 849 2192 Schnitzler gedichtet hat.
443 2151 1275 2236 Gleichwohl zeigt der Filmregisseur
351 2205 1274 2284 Max Ophuels seinen gewohnten Geschmack
363 2269 1262 2336 in einer Menge zwar nicht unbedingt milieu¬
358 2324 1256 2383 treuer, aber menschlich zarter und be¬
358 2363 1262 2423 hutsam vom Kinoeffekt weginszenierter
361 2400 1271 2478 Details. Er zeigt auch Gemüt, sehr vor¬
361 2456 1268 2523 sichtig freilich und mit jener ein wenig
368 2519 1257 2578 krassen Beherrschtheit, die in deutschen
357 2555 1263 2619 Filmlanden auch geschäftliche Voraus¬
364 2609 1262 2657 setzung ist. So spielt den Fritz bei ihm der
355 2659 1263 2721 im Profil und im innig starken Tonfall
365 2702 1265 2764 sehr begabte junge, aber ganz und gar nicht
369 2749 1259 2813 österreichische Schauspieler Liebeneiner.
364 2803 1269 2856 Wohl damit der k. k. Melancholie nicht zu
355 2861 1260 2921 viel geschehe. Er spielt ihn mit einer sehr
354 2889 1270 2973 leisen und mitunter wirklich rührenden
363 2948 606 3010 Strafsheit.
453 2984 1263 3056 Legitime Wiener Rasse vertritt in
364 3042 1264 3109 diesem Film eigentlich nur die Schlager¬
371 3091 1258 3147 Mizzi der Luise Ullrich. Mit einer Süße,
364 3145 1262 3201 die ihren persönlichen Reiz und Schmiß
366 3185 1265 3247 hat, ein wenig derber freilich scheint, als
360 3239 1263 3294 es der für uns gewohnte Ullrich=Typ bis¬
353 3283 1264 3350 her war und auch ein wenig des¬
364 3328 1280 3407 illusionierter. Uebrigens hätte man die
375 3379 1283 3443 Ullrich nicht ungern als Christine gesehen.
371 3443 1272 3493 denn auf dem Hintergrund ihres so ver¬
368 3474 1272 3543 zweifelt flotten Lächeins schimmert es oft
372 3523 1033 3588 wie scheuer tragischer Abglanz.
449 3562 1273 3637 Die Christine des Films ist Magda
364 3620 1261 3678 Schneider. Auf ihrem präzise geschnittenen
364 3677 1268 3731 Puppengesichtchen schimmern allerlei feinere
367 3720 1263 3777 Menschlichkeiten. Den hellen, wilden, wehen
373 3766 1268 3836 Aufschrei der Enttäuschung hat sie nicht,
367 3828 1273 3882 ja es wurde gar nicht einmal der Versuch
371 3854 1274 3929 gemacht, sie und ihn entsprechend zu in¬
369 3910 1266 3972 szenieren. Diese Christine verhaucht in
372 3958 1265 4025 menschlich sehr sympathischer, schau¬
367 4011 1272 4071 spielerisch nur flüchtig haftender Wehmut.
370 4056 1279 4127 Magda Schneider scheint außerdem von
618 4096 1259 4155 ckhaftem Filmkitsch ara rampo¬
1259 1013 2142 1072 Gegengewicht ist der Theodor Willy Eich¬
2179 1021 3056 1081 feinen Ironien und hie und da gewüczt
1272 1064 2147 1115 bergers, freilich beinahe mehr ein Leutnant
2167 1069 3059 1144 mit ein bißchen aber schon sehr diplomati¬
1275 1116 2145 1179 Gustl, denn Ophuels bereichert die Schnitzler¬
2170 1114 2578 1188 schem Sarkasmus.
1267 1160 2145 1219 Liebelei um einen zweifellos ebenso popu¬
2242 1153 3065 1227 Schönster Einfall, wenn über den Tod
1266 1208 2145 1264 lären wie filmwirksamen Privatprotest des
2162 1208 3052 1277 der Liebenden hinaus schließlich die Winter¬
1265 1256 2140 1319 jungen Offiziers gegen den Duellwahnsinn.
2163 1262 3058 1322 tannen stumm und einsam wieder erschei¬
1281 1308 2141 1356 Ein literarischer Maßstab schaltet übrigens
2164 1313 3053 1363 nen, die der vermeintlichen und voreilig
1277 1363 2138 1417 natürlich ganz aus. Ebenso der irgend
2164 1349 3065 1412 Glücklichen Liebesworte gehört haben. Man
1269 1400 2143 1459 eines Vergleichs mit gerade jetzt aktueller
2169 1407 3057 1462 hört auch selbst diese Liebesworte wieder
1271 1453 2141 1509 grandioser Bühnenwirkung. Bei Ophuels
2171 1458 3063 1525 und zum erstenmal scheint Tonfilmklang
2037 1495 2066 1520 —
1270 1499 2145 1560 fehlt wohlweislich auch die unauffällig
2167 1497 3065 1570 gespenstisch unpersönlich, wie eine Mah¬
1269 1556 2151 1607 soziale Note, die Arthur Schnitzler ebenso
2161 1546 2922 1614 nung über Zeit und Raum hinaus.
1271 1592 2149 1658 graziös wie gleichwohl hellsichtig und un¬
2238 1589 3076 1659 Das ist das schönste an diesem betrieb¬
1259 1632 2151 1702 bestechlich anklingen läßt. Bei Ophuels ist
2174 1643 3064 1708 sam geschmackvollen Film, daß er mitunter
1274 1700 2144 1753 die „Liebelei“ eine Filmnovelle, zart um¬
2160 1699 3057 1748 nur Schatten wirft, trauervoll beredsame
1267 1741 2141 1799 rändert, sanft beleuchtet, historisch melan¬
2163 1740 3057 1808 und uns noch immer sehr vertraute
2160 1785 2432 1865 Schatten
1271 1786 2146 1855 cholisch, eine kleine bittersüße romantische
1259 1836 2184 1900 Alltäglichkeit, durchblitzt von leichten und
2504 1817 3030 1921 Ludwig Ullmann
2250 1901 2367 1973 au Msenn
