3484 4224
2 1658 105 1734 Sdac
-25 1732 109 1823 Ge
-5 1798 106 1848 sein
1 1828 94 1879 noch
-7 1836 109 1973 145
-20 2173 102 2235 as B
513 186 877 258 Liebelei
964 178 1468 284 box 10/3
318 174 942 309 5. Liezeler
2323 905 2559 982 son Corps.
231 927 2337 1003 eines in vielen Fällen die Nutzungsberechtigten wirkliche Eigen= denten dem Herrn Ebward F. Uhl angeboten worden, der
2393 922 3343 1002 Die Königliche Yacht „Alberta“, mit der Prin¬
353 968 1350 1027 thümer der Waldungen sind. In keinem Falle ist die
1338 982 2343 1030 denselben auch bereits angenommen hat. Herr Uhl be¬
214 975 354 1049 rings¬
2330 980 3351 1051 zessin Battenberg an Bord, traf Dinstag Nach¬
354 1009 1358 1066 staatliche Bevormundung zulässig. Der heutige Zustand
209 1013 360 1081 M., der
2325 1016 3353 1082 mittag 14 Uhr, wie uns aus London gemeldet wird, in
212 1021 2342 1129 des verletzt die Empfindungen der Berechtigten auf das schwerste. kleidet gegenwärtig eine hohe Stellung im Ministerium des
2319 1049 3336 1119 1 Portsmouth ein. Dieselbe wurde von den See= und Mi¬
357 1073 1530 1139 Es steht fest, daß die Waldungen aufs beste bewirth= Innern.
2332 1101 3350 1192 ahnse vich Gisign in enschen wiren de ich voch iurm
1344 1117 2345 1197 use dan Gnmhent von Anstehechnl Fevoer
213 1156 1366 1232 terial= bearbeitet. Psychologisch fein beobachtet und überaus
2340 1174 3333 1246 so schweren Stand hätte! — Scheidemantel antwortete
1355 1172 2340 1235 gerufen wird, mag wohl dem Verfasser im Interesse
343 1199 1356 1278 wirkungsvoll sind „Der Raubmörder", „Der Mann und
220 1205 361 1276 vor in
1351 1206 2344 1274 des Effektes eines Stückes wohl passen. — aber im Inter¬
2336 1215 3353 1297 mir nun auf meinen lustigen Brief ebenso lustig wie folgt:
348 1245 1361 1317 die Schlange", „Aus unüberwindlicher Abneigung“, „Die
1361 1259 2346 1311 esse unserer deutschen Kunst müssen wir gegen eine der¬
2498 1266 3049 1345 „Schöne. lange Töne spinnen,
1348 1288 2353 1344 artige „moderne Strömung“ energisch Stellung nehmen.
355 1294 1355 1356 erste Brille". Ein reizender Scherz ist „Betrogene Be¬
225 1279 357 1367 te, das
2493 1304 3069 1367 Junig singen von der Minnen,
1350 1330 2358 1382 Gerade so wenig, wie es uns gepaßt hat, daß hier vor
363 1333 1356 1401 trüger“ und echten Humor findet man in „Liebesdienst —
2486 1334 3046 1406 Manchmal ordentlich forciren,
225 1348 369 1408 g eine
1350 1351 2351 1414 wenigen Tagen eine Frau, die von ihrem Manne ver¬
2488 1369 3043 1443 Vor Fermaten nicht geniren,
363 1377 1359 1448 ohne Weiblichkeit.“ Aber auch in allen anderen Novellen
219 1390 357 1455 ie trat
1358 1397 2293 1458 lassen worden war, als Chansonette aufgetreten ist,
2488 1412 2938 1473 Ungeheuer lustig heute
351 1427 1364 1499 versteht es der Autor seine Leser zu fesseln und zu unter¬
1349 1433 2299 1506 trotzdem einige „so Etwas“ natürlich fanden-
219 1438 358 1498 Intvolle
2495 1434 3140 1510 Morgen bleich vor schwerem Leide,
2142 1447 2362 1530 natüirlich,
1922 1468 2043 1523 wir
355 1472 1352 1538 halten. Sicher wird dieses Buch Alfred Fried¬
1357 1474 1916 1540 gerade so wenig finden
2491 1474 3148 1554 Die kleinen und die kleinsten Rollen
215 1481 361 1550 e schon
1349 1476 2357 1566 daß ein „modernes Drama“ mit einem solch unhaltbaren
366 1527 1046 1587 mann viele neue Verehrer gewinnen.
2500 1513 3133 1585 Niemals nicht nicht singen wollen;
228 1531 366 1587 konnte.
1353 1538 2358 1603 Schluß endet. In gewisser Beziehung könnte man Wil¬
2490 1560 3069 1617 Schöne Bärte, hübsche Waden,
417 1548 1355 1639 „Sklaventraum“, das kürzlich vom Theater des
224 1575 380 1641 istlerin
1355 1573 2364 1656 denbruchs „Haubenlerche“ ein Pendant zu gestriger
2495 1580 3019 1648 Alles dieses laßz Dir rathen
1733 1616 2362 1688 Dort der Dichter und hier
217 1622 376 1682 gethan
366 1618 1359 1681 Westens unter einem Pfeudonym erworbene Schauspiel,
1358 1619 1730 1690 „Liebelei“ nennen.
2495 1610 3097 1693 Bringt Dir Gagen und Erfolge,
1705 1620 2355 1719 Muß man denn dem Volke
1349 1653 1694 1726 der „Moderne“.
218 1667 369 1742 komm¬
2494 1671 3046 1723 Wie ich selbst erlanget solche.“
354 1669 1362 1732 hat Herrn Otto Girndt zum Verfasser, wie wir soeben
1342 1685 2358 1754 immer wieder vor Augen führen, wie „schlecht",
2502 1684 3085 1766 Daß es Dir auch mag gelingen,
362 1713 1093 1775 von einem indiskreten Freunde erfahren.
222 1715 366 1775 spielte
1366 1711 2348 1790 wie „erbarmungslos“, wie „knechtisch“ es behandelt wird,
2500 1729 3083 1810 Will ich einen Ganzen bringen!
234 1757 377 1811 n einer
1387 1772 2364 1819 — Alles an einer Begebenheit abgesehen, die überhaupt!
429 1749 1363 1828 Webers „Aufforderung zum Tanz“ für Orchester
2792 1758 3128 1849 Herzlichen Gruß!
1349 1764 2354 1852 nur in der Phantasie des „Verfassers“existirt. Ist es heut¬
212 1800 371 1875 Franistin
2889 1784 3297 1868 Karl Scheidemantel.
366 1805 1355 1875 gesetzt von Felix Weingartner erscheint demnächst im Ver¬
1362 1830 2358 1893 zutage nicht vielmehr Pflicht eines Jeden, der sich berufen fühlt,
233 1842 371 1917 merk¬
2410 1834 3349 1919 Die Zangen (les tenailles) sind in einer Verdeut¬
363 1866 1356 1925 lage von Adolf Fürstner in Berlin. Herr Felix Wein¬
1356 1865 2361 1928 die Feder zu führen, stets und ständig darauf bedacht zu sein,
215 1876 379 1958 5 eine
2347 1889 3352 1963 schung dem Hofburgtheater in Wien eingereicht worden.
370 1910 1332 1982 gartner hat dieselbe der Königlichen Kapelle gewidmet.
1355 1917 2352 1966 daß unserem Volke der Idealismus erhalten bleibe? Ist
221 1939 374 2005 llte da
1364 1937 2357 2013 es noch nicht geuug, daß gewissenlose Menschen, die sich
2344 1944 3349 2003 Unser E=Korrespondent meldet ferner, daß das Gastspiel
425 1953 1371 2026 Das Olympia=Theater, das hier für die Ausstellungs¬
1363 1982 2352 2045 Volksfreunde“ nennen, diesem armen Volke sein höchstes
243 1983 386 2055 sein?
2349 1979 3366 2060 der Pariser Sängerin Frau Adah Adini im März in der
373 2006 1366 2081 zeit projektirt wird, ist kein englisches Unternehmen, sondern
1361 2018 2346 2073 Gut zu rauben suchen, — müssen denn da noch Mäuner
213 2027 378 2097 h und
2342 2029 3363 2100 Hofoper stattfindet. Die Künstle#n wird die Aida, Va¬
1354 2032 2354 2108 von Geist und Talent Iu gutmüthiger Sorglosigkeit und in
367 2057 1360 2117 das eines jungen Schauspielers Herrmann Haller, der
234 2078 376 2137 Höhe
2341 2080 3354 2148 lentine („Die Hugenotten") und Brünnhilde („Die
1366 2101 2351 2157 ebenso gutmüthigem irregeleiteten „Vorwärtsstreben“ mit¬
366 2106 1359 2190 s. Z. das Gastspiel=Theater in der Ausstellung gründen
211 2122 376 2186 ziemlich
2738 2128 3356 2192 Im April gastirt Fräulein
1362 2116 1550 2206 helfen?“
2335 2121 2719 2206 Walküre*) singen.
371 2153 530 2226 wollte.
211 2174 376 2238 Feichend.
2346 2173 3355 2243 Sophie Sed'maier ebenfalls in hochdramatischen Partien.
1433 2171 2360 2238 Frl. Jenny Fischer, welche in Frankfurt a. M. in
424 2195 1370 2262 Baumeisters Gastspiel am Neuen Theater beginnt
214 2211 384 2279 tte sich
2355 2196 3363 2282 Die Erstaufführung von Goldmarks „Heimchen am Herd“
1365 2226 2354 2288 der Operette „Der L ersteiger“ die Komtesse spielte, wurde
368 2252 1369 2313 am 29. Februar und zwar mit einer seiner Glanzrollen,
224 2258 377 2321 wenig
2354 2257 3367 2330 ist für Anfang März in Aussicht genommen. Direktor
1696 2274 2361 2346 #en Aktes, in der sie von Nelly aus
1351 2263 1720 2344 in der Scene des #
372 2285 1045 2378 dem „Richter von Zalamea“.
218 2305 386 2367 ück von
2349 2306 3374 2380 Jahn wird das Orchester dirigiren. Der Aerger mit Fran
1711 2314 2360 2381 wird, durch den ihr nachgeschlenderten
1356 2319 1709 2386 dem Hause gewiese
216 2353 390 2418 Die Frau
2348 2354 3365 2424 Kopacsi hat Herrn Direktor Janner auf's Krankenlager
437 2336 1371 2417 „Liebelei“ hat uns einen Brief mit der kritischen
1697 2365 2351 2426 getroffen, so daß ihr das Blut über
1353 2357 1710 2436 Rucksack ins Gesi
210 2398 379 2456 Wesangs¬
2350 2388 3378 2463 gebracht. Der Prozeß, welchen die Direktorin Fräulein
369 2409 1366 2457 Auslassung eines Herrn aus dem Publikum eingetragen.
1694 2411 2359 2484 Das Stück konnte, dank der Energie
1368 2415 1689 2485 die Stirn riese
222 2435 383 2502 tbereits
2344 2437 3364 2523 v. Schönerer wider den Direktor Franz v. Janner punkto
383 2452 1376 2516 Es dürfte ganz interessant sein, diese „Volksstimme“ kennen
1692 2456 2095 2527 nde gespielt werden.
1357 2450 1656 2532 der Künstlerin.
213 2480 381 2548 Die Frau
2356 2478 3369 2562 zwanzigtausend Gulden angestrengt, rückt der Entscheidung
383 2491 1380 2566 zu lernen. Wir bringen deshalb den Brief ganz zum
1719 2485 2349 2576 eines Volkstheaters in der Gruzer
1432 2513 1649 2588 Zur Err
213 2529 386 2594 ogramm
2351 2537 3372 2611 durch die erste Instanz näher. Direkior Müller=Guttenbrunn
375 2542 579 2623 Abdruck:
1718 2550 2351 2610 von zahlreichen wohlhabenden Bür¬
1361 2554 1629 2628 Murvorstadt
217 2581 397 2645 andlung
2354 2586 3371 2644 verklagt den Raimund=Theater=Verein auf Zahlung der vor¬
512 2566 1114 2642 Sehr geehrter Herr Redakteur!
1686 2601 2359 2671 im gebildet. Als Leiter des neuen
1368 2595 1636 2667 gern ein
446 2602 1373 2672 Ich bin fremd hier, sah das Stück heute Abend, und
2348 2618 3365 2700 enthaltenen halben Monatsgage pro Januar, die andere
1682 2640 2367 2717 bekannte Volksschriftsteller Reichsraths¬
1361 2643 1621 2715 Theaters ist
388 2668 1369 2718 — schreibe in Eile Ihnen dieses direkt nach der Auffüh¬
228 2673 384 2739 Rossini,
2352 2667 3376 2735 Hälfte wurde ihm, wie von uns bereits gemeldet, schon
1655 2689 2160 2764 #e in Aussicht genommen.
1368 2690 1635 2774 Abgeordnete
380 2692 1381 2757 rung, gerade so wie ich es fühle. Sollten Sie dafür
203 2711 380 2774 ird die
2350 2700 3367 2795 ausbezahlt. — Also „Klagen, nichts als Klagen“ — demn
386 2734 1387 2805 Verwendung haben, so würde es mich im Interesse der
1640 2715 2371 2793 kollegium des Raimund=Theaters
1425 2737 1619 2805 Das ?
207 2759 386 2826 # streben
2365 2759 3373 2830 Müller=Guttenbrunn klagt, die Kopacsy klagt, Janner
383 2783 645 2845 Sache freuen.
1627 2785 2362 2839 ng von Max Halbes Schauspiel „Lebens¬
1363 2773 1627 2850 hat die Auf
213 2806 393 2869 och viel
2367 2801 3372 2885 klagt — Alle gegen oder durcheinander, Niemand kennt sich
443 2792 1373 2885 „Die Novität des „Deutschen Theaters“
1624 2826 2363 2888 en. Der Dichter hat das Werk nach den
1376 2835 1623 2895 wende“ bese
222 2852 387 2917 konzert¬
2364 2864 2595 2935 mehr aus!
379 2863 1372 2932 Liebelei“ von Schnitzler draugte einem unwillkürlich die
1601 2858 2372 2944 er Berliner Première theilweise umgear¬
1377 2877 1627 2953 Erfahrung
382 2893 1380 2960 Frage auf: „Worauf in aller Welt steuern die Modernen
2434 2884 3381 2962 Kammersänger a. D. Sontheim, der einst in ganz
1369 2915 2370 2984 beitet, die esten Akte stark gekürzt und in den letzten
953 2942 1067 2978 9 1011 1
888 2941 946 2975 53n
386 2937 1375 2994 zu?“ Gestern Abend sah und hörte man nichts als „Natur“.
2359 2946 3375 3018 Deutschland gefeierte Tenorist. ist anläßlich seines 76. Ge¬
1369 2965 2366 3039 Akten die ee des Stückes plastisch herausgerbeitet. Max
384 2970 1377 3030 Und das ist ja „schön“, das ist herrlich, so etwas „packt“.
237 2990 384 3054 “, „Die
2367 3005 3368 3063 burtstages vom König von Württemberg zum Ehrenmit¬
391 3014 1380 3072 Ja leider packt heute so etwas und viel zu sehr. Warum
1371 3021 2368 3084 Halbe ge ikt zur Erstaufführung nach Wien zu gehen,
260 3036 394 3099 einen
391 3040 1380 3103 denn dem großen Publikum stets nur die Schäden der Ge¬
2364 3047 3216 3114 glied der Stuttgarter Hofbühne ernannt worden.
1370 3045 2031 3116 um den letzten Proben beizuwohnen.
211 3079 395 3142 Mosen¬
387 3084 1384 3143 sellschaft zeigen, ohne jemals auch nur ein Körnchen
2435 3072 3369 3151 Ueber englische Aerzte schreibt unser N=Korrespon¬
1434 3087 2380 3175 Scheidemantels Nathschläge. Der vormals Wei¬
380 3108 1396 3186 von persönlichen Abschluß hineinzusehen? Es soll ja
202 3124 398 3183 ter dem
2367 3124 3380 3198 dent: Kürzlich erschien im „Daily Telegraph“ unter dem
1376 3146 2369 3212 marische Hofopernsänger Herr Engen Robert theilt der
385 3156 1382 3216 nicht abgeleugnet werden, daß die Figuren, die der Ver¬
218 3173 386 3227 rschienen.
2372 3166 3376 3252 Pfendonym „Medico“ ein Brief, in welchem der Schreiber
393 3189 1382 3254 fasser durchweg sehr gut gezeichnet hat, auch nicht existiren,
1382 3180 2364 3258 „Neuen Musik=Zeitung“ Folgendes mit: Als Nachfolger
208 3214 393 3274 r Herren
395 3228 1388 3284 aber — diese Thatsache giebt ihm noch lange nicht die
2369 3213 3378 3292 den Eltern räth, ihre Kinder nicht Aerzte werden zu lassen,
1386 3237 2371 3301 Scheidemantels in Weimar fragte ich den Dresdener
210 3262 1379 3326 n Lebens Berechtigung, seine Realistik auch in die weitesten Kreise
218 3263 3383 3385 ster Weise zu verbreiten. Daß durch solche literarischen Erzeng= Kollegen, wie ich es wohl in Weimar beginnen müßte, da dieser Beruf nicht nur ein äußerst schwerer sei, sondern
