3484 4256
561 74 1005 148 Extrait du journal:
1211 71 1546 190 GRANS
2231 122 2622 194 Liebelei
2057 126 2632 251 5. Aetenen sch
571 162 793 228 Adresse:
577 238 731 323 Date
841 220 1229 349 eringoro= Paris
1250 282 1472 408 1 □09
1190 556 1698 658 LECINEMA
676 620 2193 794 CC M AZUR/K AD
613 764 2329 877 Un texte qui passe sur l’écran sitôt après1 néanmoifissiun jideniable attrait. c’est qu'il
1454 837 2312 929 est peuplef diplages magnifiques et véridi¬
579 862 1439 941 l'amionce du titre, demande aux critiques
1454 883 2316 978 ques. L angle fe vue n'est jamais banal et la
581 899 1445 981 de laisser ignorer au lecteur, dans leurs
1449 936 2311 1015 diversité des Véclairages est innombrable:
585 951 1441 1021 comptes rendus, l’argument du film. La di¬
1450 991 2320 1050 comme il a son décor, chaque cadre a sa
591 997 1441 1087 rection du Studio de l’Etoile est si sympa¬
1458 1027 2328 1111 lumière. D’ou cette variété d’ambiances qui
588 1048 1442 1124 thique, et nous lui devons tant de spectacles
1455 1082 2319 1155 fait que des scènes presque identiques de¬
584 1113 1457 1184 de qualité, qu'on aurait mauvaise gräce à
1456 1129 2329 1197 meurent distindtes dans la, mémoire. La boite
588 1152 1449 1228 ne point contenter un tel désir. Mais qui ne
1458 1176 2333 1243 de nuit ou Fillustre pianiste aus tempes
590 1191 1453 1278 voit que celui-ci porte en lui-mème un pré¬
1453 1222 2343 1301 argentées conduit, après leur premier entre¬
581 1240 1444 1326 jugé défavorable. Les précédents ouvrages
1461 1265 2336 1350 tien, la jeun eieve du Conservatoire qu'il
586 1290 1452 1377 de M. Willy Forst n’exigeaient pas de ces
1458 1310 2325 1386 est enstrain de séduire, n'a rien de commun
582 1353 892 1420 ménagements.
1461 1370 2326 1439 avec celle ou il sera tué; et celle ou l'an¬
602 1373 1456 1459 La raison pour laquelle il convient d’étre
1459 1419 2319 1487 cienne chanteuse d’opéra va danser un soir,
574 1436 1452 1532 si discret, vous l'avez devinée: Thistoire est
1460 1462 2337 1550 pendant la guerre, ne ressemble pas plus a
581 1488 1454 1566 centrée autour d'un effet de surprise. & Prière
587 1530 1457 1601 de ne pas mouiller le pétard. s Ainsi vous
593 1569 1458 1650 êtes prévenu que Mazurka emprunte son
588 1622 1457 1720 intérêt non à l’étude d’un caractère, d’une
598 1667 1454 1757 pässion, d’un milieu social ou d’une époque,
592 1726 1453 1797 mais à un coup de théätre gros d’une situa¬
597 1777 1460 1842 tion exceptionnelle. Qu’on admette ou non
595 1814 1464 1905 la hiérarachie des genres, il faudra bien re¬
1738 1810 1882 1924 1
591 1858 1462 1943 connaitre que nous ne sommes plus sur le
589 1903 1464 2004 plan de Mascarade. Nous sommes dans le
594 1972 1055 2046 mélo. Jusqu'au cou.
626 2001 1471 2096 Sans doute ne s’agit-il pas d’un mélo vul¬
596 2048 1480 2139 gaire: plutöt qu'aux lourdes maçonneries
609 2106 1479 2178 d’un Montépin ou d’un Decourcelle, c’est
599 2160 1477 2230 aux constructions d’un Sardou que Mazurka
608 2194 1471 2291 ferait penser. M. Willy Forst commence
606 2253 1471 2331 son histoire de la fagon la plus naturelle du
609 2299 1476 2378 monde. Puis il feint de s’être engagé dans
2185 2319 2304 2433 9
606 2344 1483 2431 une impasse. L’intrigue n'avance plus; ily a
599 2399 1489 2467 un mur. Alors l'auteur revient de quelque
613 2445 1487 2508 vingt ans en arrière, et, après nous avoir
1787 2454 2053 2560 Pola NEGRI
606 2484 1478 2580 promené dans des chemins d’ou nous per¬
608 2541 1488 2606 dions de vue les événements rapportés en
1479 2546 2371 2643 l’une qu'à l'autre. Ainsi, tous les licus-en
609 2593 1475 2659 premier lieu, il se retrouve brusquement de
1487 2614 2349 2689 nous conduira l’action sont marqués à la
601 2627 1485 2707 l’autre côté du mur, lequel n’est en réalité
1495 2658 2355 2733 fois par leurs hôtes habituels et par Theure
623 2682 1486 2764 qu'une feuille de papier, le travelse comme
1486 2706 2347 2778 qui passe. Louable habileté que celle-lä. On
618 2744 1479 2812 un cerceau d’écuyère, et, le sourire aux lévres,
1497 2748 2357 2843 ne reprochera jamais aux décorateurs et aux
615 2773 1487 2863 renoue délicatement les deux bouts de l’in¬
1498 2809 2276 2896 opérateurs de savoir trop leur métier.
625 2830 1124 2921 trigue. Voilà le travail !
1525 2838 2366 2940 Mais la bréve allusion que je viens de
644 2854 1478 2952 Loncle Särcey, s’il revenait en ce bas
1492 2915 2367 2988 faire au scénario m'amène à formuler une
632 2920 1490 2999 monde, admirerait sürement un tel film.
1495 2960 2352 3040 dernière critique, et qui n’est pas la moins
626 2970 1488 3059 Pour nous, ces exercices ont fait leur temps.
1491 2992 2364 3098 sérieuse. Si jeune, le cinéma viennois a déjá
620 3022 1480 3091 Nous ne les apprécions plus au théätre. A
1494 3058 2356 3136 ses poncifs. Ony boit trop de champagne;
625 3079 1486 3149 plus forte raison au cinéma ou nous prisons
1499 3111 2354 3179 on y lance trop de serpentins; les artistes
629 3119 1485 3196 par-dessus tout, comme dans le roman, l'ai¬
1553 3147 2371 3236 - peintres ou musiciens — et les femmes de
620 3178 1209 3248 sance et la liberté du récit.
1494 3208 2370 3277 théätre — chanteuses ou ballerines — ytien¬
646 3186 1487 3295 Jje ne veux pas me risquer à des prophé¬
1504 3247 2368 3322 nent une trop grande place; les don Juan de
631 3254 1494 3337 ties touchant l’avenir de l’écoie viennoise,
1507 3293 2373 3375 cinquante ans y font trop de victimes. ]'en
629 3312 1490 3392 mais le goüt qu'elle affiche pour la virtuo¬
1497 3328 2379 3423 ai tout particulièrement à deux accesseires
629 3351 1493 3424 sité m’inquiète un peu. Déjà Episode, de
1513 3404 2367 3459 qui figuraient déjä dans Haute Ecole, dans
631 3404 1492 3483 M. Walter Reisch, qui avait précédé Ma¬
1500 3438 2375 3508 Mascarade et dans Liebelei, l'un d’eux inter¬
635 3453 1499 3532 zurka sur T’écran du studio de l’Etoile, pé¬
1506 3473 2383 3576 venant par surcröft da Spbonie ina:
629 3484 1504 3585 chait par excès d’adresse. Les préparations
1511 3544 2374 3623 cbevée et dans Tangmusik je veux parler
637 3547 1500 3631 étaient trop savantes et les péripéties s'ajus¬
1506 3595 2375 3666 du revolver et de la jeune fille sentimentale.
632 3603 1499 3690 taient trop bien l’une dans l’autre. A me¬
1513 3643 2380 3712 Le cinéma viennois souffre de romanesque
634 3638 1503 3722 sure que l’histoire se développait, et rebon¬
1512 3684 2365 3770 chronique. Une cure de réalisme s’impose.
643 3690 1501 3766 dissait, et se compliquait, on avait l’impres¬
641 3747 1198 3817 sion de s’éloigner de la vie.
1544 3735 2382 3813 Brillante rentrée de Pola Negri, dont la
631 3770 1509 3864 I Si le film de M. Willy Forst conserve
1515 3793 2384 3863 sensualité réchauffe fort à propos le per¬
1044 3837 1492 3921 LLL--
1510 3837 2437 3908 sonnage conventionnel qu’on lui fait jouer,
1513 3897 2388 3966 et révélation de Ingeborg Theek, lauréate
1513 3928 2387 4031 du Concours de la sosie de la petite Greia
1517 4000 1686 4063 Garbo.
1727 4009 2339 4109 Georges CHAMPEAUX.
2750 113 3193 223 box 13/4
