3436 4256
460 188 796 254 Liebele
293 167 1421 266 5 box 12/7
1430 577 2437 646 ab. [Lustspielhaus.] Nun ein wirklich gutes Stück
1346 650 2418 703 Shnitzlers „Liebelei# so gut, daß die 25 Jahre,
1373 686 2418 735 Kit es emstanten, ihm nichts anhaben können und seiner
1339 718 2423 789 Olebendigen Unmittelbarkeit keinen Abbruch tun. Denn:
1359 769 2420 824 „in diesem Stücke sind die tiefen Atemzüge der Wirklich¬
1355 808 2416 857 keit“ rühmt — und mit Recht — Mamroth, ein Kritiker!
1362 822 2421 895 von Geist und Einsicht, an dieser durch und durch wahr¬
1361 880 2411 932 empfundenen Großstadtstudie: Liebelei — ihm Zeit¬
1365 919 2422 991 vertreib für etliche müßige Stunden, ihr aber Daseins¬
1361 954 2424 1022 erfüllung. Sie ihm eine von manchen, er ihr der einzige.
1371 986 2429 1057 Sobald hier der Bindestrich zum Trennungszeichen wird.
1367 1038 2429 1099 verschiebt sich's ins Tragische. Ganz einfach und natür¬
1368 1080 2421 1137 lich, und diese Einfachheit und Natürlichkeit hält Schnitzlen
1368 1135 2420 1176 auf der ganzen Linie fest. Auch die Aufführung hat es
1360 1157 2427 1230 nach Kräften getan, und so war der Gesamteindruck stark
1359 1211 2417 1260 und tief. Frl. Leschka von den Kammerspielen, die als
1364 1251 2427 1301 Christine hospitierte, gab sich schlicht und innerlich, auch
1373 1277 2429 1335 im Affekt der großen letzten seelenzerrüttenden Erkennt.
1374 1323 2425 1393 nis wahr und warm, freilich etwas mehr Luise Millermn
1373 1362 2425 1420 als süßes Wiener Mädel. Dieses dürfte bei aller Einfach¬
1368 1406 2419 1468 heit doch auch äußerlich in einem gewissen unbewußten
1376 1441 2425 1511 Reiz der Erscheinung angedeutet sein. In ihrer lässigeren
1371 1493 2424 1560 und kokett feschen Art verstand das ihre vom Leben ge¬
1369 1521 2431 1577 witzigte gutmütig leichtsinnige Gegenspielerin Frau
1380 1572 2427 1632 Aulinger vorzüglich und überraschte durch ihre vir¬
1369 1609 2425 1679 tuose Wandlungsfähigkeit und nie versagende Charakteri¬
1375 1646 2433 1725 sierungskunst. Sehr diskret verinnerlichte in verhaltenem
1372 1664 2446 1752 Herzeleid Schwartze den Vater und deutete fein in
1370 1727 2435 1785 dem gradsinnigen Manne aus dem Volk die Züge eines
1375 1769 2447 1823 zart= und tief alles Menschliche nachfühlenden echten
1375 1807 2434 1869 Künstlertums an. Als die verliebten jungen Leute fügten
1373 1845 2448 1913 Barthels, dessen Stärke auf anderem Gebiete liegt.
1379 1888 2443 1949 und Marowsky, der als Spielleiter Tempo und Stim¬
1381 1927 2452 2006 mung hielt, sich ein. Die redselige Nachbarin wurde Frau!
1378 2008 2510 2084 Scholtzens Charakterisierungstalent sauer im Widerstreitsal
1373 2048 2499 2105 ihrer sächsisch angehauchten eigenen Mundart mit der ihrj ke
1381 2086 2510 2165 wesensfremden erforderlichen wienerischen. Aber im gan¬#i
1377 2120 2520 2210 zen bedeutet Stück und Vorstellung die aufsteigende Limte, od
1375 2186 1850 2265 die es festzuhalten gilt.
1458 2187 2511 2307 = (Die teueren Honzerte 1 #ir ehaftes u#6.
1764 2635 1829 2713 —
1520 2684 2360 2774 Lustspielhaus. Die Einstudierung von
1423 2734 2351 2805 Schnitzlers Lieb#eimachte hier mit einer
1617 2780 2350 2845 ein bekannt, die eine gute Christine ist,
1441 2815 2355 2888 eine sehr gute werden kann, Dela Leschka. Ge¬
1431 2864 2351 2929 wiß, man kann verschiedenes einwenden aber
1442 2884 2355 2965 diese Christine war schon äußerlich das Wiener
2207 2932 2351 2982 e hatte
1443 2946 2112 2995 Mädel, an das Schnitzler dachte, da
2254 2972 2347 3022 ütte¬
1444 2981 2013 3049 sanfte, herzliche Töne, den ech
1450 3018 1990 3075 rung, und vor allem sah n
2286 3053 2362 3100 ier
1446 3057 1938 3123 aus. Weitere Rollen müs
1444 3098 1976 3155 die Rolle ihre Individnalit
2314 3125 2370 3172 n
1444 3126 1922 3194 ihte Individualität die
2302 3162 2362 3211 h¬
1444 3181 1711 3238 konnte die Eir
2280 3205 2365 3249 ger
1447 3219 1702 3271 ner Aufführt
2264 3241 2365 3289 Hr.
1458 3259 1702 3311 war fesch
2202 3264 2372 3329 Scholtz
1992 3278 2188 3335 ing. Elisal
1455 3291 1701 3347 Schwartze rei
1978 3318 2369 3374 und Hr. Marovsky
1453 3334 1706 3391 slichselte, auc
1962 3356 2366 3407 Bienertum vertragen.
1459 3373 1713 3423 hätten noch e
1946 3375 2396 3451 de des Beluchers muß
1464 3406 1748 3469 Hr. Willibald,4
2147 3441 2222 3518 1
1460 3513 2360 3558 das Wirkliche mehr ins Unheimliche wenden. In
1476 3534 2396 3619 der Aufführung, die sehr freundlichen Beifall
1469 3590 2379 3649 fand, war jene Stimmung der „Liebelei“ fest¬
1468 3624 2378 3681 gehalten, wie sie in der süßen, schmerzlichen Ge¬
1476 3659 2382 3729 schichte von Katharina und Dr. Grasler, dem¬
1479 3699 2025 3755 Badearzt, wieder erweckt ist.
2168 3702 2332 3770 E.
1524 3742 2401 3832 * Zwei Vortragsabende mit sehr Umfang¬
1472 3788 1629 3851 A#
