3436 4320
1538 67 2158 132 Wie Nora, so schrer se Ae
1497 70 3025 163 Gesalt, weiche die Künstlerin und vor, wenn diese, auch in die Aenseren se
2263 119 3033 191 nung noch immer anziehende und fesselnde
1514 149 2270 217 führte, die Christine in der tragischen Her¬
2270 168 3046 222 Frau — und bekanntlich ist jede Frau nur
452 164 851 236 Liebelei
1510 195 2267 259 zensgeschichte Arthur Schnitzler's „Liebe¬
271 135 1413 256 5. Laue##, box 10/5
2264 203 3045 266 so alt wie sie aussieht — ein Couplet, ein
1512 231 2266 290 lei“ durch den ganzen Jammer der Ent¬
2648 245 3041 307 anstimmt, so tann
2270 250 2647 308 Lied, ein Gstonzl
1516 263 2265 324 zauberung. Für die Hingabe des Wiener
2269 283 3049 352 man angesichts dieser noch immer
1511 304 2263 363 Bürgermädchens an den Geliebten, das
2861 316 3042 381 schelmi¬
2275 331 2851 382 feinpointirten, humorvollen,
1501 340 2267 410 Gretchenhafte der Gestalt — Frau Sorma
2274 369 3049 425 schen und rührenden Vortragskunst doch
1511 385 2263 440 wird, wie wir hören, im nächsten
2272 409 3042 473 nur sagen: es ist ein Wunder. Ein Wunder,
1513 430 2264 498 Winter das Goethe'sche Gretchen spie¬
2282 448 3047 507 wie es in dem aufreibenden Bühnenleben
1692 468 2268 529 das verträumte, sehnsüchtige
1515 480 1702 532 len —,
2285 492 3053 543 nur ganz selten vorkommt. Ueber die ges
1517 505 2263 566 Hangen und Bangen und den furchtbaren
2283 528 3032 598 strige Vorstellung von „Drei paar Schuhe“
1516 550 2276 616 Verzweiflungsschmerz, als ihr das Unglück
2283 563 3051 628 finden die Leser unter „Theater und Mu¬
1510 592 2267 660 entgegenstarrt, hat die Künstlerin die
2283 601 3055 673 sik“ Näheres. Marie Geistinger giebt diese
1513 632 2273 691 wahrsten und ergreifendsten Töne bereit.
2277 654 3053 716 „Leni Flink“ das dralle Schusterwelbchen,
1523 674 2280 738 Süße Mädchenhaftigkeit und schlichte In¬
2287 684 3057 751 das Kopf, Herz und Mund auf dem rechten
1508 713 2273 766 nigkeit sind der Grundton dieser Leistung.
2288 740 3053 794 Flecke hat, heute Abend auch im American
1521 757 2275 821 In der letzten Scene erreicht dieselbe einen
2277 772 3058 842 Theater in Brooklyn und morgen und am
1517 799 2266 860 tragischen Klimax, welcher die tiefste Wir¬
2280 835 3064 887 Donnerstag wiederholt sie die Rolle im
1516 837 2273 907 kung ausübte. Es ist auch hier wieder die
2288 856 3052 916 Germania=Theater. Am Dinstag und
1529 885 2278 936 vollendete Natürlichkeit, der Mangel jedes
2278 899 3064 964 Mittwoch spielt die berühmte und noch im¬
1522 924 2274 993 Pathos, was alle Herzen trifft und sie mit¬
2282 943 3055 1006 mer die große Menge magnetisirende Künst¬
1525 963 2274 1015 schwingen macht. Bei allem Realismus
2296 984 3063 1039 lerin ihre Näherin und am Freitag und
1526 1005 2282 1065 ihrer Spielweise, verklärt die Sorma doch
2284 1013 3063 1089 Samstag folgt dann die Rosalinde in der
1530 1046 2282 1106 die nüchterne, so grausame Wirklichkeit
2282 1069 3069 1131 Strauß'schen Fledermaus. Das Germa¬
1529 1089 2278 1148 durch einen Schimmer von Poesie und rüh¬
2293 1101 3060 1161 nia=Theater ist an den bisherigen Geistin¬
1526 1124 2285 1192 render Schönheit. Sie tränkt jedes Wort
2284 1136 3065 1209 ger=Abenden ausverkauft gewesen und mit
1535 1162 2286 1230 mit innigstem Gefühl. Es ist mehr als
2293 1186 3065 1238 der Direktion reibt sich auch Gustav Am¬
1530 1212 2285 1276 Natürlichkeit, es ist der holde Zauber einer
2296 1227 3071 1289 berg, dessen Rattenfänger=Pfeife Marie
1526 1249 2283 1305 echt weiblichen Natur, eines reinen und rei¬
2299 1277 3058 1327 Geistinger von Neuem gefolgt ist, seelen¬
1527 1293 2282 1358 chen Herzenslebens, welcher Jeden bezwingt.
2297 1311 3067 1368 vergnügt die Hände. Es heißt, daß das
1536 1326 2287 1399 Ein abschließendes Urtheil über das Kön¬
2294 1346 3070 1412 Gastspiel bis zum 15. Mai verlängert wer¬
1531 1372 2297 1453 nen Agnes Sonna's ist nach diesen zwei
2295 1403 2476 1469 den soll.
2704 1407 2763 1480 —
1532 1418 2289 1492 Rollen, einen wie tiefen Einblick dieselben
1532 1473 2298 1527 auch in ihr Wesen und ihre Kunstübung
1529 1499 2302 1569 gestatteten, noch nicht möglich. Eine Schluß¬
2356 1483 2997 1588 Oper und Lonzertsaal.
1531 1533 2304 1615 bilanz des künstlerischen Vermögens dieser
1534 1591 2283 1647 neuen Erscheinung wird man erst
2294 1592 3070 1668 Der Großen Oper Zukunft in New York. —
1537 1623 2302 1691 dann ziehen können, wenn man noch
2549 1645 2829 1701 Verschiedenes.
1535 1671 2300 1734 ihre weiteren Rollen, vor Allem
1542 1715 2299 1776 das vom Dichter selbst hochgepriesene „Rau¬
2319 1715 3089 1772 Mit den Aufführungen von
805 1720 1530 1817 Das Gastspielder Frau Agnes
1537 1754 2296 1812 tendelein“ in Gerhart Hauptmann's Mär¬
2304 1760 3073 1830 zwei Gounod'schen Werken — Nachmittags
773 1783 1535 1848 Sorma im Irving Place Theater stehl
1534 1798 2288 1867 chendichtung „Die versunkene Glocke“ ge¬
2307 1798 3067 1875 „Faust“ und Abends „Romeo und Juliette“
763 1830 1536 1903 im Vordergrunde des Interesses derjenigen
1549 1825 2296 1903 sehen haben wird. Was die Nora und
2342 1833 3077 1903 hat gestern im Metropolitan die Große
1532 1878 2298 1963 Christine der Sorma offenbart hat, das ist
2310 1866 3081 1949 Oper in New York ihr Ende gefunden. Noch
759 1885 1533 1956 Kreise des New Yorker Publikums, welche
1543 1917 2295 1983 fallerdings bedeutend genug, um sie schon
2309 1931 3081 1987 einmal bekam das Publikum Gelegenheit,
758 1929 1531 1993 vom Theater nicht nur leichte Reizung, son¬
1541 1960 2300 2034 jetzt, ohne Furcht, das Urtheil später ein¬
2299 1976 3072 2029 sich die Hände wund zu klatschen und seinen
759 1979 1543 2053 dern eine ernste geistige Anregung erwar¬
1551 1995 2303 2066 schränken zu müssen, zu den innerlichst wir¬
2302 2010 3083 2073 singenden Lieblingen alle möglichen Ehren
764 2023 1544 2098 ten. In ihren beiden Antrittsrollen, der
1555 2033 2298 2107 kenden Bühnengrößen der Gegenwart zäh¬
2301 2051 3072 2123 zu erweisen. Nun ist's gus, und wahr¬
766 2073 1536 2146 Ibsen'schen Nora und der jungen Wienerin
1541 2083 2298 2161 len zu dürfen. Das Publicum drängt sich
2312 2089 2784 2163 scheinlich für längere Zeit.
763 2116 1545 2175 Arthur Schnitzler's, hat Agnes Sorma eine
1541 2129 2304 2198 in hellen Hausen zu ihren Vorstellungen
2334 2120 3090 2191 Daß es gerade Gounod war, mit dem
1547 2173 2305 2238 und spendet ihr begeisterten Beifall; ein
779 2166 1542 2245 schauspielerische Begabung ersten Ranges.
2304 2175 3088 2235 sich die Firma Abbey, Schoeffel und Grau
1550 2217 2308 2277 wahres „Mädchen aus der Fremde“ hat sie
779 2213 1552 2274 eine auf den feinsten Ton gestimmte künst¬
2315 2233 3085 2278 vom Publikum verabschiedete, ist bezeich¬
1545 2243 2305 2307 dem Irving Place=Theater die regste Auf¬
2312 2255 3084 2317 nend, denn was diese Unternehmer in künst¬
780 2262 1546 2339 lerische Persönlichkeit gezeigt und einen tie¬
1559 2292 2301 2360 merksamkeit und Theilnahme aller Freunde
2306 2291 3079 2372 lerischer Hinsicht geleistet haben für New
771 2313 1556 2369 fen Eindruck auf Jeden gemacht, der Zeuge
1561 2338 2304 2412 einer reinen und innerlichen Kunst zuge¬
2315 2352 3090 2402 York könnte man kurzweg als „Die Ent¬
779 2357 1545 2431 dieser Offenbarungen einer in hohem Grade
1562 2373 2309 2441 wendet. Dem ursprünglichen Programm
2319 2388 3086 2454 reckung Gounod's“ bezeichnen. Mit Gou¬
777 2405 1546 2464 eigenartigen und fesselnden Kunsterschei¬
1555 2416 2309 2474 nach sollte die Künstlerin in der gestrigen
2321 2433 3096 2486 nod fingen sie jede Saison an und mit
787 2451 1545 2523 nung war. Es ist ganz moderne Schauspiel¬
1559 2453 2315 2523 Nachmittags=Vorstellung ihre unvergleich¬
2313 2455 3093 2528 Zounod hörten sie auf, und wenn einmal
1552 2497 2306 2560 liche „Nora“ bereits zum letzten Male spie¬
785 2502 1548 2583 kunst, was die Berliner Künstlerin bietet:
2325 2513 3095 2574 irgend eine Oper weniger Zugkraft bewies
1550 2533 2319 2612 len, aber die Nachfrage nach weiteren Vor¬
2314 2560 3089 2617 als man vorausgesetzt hatte, brauchte man
787 2551 1547 2614 keine theatralische Verschminkung des Le¬
1548 2581 2317 2653 stellungen des Ibsen'schen Dramas ist eine
2325 2597 3087 2663 nur wieder auf „Faust“ oder auf „Nomeo
779 2608 1550 2682 bensbildes, kein Schwelgen in schön klin¬
1554 2623 2309 2704 so starke, daß die Künstlerin und die Di¬
2319 2639 3092 2694 und Juliette“ zu verfallen, und ein volles
791 2641 1556 2713 genden, aber falschen Tönen, die das Herz¬
1553 2663 2315 2727 rektion dies wahrscheinlich bei der Fest¬
2329 2667 3099 2739 Haus war gesichert. Auch vor dem Regime
795 2698 1563 2772 chen des empfindsamen Zuschauers puppern
1567 2704 2317 2784 setzung des Repertoire's der noch bleibenden
2319 2721 3086 2784 der Firma war freilich „Faust“ schon im¬
1563 2749 2312 2838 zwei Sorma=Wochen berücksichtigen werden.
785 2747 1557 2821 machen, kein Haschen nach Wirkungen, welche
2328 2756 3090 2824 mer eine Lieblingsoper der New Yorker ge¬
1593 2798 2318 2859 In dieser Woche spielt Agnes Sorma
796 2798 1564 2875 die Hände der beweglichen Menge in Bewe¬
2324 2790 3102 2858 wesen, aber zu dieser Alles überragenden
1563 2824 2318 2910 zwei neue Rollen, in der ersten Hälfte die
2328 2838 3101 2906 Popularität gelangte sie doch erst durch die
800 2842 1560 2921 gung setzen, aber von Allen, die das Cha¬
1561 2865 2324 2934 Sardou'sche „Dora“ und in der zweiten
2323 2888 2943 2958 Mitwirkung der beiden de Reszke.
793 2885 1563 2962 rakteristische über das Theatralische stellen,
1563 2912 2315 2986 Hälfte „Lux“ in dem Schauspiele „Chie“
2349 2919 3092 3002 Stand also die nunmehr abgeschlossene
795 2945 1563 3000 als nicht aus dem innersten Wesen der dar¬
1564 2930 2333 3017 von dem verstorbenen Baron Alexander
2323 2964 3093 3039 letzte Opernperiode New York's im Zeichen
799 2984 1565 3053 zustellenden Gestalt hervorgegangen em¬
1574 2997 2318 3066 Roberts. Beide sind von der Berliner
2331 3021 3096 3076 Gounod's, so mag man billig fragen, in
1577 3031 2320 3105 Kritik als glänzende Leistungen der Künst¬
801 3030 1566 3108 pfinden. Agnes Sorma wirkt, und zwar
2332 3045 3103 3126 wessen Zeichen wohl die nächste stehen wird.
1574 3073 2312 3141 terin gerühmt worden. Sardou's „Dora“
806 3077 1565 3146 in viel höherem und tieferem Maße als es
2324 3109 3090 3158 In demjenigen Wagner's? Wohl kaum,
1570 3116 2324 3190 ist hier bekannt und oft gegeben worden;
807 3130 1570 3197 dem leider noch immer von der Mehrzahl
2317 3141 3090 3211 denn an Wagner ist hier in den letzten Jah¬
1570 3144 2317 3235 vom Roberts'schen Drama versendet die Di¬
797 3178 1571 3247 der anglo=amerikanischen Kritik verlangten
2318 3163 3102 3243 ren so viel gesündigt worden, daß sich seine
1570 3203 2160 3272 rektion folgende Inhaltsangabe:
2331 3223 3093 3287 Gegner und die Indifferenten vermehrt ha¬
811 3228 1566 3289 pathetischen Gethue, der nicht von des Ge¬
1607 3241 2328 3314 In Baden=Baden verliebt sich ein Afrika¬
2331 3277 2580 3335 ben dürften.
819 3267 1579 3338 dankens Blässe, sondern von der Unwahr¬
1570 3292 2324 3359 forscher, der von seinen Reisen heimgekehrt,
2356 3302 3110 3370 Von welchem Standpunkt aus man sie
808 3317 1569 3390 heit der Empfindung angekränkelten Thea¬
1565 3329 2335 3397 an einem großen Werke über Afrika arbei¬
2338 3350 3097 3411 auch betrachtet: Die Situation ist so be¬
1576 3364 2330 3427 tet, in die Tochter einer Dame aus der
819 3371 1571 3441 tersentimentalität möglich ist, durch wun¬
2334 3390 3102 3457 schaffen, daß man ihr kaum eine angenehme,
1578 3410 2332 3480 feinsten Gesellschaft und erfährt, als er ge¬
824 3415 1572 3485 dervolle Natürlichkeit und Einfachheit, die
2330 3439 3112 3499 hoffnungsvolle Seite abgewinnen kann.
1577 3449 2326 3523 rade im Begriff steht, um die Hand des
819 3467 1573 3536 im Dienste einer glänzend entwickelten Tech¬
2328 3473 3114 3544 Anzunehmen, daß nach einjähriger Pause
1583 3497 2322 3559 Mädchens anzuhalten, daß der Vater im
2334 3520 3099 3574 die Große Opernherrlichkeit gerade so wie¬
817 3518 1582 3589 nil steht. Zum Bewußtsein des eigentlichen
1584 3541 2320 3599 Zuchthaus sütze. Der Afrikaforscher ist vor¬
2336 3558 3120 3620 der erstehen werde, wie wir sie während der
817 3564 1584 3647 Schauspielerischen kommt man in einer
1581 3576 2333 3641 urtheilsfrei und heirathet dennoch seine ge¬
2330 3600 3106 3668 letzten Jahre hier erlebt haben, hieße doch
814 3614 2329 3681 Sorma=Vorstellung kaum einen Augenblick, liebte „Lux“ die von dem Verbrechen des
2330 3642 3133 3715 wohl zu sanguinisch sein. Dieselben Zu¬
815 3655 2337 3730 sie ist in der uns bekannten jüngeren Schau= Vaiers nichts ahnt, und wie ein Schmetter¬
811 3672 2991 3797 spielergeneration vielleicht das leuchtendste lieg über dem Sumpfe“ von Vergnügen zu stände und Verhältnisse kann man
