<?xml version="1.0" encoding="UTF-8" standalone="yes"?>
<PcGts xmlns="http://schema.primaresearch.org/PAGE/gts/pagecontent/2013-07-15" xmlns:xsi="http://www.w3.org/2001/XMLSchema-instance" xsi:schemaLocation="http://schema.primaresearch.org/PAGE/gts/pagecontent/2013-07-15 http://schema.primaresearch.org/PAGE/gts/pagecontent/2013-07-15/pagecontent.xsd">
    <Metadata>
        <Creator>prov=University of Rostock/Institute of Mathematics/CITlab/Gundram Leifert/gundram.leifert@uni-rostock.de:name=ONB_Newseye_GT_M1+(htr_id=10810)::::v=2.4.2
prov=University of Rostock/Institute of Mathematics/CITlab/Tobias Gruening/tobias.gruening@uni-rostock.de:name=de.uros.citlab.module.baseline2polygon.B2PSeamMultiOriented:v=2.4.2
prov=University of Rostock/Institute of Mathematics/CITlab/Tobias Gruening/tobias.gruening@uni-rostock.de:name=/mnt/transkribus/LA/DEA/URO/LA_news_onb_att.pb:de.uros.citlab.segmentation.CITlab_LA_ML:v=2.4.2
Transkribus</Creator>
        <Created>2019-10-07T11:52:30.495+02:00</Created>
        <LastChange>2019-10-09T04:12:43.575+02:00</LastChange>
        <TranskribusMetadata docId="223992" pageId="9507660" pageNr="485" tsid="16621059" status="IN_PROGRESS" userId="40391" imgUrl="https://files.transkribus.eu/Get?id=VGHUIVDZCLAJWTQAADPLBZNW&amp;fileType=view" xmlUrl="https://files.transkribus.eu/Get?id=VICDMJLVCXMBMXNYPECJDCRU" imageId="6197301"/>
    </Metadata>
    <Page imageFilename="223992_0485.jpeg" imageWidth="3344" imageHeight="4224">
        <ReadingOrder>
            <OrderedGroup id="ro_1711445856289" caption="Regions reading order">
                <RegionRefIndexed index="0" regionRef="r1"/>
            </OrderedGroup>
        </ReadingOrder>
        <TextRegion orientation="0.0" id="r1" custom="readingOrder {index:0;}">
            <Coords points="306,215 306,3437 2603,3437 2603,215"/>
            <TextLine id="r1l1" custom="readingOrder {index:0;}">
                <Coords points="468,248 823,256 824,191 811,187 793,202 749,205 702,185 644,205 599,185 570,194 532,181 469,184"/>
                <Baseline points="477,242 502,241 528,241 554,240 580,240 606,240 632,241 658,241 684,241 710,241 736,241 762,242 788,242 814,241"/>
                <TextEquiv>
                    <Unicode>Liebelei</Unicode>
                </TextEquiv>
            </TextLine>
            <TextLine id="r1l2" custom="readingOrder {index:1;}">
                <Coords points="297,256 427,252 478,294 797,294 864,258 1438,269 1438,198 1277,171 1177,223 1043,185 960,238 759,249 480,241 297,189"/>
                <Baseline points="306,235 362,244 418,252 474,257 530,262 586,264 642,266 699,267 755,266 811,265 867,263 923,262 979,260 1035,258 1092,256 1148,255 1204,253 1260,253 1316,254 1372,255 1429,258"/>
                <TextEquiv>
                    <Unicode>5 box 10/6</Unicode>
                </TextEquiv>
            </TextLine>
            <TextLine id="r1l3" custom="readingOrder {index:2;}">
                <Coords points="1153,952 1244,957 1291,935 1322,936 1350,958 1403,957 1405,863 1333,860 1267,887 1155,881"/>
                <Baseline points="1162,925 1187,926 1213,926 1239,927 1265,928 1290,928 1316,929 1342,929 1368,930 1394,931"/>
                <TextEquiv>
                    <Unicode>——</Unicode>
                </TextEquiv>
            </TextLine>
            <TextLine id="r1l4" custom="readingOrder {index:3;}">
                <Coords points="1480,940 1505,942 1512,938 1549,960 1565,951 1578,956 1596,953 1596,871 1579,871 1572,864 1556,868 1543,864 1514,877 1480,875"/>
                <Baseline points="1489,934 1521,933 1553,933 1586,934"/>
                <TextEquiv>
                    <Unicode></Unicode>
                </TextEquiv>
            </TextLine>
            <TextLine id="r1l5" custom="readingOrder {index:4;}">
                <Coords points="2073,957 2181,970 2203,954 2219,966 2243,966 2257,955 2314,956 2315,895 2235,901 2217,889 2199,900 2161,877 2114,895 2074,894"/>
                <Baseline points="2082,945 2109,946 2137,947 2165,948 2193,948 2221,948 2249,949 2277,949 2305,950"/>
                <TextEquiv>
                    <Unicode>—</Unicode>
                </TextEquiv>
            </TextLine>
            <TextLine id="r1l6" custom="readingOrder {index:5;}">
                <Coords points="2401,960 2410,960 2420,968 2424,964 2446,968 2453,963 2468,967 2484,959 2502,967 2513,965 2514,891 2492,896 2467,892 2461,898 2443,897 2437,903 2428,895 2401,893"/>
                <Baseline points="2410,953 2441,954 2472,953 2504,955"/>
                <TextEquiv>
                    <Unicode></Unicode>
                </TextEquiv>
            </TextLine>
            <TextLine id="r1l7" custom="readingOrder {index:6;}">
                <Coords points="1356,1042 1374,1049 1387,1042 1401,1044 1428,1062 1513,1044 1514,985 1499,988 1476,975 1448,991 1394,982 1383,991 1356,987"/>
                <Baseline points="1365,1031 1392,1030 1420,1029 1448,1029 1476,1030 1504,1032"/>
                <TextEquiv>
                    <Unicode>—  —</Unicode>
                </TextEquiv>
            </TextLine>
            <TextLine id="r1l8" custom="readingOrder {index:7;}">
                <Coords points="1647,1071 2020,1086 2024,999 1985,1012 1967,1000 1936,1014 1885,1006 1823,1023 1775,1001 1755,1012 1650,1005"/>
                <Baseline points="1658,1041 1683,1041 1708,1041 1733,1042 1759,1043 1784,1044 1809,1045 1835,1046 1860,1048 1885,1048 1910,1050 1936,1051 1961,1052 1986,1053 2012,1054"/>
                <TextEquiv>
                    <Unicode>Telefon 12801.</Unicode>
                </TextEquiv>
            </TextLine>
            <TextLine id="r1l9" custom="readingOrder {index:8;}">
                <Coords points="971,1157 2299,1149 2299,1116 2166,1099 1716,1112 973,1007"/>
                <Baseline points="980,1137 1045,1139 1111,1140 1176,1140 1242,1140 1307,1141 1373,1140 1438,1140 1504,1140 1569,1140 1635,1140 1701,1140 1766,1140 1832,1140 1897,1141 1963,1142 2028,1143 2094,1145 2159,1148 2225,1151 2291,1154"/>
                <TextEquiv>
                    <Unicode>190 10 5 Unternehmen für Zeitungs-Ausschnitte</Unicode>
                </TextEquiv>
            </TextLine>
            <TextLine id="r1l10" custom="readingOrder {index:9;}">
                <Coords points="2362,1186 2412,1192 2432,1184 2457,1194 2492,1180 2517,1192 2536,1182 2568,1190 2570,1130 2548,1135 2527,1127 2512,1137 2483,1135 2466,1145 2435,1142 2423,1151 2397,1141 2363,1151"/>
                <Baseline points="2372,1165 2398,1166 2425,1167 2452,1168 2479,1169 2506,1169 2533,1170 2560,1171"/>
                <TextEquiv>
                    <Unicode>Ausschnitt</Unicode>
                </TextEquiv>
            </TextLine>
            <TextLine id="r1l11" custom="readingOrder {index:10;}">
                <Coords points="1489,1285 1595,1257 1691,1256 1730,1281 1944,1254 2098,1271 2163,1237 2221,1257 2252,1245 2253,1191 1563,1171 1490,1202"/>
                <Baseline points="1499,1257 1536,1254 1573,1251 1610,1250 1648,1249 1685,1250 1722,1250 1759,1251 1797,1252 1834,1255 1871,1256 1908,1257 1946,1259 1983,1259 2020,1260 2057,1260 2095,1259 2132,1257 2169,1254 2206,1250 2244,1245"/>
                <TextEquiv>
                    <Unicode>„OBSERVER“</Unicode>
                </TextEquiv>
            </TextLine>
            <TextLine id="r1l12" custom="readingOrder {index:11;}">
                <Coords points="2290,1277 2310,1283 2321,1276 2328,1283 2358,1270 2413,1285 2441,1269 2471,1288 2503,1260 2512,1261 2514,1212 2490,1218 2467,1199 2408,1216 2357,1185 2293,1188"/>
                <Baseline points="2300,1253 2325,1252 2350,1253 2376,1254 2401,1255 2426,1256 2452,1257 2477,1258 2503,1258"/>
                <TextEquiv>
                    <Unicode>Nr. 4</Unicode>
                </TextEquiv>
            </TextLine>
            <TextLine id="r1l13" custom="readingOrder {index:12;}">
                <Coords points="1107,1318 2573,1331 2031,1267 1109,1267"/>
                <Baseline points="1116,1311 1188,1311 1260,1311 1333,1312 1405,1313 1478,1314 1550,1316 1622,1318 1695,1320 1767,1322 1840,1324 1912,1326 1984,1328 2057,1329 2129,1331 2202,1332 2274,1333 2346,1334 2419,1334 2491,1334 2564,1333"/>
                <TextEquiv>
                    <Unicode>I. österr. behördl. concess. Bureau für Zeitungsberichte und Personalnachrichten</Unicode>
                </TextEquiv>
            </TextLine>
            <TextLine id="r1l14" custom="readingOrder {index:13;}">
                <Coords points="1408,1402 1562,1427 1753,1403 1870,1437 1912,1410 2039,1413 2259,1446 2261,1372 2130,1372 2060,1341 1943,1375 1895,1341 1831,1365 1644,1331 1589,1357 1465,1323 1410,1342"/>
                <Baseline points="1418,1391 1459,1393 1501,1394 1542,1397 1584,1398 1626,1399 1667,1400 1709,1401 1751,1402 1792,1403 1834,1403 1876,1404 1917,1405 1959,1406 2001,1406 2042,1407 2084,1408 2126,1410 2167,1411 2209,1413 2251,1415"/>
                <TextEquiv>
                    <Unicode>Wien, IX/ Türkenstrasse 17.</Unicode>
                </TextEquiv>
            </TextLine>
            <TextLine id="r1l15" custom="readingOrder {index:14;}">
                <Coords points="1343,1475 2313,1515 2314,1455 2228,1437 2180,1461 1344,1431"/>
                <Baseline points="1353,1465 1400,1466 1448,1468 1495,1469 1543,1470 1590,1471 1638,1473 1685,1474 1733,1475 1780,1477 1828,1478 1876,1479 1923,1480 1971,1482 2018,1482 2066,1484 2113,1484 2161,1485 2208,1486 2256,1487 2304,1487"/>
                <TextEquiv>
                    <Unicode>— Filiale in Budapest: „Figyelö“, VIII. Josefsring 31a.—</Unicode>
                </TextEquiv>
            </TextLine>
            <TextLine id="r1l16" custom="readingOrder {index:15;}">
                <Coords points="1657,1607 1730,1630 1979,1621 2021,1643 2094,1615 2244,1628 2244,1565 2193,1541 2083,1561 2007,1543 1959,1567 1925,1549 1722,1540 1657,1563"/>
                <Baseline points="1667,1613 1695,1613 1723,1612 1752,1612 1780,1612 1809,1612 1837,1612 1865,1612 1894,1612 1922,1613 1951,1613 1979,1613 2007,1613 2036,1613 2064,1613 2093,1613 2121,1613 2149,1612 2178,1612 2206,1611 2235,1609"/>
                <TextEquiv>
                    <Unicode>Verwärts (Berlin)</Unicode>
                </TextEquiv>
            </TextLine>
            <TextLine id="r1l17" custom="readingOrder {index:16;}">
                <Coords points="1089,1660 1375,1668 1408,1647 1502,1644 1575,1670 1651,1667 1651,1624 1622,1611 1323,1605 1259,1575 1090,1575"/>
                <Baseline points="1099,1641 1126,1642 1153,1643 1180,1644 1207,1645 1234,1645 1261,1646 1289,1647 1316,1647 1343,1648 1370,1648 1397,1649 1424,1649 1451,1649 1479,1649 1506,1648 1533,1648 1560,1648 1587,1647 1614,1646 1642,1645"/>
                <TextEquiv>
                    <Unicode>Ausschnitt aus:</Unicode>
                </TextEquiv>
            </TextLine>
            <TextLine id="r1l18" custom="readingOrder {index:17;}">
                <Coords points="1741,1746 1768,1744 1819,1784 1843,1767 1903,1762 1989,1785 2034,1763 2100,1775 2103,1695 2038,1689 2014,1701 1986,1690 1951,1704 1939,1690 1920,1701 1872,1686 1850,1698 1794,1683 1743,1690"/>
                <Baseline points="1750,1746 1776,1749 1802,1752 1828,1754 1855,1756 1881,1759 1907,1760 1934,1761 1960,1761 1986,1762 2013,1761 2039,1761 2065,1760 2092,1759"/>
                <TextEquiv>
                    <Unicode>10.MA1 1898</Unicode>
                </TextEquiv>
            </TextLine>
            <TextLine id="r1l19" custom="readingOrder {index:18;}">
                <Coords points="1096,1780 1111,1779 1144,1806 1159,1799 1175,1812 1231,1800 1255,1803 1256,1770 1245,1770 1215,1752 1178,1762 1147,1735 1128,1744 1114,1736 1098,1737"/>
                <Baseline points="1105,1788 1133,1787 1161,1788 1190,1789 1218,1791 1247,1792"/>
                <TextEquiv>
                    <Unicode>vom</Unicode>
                </TextEquiv>
            </TextLine>
            <TextLine id="r1l20" custom="readingOrder {index:19;}">
                <Coords points="1362,1888 2289,1916 2492,1902 2493,1860 1702,1815 1363,1852"/>
                <Baseline points="1371,1879 1426,1881 1482,1883 1537,1885 1593,1886 1649,1888 1704,1889 1760,1891 1815,1892 1871,1893 1927,1894 1982,1895 2038,1896 2093,1897 2149,1898 2205,1899 2260,1900 2316,1900 2371,1901 2427,1902 2483,1902"/>
                <TextEquiv>
                    <Unicode>—d. Die Neue Freie Volksbühne bot ihren Mitgliedern am</Unicode>
                </TextEquiv>
            </TextLine>
            <TextLine id="r1l21" custom="readingOrder {index:20;}">
                <Coords points="1271,1927 2497,1934 2497,1898 1271,1880"/>
                <Baseline points="1279,1919 1339,1921 1399,1923 1460,1924 1520,1926 1581,1927 1641,1929 1702,1931 1762,1933 1823,1934 1883,1935 1943,1936 2004,1937 2064,1938 2125,1939 2185,1939 2246,1939 2306,1939 2367,1938 2427,1938 2488,1936"/>
                <TextEquiv>
                    <Unicode>Sonntag Nachmitlag Arthur Schnitzlen's: „Liebelei“.</Unicode>
                </TextEquiv>
            </TextLine>
            <TextLine id="r1l22" custom="readingOrder {index:21;}">
                <Coords points="1275,1973 2414,1993 2496,1981 2497,1936 1276,1926"/>
                <Baseline points="1285,1961 1345,1962 1405,1963 1465,1964 1525,1965 1585,1966 1645,1967 1705,1968 1765,1969 1825,1971 1886,1972 1946,1973 2006,1974 2066,1975 2126,1975 2186,1976 2246,1977 2306,1977 2366,1978 2426,1978 2487,1979"/>
                <TextEquiv>
                    <Unicode>Das Stück wurde unker der Regie von Klaudius Merten</Unicode>
                </TextEquiv>
            </TextLine>
            <TextLine id="r1l23" custom="readingOrder {index:22;}">
                <Coords points="1272,2008 2503,2032 2504,1981 1272,1979"/>
                <Baseline points="1280,2004 1340,2004 1401,2003 1462,2004 1523,2004 1583,2005 1644,2006 1705,2007 1766,2008 1826,2010 1887,2011 1948,2012 2009,2013 2069,2014 2130,2015 2191,2016 2252,2016 2312,2017 2373,2016 2434,2016 2495,2014"/>
                <TextEquiv>
                    <Unicode>gegeben, der nach längerer Pause wieder die Vereinsvorstellungen</Unicode>
                </TextEquiv>
            </TextLine>
            <TextLine id="r1l24" custom="readingOrder {index:23;}">
                <Coords points="1259,2042 2496,2062 2471,2022 1259,2000"/>
                <Baseline points="1268,2038 1332,2039 1396,2040 1460,2042 1524,2044 1588,2045 1652,2047 1717,2048 1781,2050 1845,2051 1909,2052 1973,2053 2037,2054 2102,2055 2166,2055 2230,2055 2294,2054 2358,2053 2422,2052 2487,2050"/>
                <TextEquiv>
                    <Unicode>leitet. Die weibliche Hauptgestalt wurde von Fräulein Olizar</Unicode>
                </TextEquiv>
            </TextLine>
            <TextLine id="r1l25" custom="readingOrder {index:24;}">
                <Coords points="1263,2088 2428,2106 2494,2061 1264,2041"/>
                <Baseline points="1272,2076 1332,2077 1393,2078 1453,2079 1514,2081 1575,2082 1635,2083 1696,2085 1757,2086 1817,2087 1878,2088 1939,2089 1999,2090 2060,2091 2121,2092 2181,2092 2242,2093 2303,2093 2363,2093 2424,2092 2485,2092"/>
                <TextEquiv>
                    <Unicode>mit erschütterndem Ernst dargestellt. Der innige keusche Adel dieses</Unicode>
                </TextEquiv>
            </TextLine>
            <TextLine id="r1l26" custom="readingOrder {index:25;}">
                <Coords points="1256,2121 2510,2137 2510,2093 1257,2088"/>
                <Baseline points="1266,2114 1327,2115 1389,2115 1451,2116 1513,2117 1574,2118 1636,2119 1698,2121 1760,2122 1821,2123 1883,2124 1945,2126 2007,2127 2068,2128 2130,2128 2192,2129 2254,2129 2315,2129 2377,2129 2439,2128 2501,2127"/>
                <TextEquiv>
                    <Unicode>Mädchens durchpulste jeden Ton, jede ihrer Bewegungen. Die schau¬</Unicode>
                </TextEquiv>
            </TextLine>
            <TextLine id="r1l27" custom="readingOrder {index:26;}">
                <Coords points="1266,2157 2505,2191 2493,2133 1267,2121"/>
                <Baseline points="1276,2154 1337,2155 1398,2155 1459,2156 1520,2157 1581,2158 1642,2159 1703,2160 1764,2161 1825,2163 1886,2164 1947,2165 2008,2166 2069,2167 2130,2168 2191,2168 2252,2169 2313,2169 2374,2169 2435,2168 2497,2168"/>
                <TextEquiv>
                    <Unicode>spielerische Höhe erreichte die Künstlerin in der letzten Szene, als Christine</Unicode>
                </TextEquiv>
            </TextLine>
            <TextLine id="r1l28" custom="readingOrder {index:27;}">
                <Coords points="1268,2199 2494,2213 2317,2169 1268,2163"/>
                <Baseline points="1277,2194 1337,2194 1397,2194 1458,2195 1518,2195 1579,2196 1639,2197 1699,2198 1760,2199 1820,2200 1881,2201 1941,2202 2001,2203 2062,2204 2122,2205 2183,2206 2243,2207 2303,2207 2364,2208 2424,2208 2485,2208"/>
                <TextEquiv>
                    <Unicode>erfährt, daß ihr Geliebter im Duell um eine verheirathete Frau ge¬</Unicode>
                </TextEquiv>
            </TextLine>
            <TextLine id="r1l29" custom="readingOrder {index:28;}">
                <Coords points="1265,2242 2487,2262 2488,2213 1265,2200"/>
                <Baseline points="1274,2234 1334,2234 1394,2234 1454,2234 1515,2235 1575,2235 1635,2236 1695,2237 1756,2238 1816,2239 1876,2240 1936,2241 1997,2242 2057,2243 2117,2244 2177,2245 2238,2246 2298,2246 2358,2247 2418,2247 2479,2247"/>
                <TextEquiv>
                    <Unicode>fallen ist. Ihre Freundin Mizi gab Fräulein Seßler. Solche</Unicode>
                </TextEquiv>
            </TextLine>
            <TextLine id="r1l30" custom="readingOrder {index:29;}">
                <Coords points="1272,2280 2497,2285 2349,2245 1273,2240"/>
                <Baseline points="1281,2271 1341,2271 1401,2271 1461,2272 1522,2272 1582,2273 1642,2274 1703,2275 1763,2276 1823,2278 1884,2279 1944,2280 2004,2281 2064,2282 2125,2283 2185,2284 2245,2285 2306,2285 2366,2285 2426,2285 2487,2285"/>
                <TextEquiv>
                    <Unicode>Gestalten, die auch auf dem Berliner Boden üppig gedeihen, können</Unicode>
                </TextEquiv>
            </TextLine>
            <TextLine id="r1l31" custom="readingOrder {index:30;}">
                <Coords points="1272,2313 2495,2335 2495,2302 2405,2290 1273,2274"/>
                <Baseline points="1281,2309 1341,2310 1401,2310 1461,2311 1522,2312 1582,2313 1642,2314 1702,2315 1763,2316 1823,2317 1883,2319 1943,2319 2004,2320 2064,2321 2124,2322 2184,2322 2245,2322 2305,2323 2365,2323 2425,2322 2486,2322"/>
                <TextEquiv>
                    <Unicode>nur zu leicht in eine gewisse Schnoddrigkeit hinübergezogen werden,</Unicode>
                </TextEquiv>
            </TextLine>
            <TextLine id="r1l32" custom="readingOrder {index:31;}">
                <Coords points="1265,2353 2407,2377 2495,2335 1265,2315"/>
                <Baseline points="1274,2346 1334,2347 1395,2348 1455,2349 1516,2350 1576,2351 1637,2352 1697,2353 1758,2354 1818,2355 1879,2357 1940,2357 2000,2358 2061,2359 2121,2360 2182,2361 2242,2362 2303,2362 2363,2363 2424,2363 2485,2363"/>
                <TextEquiv>
                    <Unicode>die ihrer Drolligkeit schadet. Christinens Geliebter wurde im ersten</Unicode>
                </TextEquiv>
            </TextLine>
            <TextLine id="r1l33" custom="readingOrder {index:32;}">
                <Coords points="1259,2394 2494,2416 2473,2367 1260,2361"/>
                <Baseline points="1269,2384 1329,2385 1390,2386 1451,2387 1512,2388 1573,2390 1633,2391 1694,2392 1755,2393 1816,2395 1877,2396 1937,2397 1998,2398 2059,2399 2120,2400 2181,2401 2241,2401 2302,2402 2363,2402 2424,2402 2485,2402"/>
                <TextEquiv>
                    <Unicode>Theil von Herrn Jarey zu düster gegeben. Ein Mensch, der sich</Unicode>
                </TextEquiv>
            </TextLine>
            <TextLine id="r1l34" custom="readingOrder {index:33;}">
                <Coords points="1256,2436 2499,2453 2414,2395 1257,2393"/>
                <Baseline points="1266,2427 1327,2426 1388,2426 1449,2427 1510,2427 1571,2428 1632,2429 1694,2430 1755,2431 1816,2432 1877,2434 1938,2435 1999,2436 2060,2437 2122,2438 2183,2439 2244,2439 2305,2440 2366,2440 2427,2440 2489,2440"/>
                <TextEquiv>
                    <Unicode>zu übermüthigen Tändeleien verführen läßt, der immer mehr passiv</Unicode>
                </TextEquiv>
            </TextLine>
            <TextLine id="r1l35" custom="readingOrder {index:34;}">
                <Coords points="1274,2485 2490,2490 2463,2442 1275,2440"/>
                <Baseline points="1283,2464 1342,2465 1402,2466 1462,2467 1522,2467 1582,2468 1642,2469 1701,2470 1761,2471 1821,2472 1881,2473 1941,2474 2001,2474 2061,2475 2120,2476 2180,2477 2240,2478 2300,2479 2360,2479 2420,2480 2480,2481"/>
                <TextEquiv>
                    <Unicode>ist, geht doch etwas mehr in der Stimmung seiner Umgebung auf.</Unicode>
                </TextEquiv>
            </TextLine>
            <TextLine id="r1l36" custom="readingOrder {index:35;}">
                <Coords points="1265,2509 2368,2537 2493,2520 2494,2489 1266,2477"/>
                <Baseline points="1274,2499 1334,2501 1395,2503 1455,2505 1516,2507 1576,2508 1637,2509 1697,2510 1758,2511 1818,2512 1879,2512 1940,2513 2000,2513 2061,2514 2121,2514 2182,2514 2242,2514 2303,2515 2363,2515 2424,2515 2485,2515"/>
                <TextEquiv>
                    <Unicode>Sein Freund und Führer Theodor (Herr Reimann) war immer</Unicode>
                </TextEquiv>
            </TextLine>
            <TextLine id="r1l37" custom="readingOrder {index:36;}">
                <Coords points="1272,2547 2164,2577 2500,2544 1272,2507"/>
                <Baseline points="1280,2542 1340,2543 1401,2544 1461,2545 1522,2546 1582,2547 1643,2548 1703,2549 1764,2550 1824,2551 1885,2551 1945,2552 2006,2553 2066,2553 2127,2554 2187,2554 2248,2555 2308,2555 2369,2555 2429,2555 2490,2554"/>
                <TextEquiv>
                    <Unicode>der sichere, kühle Schwerenöther. Ebenso vorzüglich waren Herr</Unicode>
                </TextEquiv>
            </TextLine>
            <TextLine id="r1l38" custom="readingOrder {index:37;}">
                <Coords points="1261,2583 2498,2595 2447,2561 1261,2546"/>
                <Baseline points="1269,2582 1330,2583 1391,2583 1452,2583 1513,2584 1574,2585 1635,2586 1696,2587 1757,2588 1818,2589 1879,2590 1940,2591 2001,2592 2062,2593 2123,2593 2184,2594 2245,2595 2306,2595 2367,2595 2428,2595 2489,2594"/>
                <TextEquiv>
                    <Unicode>Eggeling als Christinens Vater und Therese Thiemann als</Unicode>
                </TextEquiv>
            </TextLine>
            <TextLine id="r1l39" custom="readingOrder {index:38;}">
                <Coords points="1265,2626 2223,2649 2491,2637 2492,2604 1266,2582"/>
                <Baseline points="1275,2620 1335,2621 1395,2621 1456,2622 1516,2623 1577,2624 1637,2625 1697,2627 1758,2628 1818,2629 1879,2630 1939,2631 1999,2633 2060,2633 2120,2634 2181,2635 2241,2635 2301,2636 2362,2635 2422,2635 2483,2635"/>
                <TextEquiv>
                    <Unicode>die Kleinbürgersfrau Binder. Eine prachtvolle Leistung bot Claudius</Unicode>
                </TextEquiv>
            </TextLine>
            <TextLine id="r1l40" custom="readingOrder {index:39;}">
                <Coords points="1263,2665 2530,2700 2497,2643 1264,2625"/>
                <Baseline points="1272,2657 1334,2659 1396,2661 1459,2662 1521,2664 1584,2665 1646,2666 1709,2667 1771,2668 1834,2669 1896,2670 1958,2671 2021,2672 2083,2673 2146,2675 2208,2676 2271,2677 2333,2678 2396,2680 2458,2681 2521,2684"/>
                <TextEquiv>
                    <Unicode>Merten als strenger, zorniger Ehemann. Auch die Ausstattung"</Unicode>
                </TextEquiv>
            </TextLine>
            <TextLine id="r1l41" custom="readingOrder {index:40;}">
                <Coords points="1249,2728 1287,2727 1312,2707 1434,2704 1477,2715 1488,2706 1513,2716 1606,2708 1606,2683 1543,2666 1512,2676 1480,2665 1284,2672 1250,2652"/>
                <Baseline points="1259,2699 1285,2699 1311,2699 1337,2700 1363,2701 1389,2702 1415,2703 1441,2704 1467,2704 1493,2705 1519,2705 1545,2704 1571,2703 1597,2701"/>
                <TextEquiv>
                    <Unicode>war diesmal gut. —</Unicode>
                </TextEquiv>
            </TextLine>
            <TextLine id="r1l42" custom="readingOrder {index:41;}">
                <Coords points="1445,3101 1528,3082 1579,3103 1778,3086 1852,3107 2119,3100 2119,3069 2090,3054 1942,3023 1857,3036 1796,3016 1754,3046 1714,3031 1625,3051 1585,3027 1446,3032"/>
                <Baseline points="1454,3071 1486,3072 1519,3074 1552,3075 1585,3076 1618,3076 1650,3077 1683,3078 1716,3078 1749,3079 1782,3079 1814,3079 1847,3079 1880,3080 1913,3080 1945,3080 1978,3081 2011,3081 2044,3082 2077,3082 2110,3083"/>
                <TextEquiv>
                    <Unicode>Bezugs-Bedingungen.</Unicode>
                </TextEquiv>
            </TextLine>
            <TextLine id="r1l43" custom="readingOrder {index:42;}">
                <Coords points="1226,3126 1454,3168 1575,3140 1995,3158 1996,3114 1780,3087 1373,3111 1226,3073"/>
                <Baseline points="1235,3126 1272,3129 1310,3132 1347,3135 1385,3137 1423,3138 1460,3139 1498,3139 1535,3139 1573,3139 1611,3139 1648,3138 1686,3138 1723,3138 1761,3138 1799,3138 1836,3138 1874,3139 1911,3139 1949,3142 1987,3143"/>
                <TextEquiv>
                    <Unicode>eitungsausschnitte (Artiker oeler Notizen)</Unicode>
                </TextEquiv>
            </TextLine>
            <TextLine id="r1l44" custom="readingOrder {index:43;}">
                <Coords points="2289,3179 2332,3179 2346,3187 2386,3183 2399,3193 2412,3186 2433,3203 2458,3203 2461,3137 2418,3130 2397,3140 2377,3139 2335,3119 2313,3124 2291,3119"/>
                <Baseline points="2298,3175 2323,3177 2348,3179 2373,3181 2398,3182 2423,3182 2449,3180"/>
                <TextEquiv>
                    <Unicode>inclusive</Unicode>
                </TextEquiv>
            </TextLine>
            <TextLine id="r1l45" custom="readingOrder {index:44;}">
                <Coords points="2307,3204 2330,3211 2339,3207 2345,3213 2352,3210 2359,3214 2370,3210 2397,3212 2408,3219 2421,3207 2436,3204 2436,3190 2420,3187 2402,3190 2397,3184 2389,3188 2377,3183 2355,3186 2330,3178 2308,3182"/>
                <Baseline points="2315,3208 2343,3207 2371,3208 2399,3210 2427,3212"/>
                <TextEquiv>
                    <Unicode>Porto.</Unicode>
                </TextEquiv>
            </TextLine>
            <TextLine id="r1l46" custom="readingOrder {index:45;}">
                <Coords points="2137,3223 2150,3224 2152,3222 2159,3225 2173,3222 2175,3224 2184,3223 2179,3148 2168,3148 2163,3151 2146,3148 2132,3151"/>
                <Baseline points="2145,3217 2175,3215"/>
                <TextEquiv>
                    <Unicode>14</Unicode>
                </TextEquiv>
            </TextLine>
            <TextLine id="r1l47" custom="readingOrder {index:46;}">
                <Coords points="2287,3235 2328,3247 2343,3239 2365,3241 2372,3247 2381,3242 2419,3247 2428,3240 2446,3240 2448,3204 2428,3203 2411,3216 2397,3211 2359,3214 2322,3209 2303,3190 2289,3190"/>
                <Baseline points="2296,3235 2324,3235 2352,3236 2380,3238 2408,3239 2437,3238"/>
                <TextEquiv>
                    <Unicode>Zahlbar</Unicode>
                </TextEquiv>
            </TextLine>
            <TextLine id="r1l48" custom="readingOrder {index:47;}">
                <Coords points="2124,3251 2199,3262 2227,3282 2280,3269 2321,3288 2440,3274 2472,3289 2474,3244 2460,3237 2304,3243 2264,3212 2195,3239 2169,3221 2125,3222"/>
                <Baseline points="2132,3255 2157,3255 2183,3256 2208,3258 2234,3259 2259,3261 2285,3264 2310,3265 2336,3268 2361,3269 2387,3270 2412,3271 2438,3270 2464,3268"/>
                <TextEquiv>
                    <Unicode>55.— im Voraus</Unicode>
                </TextEquiv>
            </TextLine>
            <TextLine id="r1l49" custom="readingOrder {index:48;}">
                <Coords points="2121,3317 2136,3314 2146,3321 2163,3316 2172,3322 2195,3313 2210,3321 2232,3312 2239,3317 2266,3316 2267,3258 2258,3258 2249,3267 2234,3257 2220,3266 2182,3259 2151,3262 2138,3252 2122,3249"/>
                <Baseline points="2130,3291 2155,3292 2180,3291 2206,3292 2231,3292 2257,3294"/>
                <TextEquiv>
                    <Unicode>100.—</Unicode>
                </TextEquiv>
            </TextLine>
            <TextLine id="r1l50" custom="readingOrder {index:49;}">
                <Coords points="2063,3378 2149,3349 2250,3358 2335,3344 2359,3362 2500,3363 2512,3360 2513,3293 2446,3281 2401,3299 2363,3290 2305,3320 2276,3298 2210,3319 2100,3306 2064,3316"/>
                <Baseline points="2073,3346 2098,3346 2123,3345 2149,3345 2174,3345 2199,3344 2225,3344 2250,3344 2275,3344 2301,3344 2326,3344 2351,3345 2377,3346 2402,3346 2427,3347 2453,3348 2478,3349 2504,3351"/>
                <TextEquiv>
                    <Unicode>ngsausschhitte ist das</Unicode>
                </TextEquiv>
            </TextLine>
            <TextLine id="r1l51" custom="readingOrder {index:50;}">
                <Coords points="1956,3377 1974,3376 1990,3388 2003,3385 2035,3402 2076,3401 2084,3278 2068,3269 2053,3274 2012,3257 1996,3263 1990,3259 1975,3269 1963,3267"/>
                <Baseline points="1966,3375 1991,3374 2017,3375 2042,3377 2068,3381"/>
                <TextEquiv>
                    <Unicode>1</Unicode>
                </TextEquiv>
            </TextLine>
            <TextLine id="r1l52" custom="readingOrder {index:51;}">
                <Coords points="2131,3384 2200,3388 2224,3405 2281,3385 2415,3395 2454,3413 2473,3395 2558,3403 2579,3384 2613,3394 2615,3329 2490,3363 2397,3347 2360,3362 2333,3345 2132,3362"/>
                <Baseline points="2139,3387 2164,3385 2190,3384 2216,3383 2242,3383 2267,3383 2293,3384 2319,3384 2345,3385 2371,3386 2396,3387 2422,3388 2448,3390 2474,3391 2499,3393 2525,3394 2551,3396 2577,3398 2603,3399"/>
                <TextEquiv>
                    <Unicode>auch sichles den —</Unicode>
                </TextEquiv>
            </TextLine>
            <TextLine id="r1l53" custom="readingOrder {index:52;}">
                <Coords points="2141,3429 2174,3424 2204,3438 2251,3430 2267,3439 2318,3431 2354,3443 2378,3431 2405,3439 2406,3402 2308,3389 2288,3400 2269,3387 2234,3400 2185,3385 2142,3391"/>
                <Baseline points="2150,3419 2177,3421 2204,3422 2232,3423 2259,3423 2286,3423 2314,3423 2341,3424 2368,3425 2396,3427"/>
                <TextEquiv>
                    <Unicode>zu ändern.</Unicode>
                </TextEquiv>
            </TextLine>
            <TextEquiv>
                <Unicode>Liebelei
5 box 10/6
——

—

—  —
Telefon 12801.
190 10 5 Unternehmen für Zeitungs-Ausschnitte
Ausschnitt
„OBSERVER“
Nr. 4
I. österr. behördl. concess. Bureau für Zeitungsberichte und Personalnachrichten
Wien, IX/ Türkenstrasse 17.
— Filiale in Budapest: „Figyelö“, VIII. Josefsring 31a.—
Verwärts (Berlin)
Ausschnitt aus:
10.MA1 1898
vom
—d. Die Neue Freie Volksbühne bot ihren Mitgliedern am
Sonntag Nachmitlag Arthur Schnitzlen's: „Liebelei“.
Das Stück wurde unker der Regie von Klaudius Merten
gegeben, der nach längerer Pause wieder die Vereinsvorstellungen
leitet. Die weibliche Hauptgestalt wurde von Fräulein Olizar
mit erschütterndem Ernst dargestellt. Der innige keusche Adel dieses
Mädchens durchpulste jeden Ton, jede ihrer Bewegungen. Die schau¬
spielerische Höhe erreichte die Künstlerin in der letzten Szene, als Christine
erfährt, daß ihr Geliebter im Duell um eine verheirathete Frau ge¬
fallen ist. Ihre Freundin Mizi gab Fräulein Seßler. Solche
Gestalten, die auch auf dem Berliner Boden üppig gedeihen, können
nur zu leicht in eine gewisse Schnoddrigkeit hinübergezogen werden,
die ihrer Drolligkeit schadet. Christinens Geliebter wurde im ersten
Theil von Herrn Jarey zu düster gegeben. Ein Mensch, der sich
zu übermüthigen Tändeleien verführen läßt, der immer mehr passiv
ist, geht doch etwas mehr in der Stimmung seiner Umgebung auf.
Sein Freund und Führer Theodor (Herr Reimann) war immer
der sichere, kühle Schwerenöther. Ebenso vorzüglich waren Herr
Eggeling als Christinens Vater und Therese Thiemann als
die Kleinbürgersfrau Binder. Eine prachtvolle Leistung bot Claudius
Merten als strenger, zorniger Ehemann. Auch die Ausstattung"
war diesmal gut. —
Bezugs-Bedingungen.
eitungsausschnitte (Artiker oeler Notizen)
inclusive
Porto.
14
Zahlbar
55.— im Voraus
100.—
ngsausschhitte ist das
1
auch sichles den —
zu ändern.</Unicode>
            </TextEquiv>
        </TextRegion>
    </Page>
</PcGts>
