3436 4320
981 210 1422 304 box 12/6
433 216 837 290 Liebelei
266 215 932 331 5. A e hennnnuk
1374 925 3280 997 sie ist nur ein gutes, herziges Mädel, das den gepflegten Händen, aber „ungepflegtem Hirn“
1367 986 2320 1028 Rausch des jauchzend Sich=Nehmens und Sich¬
2340 1005 3286 1061 Frl. Reichert verkörperte mit viel Laune
1374 1027 2317 1070 Verschenkens kennt, seit der Stunde, da es den
2329 1040 3275 1086 und Beweglichkeit die vom Weib zum „Weib¬
1362 1068 2322 1116 Fritz liebt mit der ganzen Inbrunst und selbst¬
2328 1078 3276 1125 chen“ herabgesunkene Margarete. Herr Tae¬
1364 1104 2322 1159 verständlichen Hingebung seiner ersten tiefen
2327 1110 3287 1172 ger war köstlich in seiner urwüchsigen Eigen¬
1364 1147 2322 1211 und wahren Liebe. Sie weiß nicht, daß sie
3030 1155 3232 1214 L. S=s.
2333 1148 2715 1222 art als „Dichter“.
1372 1185 2313 1247 für Fritz nur eine leichte, gefällige, flüchtige
1375 1218 2328 1288 Liebschaft bedeutet, nur einen Zeitvertreib, der
1368 1261 2331 1314 den jungen Mann von seiner Leidenschaft zu
1370 1294 2328 1356 einer verheirateten Frau ablenken und kurieren
1369 1331 2320 1404 soll. Es ist ihr bitter ernst mit ihrer Liebe,
1360 1371 2323 1444 obwohl sie aus jenen Kreisen stammt, wo es
1366 1418 2333 1475 angeblich „keine großen Szenen und tragischen
1373 1455 1803 1517 Verwicklungen“ gibt.
1442 1495 2350 1556 Frl. Ferron gab dieser Christine die
1362 1550 2328 1605 innige Güte und sinnige Ernsthaftigkeit einer
1369 1580 2327 1645 stillen, gefühlvollen Natur, aber auch die ver¬
1367 1635 2320 1699 zweifelte Entschlossenheit eines um sein Herzens¬
1375 1670 2318 1723 glück betrogenen Weibes. Hervorragend gestaltete
1365 1703 2321 1765 die Künstlerin die Schlußszene des letzten Aktes.
1368 1743 2321 1781 Wie in der Seele des Mädchens langsam, aber
1371 1782 2322 1845 stetig die Erkenntnis der wahren Zusammen¬
466 1797 956 1885 Denzelen6(
1373 1830 2319 1885 hänge dämmert, wie schließlich die quälenden
1374 1857 2322 1908 Zweifel und baugenden Befürchtungen un¬
1364 1903 2315 1946 erbittliche Gewißheit werden und alle Altäre
484 1898 945 1996 SSeGen
1362 1942 2337 1990 zertrümmern, die ein liebendes Mädel in seinem
1368 1983 2318 2045 Innern errichtet, das zeichnete Frl. Ferron in
1368 2020 2306 2062 eindrucksvollster Steigerung, erschütternd echt.
587 2024 940 2129 1# 4. 1.
1359 2051 2329 2118 Einen wirksamen Gegensatz zu dem schwer¬
1363 2100 2314 2156 blütigen Naturell der Christine schuf das leichte
1366 2137 2319 2190 Gemüt, die muntere Ausgelassenheit der von
1355 2165 2308 2223 Frl. Glasel ausgezeichnet verkörperten Mizi.
1355 2217 2318 2275 Die Künstlerin zeichnete ganz famos, nur
717 2194 1046 2281 Theater,
1357 2249 2320 2298 anfangs fast zu beiveglich, den Typus eines
1368 2292 2323 2347 echten Weauer Mädels, das im Mai nicht
466 2240 1290 2368 Kunst und Wissenschaft.
1355 2325 2316 2373 daran denken mag, ob man sich im August
1356 2370 2312 2423 noch lieben wird. Herr Ewald Bach führte
1359 2406 2319 2454 die Figur des Fritz mit jener Gewandtheit
495 2398 1215 2472 Allonger Stadt=Theater.
1366 2448 2309 2502 und geistigen Ueberlegenheit durch, die ihm
610 2465 1136 2539 Neu einstudiert.
1362 2492 2313 2541 eigen ist, die aber diesmal doch nicht darüber
1360 2523 2306 2586 hinwegtänschen konnte, daß der Künstler keine
613 2525 1119 2596 (Arthur Schnitzler:
1363 2562 2309 2617 rechte innere Fühlung zu seiner Rolle gewinnen
527 2561 1190 2655 „Aebelei" und „Literatur“.
1357 2605 2320 2665 konnte. Man denkt sich den Fritz jünger und
471 2625 1352 2704 Die (Motive, die in den Werken Arthur
1355 2639 2315 2711 weniger pathetisch. Herr Modes fand für
383 2677 1338 2729 Schultzters angeschlagen werden, kreisen
1349 2668 2314 2724 die lebensfrohe unbekümmert=sorglose Art des
1342 2714 2320 2778 Theodor im allgemeinen den rechten Ton, wenn
382 2721 1335 2772 dauernd um zwei Begrisse: Liebe und Tod.
391 2760 1344 2814 Typisch ist dabei, daß die Konflikte, die sich
1357 2761 2318 2815 man sich auch da und dort noch eine schärfere
389 2793 1337 2846 aus den mit psychologischer Meisterschaft kom¬
1353 2802 2304 2856 Nuancierung gewünscht hätte. Rührend=schlicht,
386 2841 1344 2896 binierten und behandelten Problemen zusammen¬
1350 2827 2318 2895 mit warmem Empfinden spielte Herr Wil¬
377 2876 2318 2929 ballen und entladen, meist auf einen gedämpf=shelmi den Vater. Die schauspielerisch un¬
384 2909 945 2966 ten Ton abgestimmt sind.
993 2914 2320 2974 Es fehlt sowohl gemein heikle Figur des fremden Herrn wurde
385 2947 1335 3002 das Pathetische wie das Brutal=Naturalistische.
1349 2955 2309 3003 von Herrn Taeger vortrefflich dargestellt.
383 2995 971 3039 Mirgends laute Explosionen.
1353 2987 2320 3038 Nur ein paar Worte, ein paar Gesten! Aber
997 2990 1342 3045 Fast still und
385 3028 1335 3083 spurlos zerbricht das Schicksal die Menschen.
1350 3031 2318 3084 wie brachte sie dieser tüchtige Darsteller!
1344 3065 2234 3114 Recht gut war auch Frau Gude=Bran¬
380 3066 1345 3122 Leise, wie wenn eine Saite zerspringt, nicht
382 3119 1335 3160 anders, und das Spiel des Lebens ist beendet.
1347 3109 2307 3173 in der Episodenfigur der Frau Binder. Um
382 3151 1327 3202 Eine Ausnahme bildet gewissermaßen Schnitz¬
1342 3150 2316 3220 die Inszenierung machte sich Herr A. Weh¬
1337 3176 1671 3248 lin verdient.
374 3196 974 3239 lers Schauspiel „Liebele
991 3184 1339 3244 , das am Mon¬
378 3231 1335 3281 tag abend im Altonaer Stad=Theater, neu
1420 3214 2309 3296 Als Nachspeise für Feinschmecker gab es
372 3254 1344 3317 einstudiert, in Szene ging. Hier greift in die
1342 3266 2320 3338 dann noch den geistreichen, von Lichtern der
386 3305 1331 3355 zarten, weichen Farben, in die lachende Welt
1341 3311 2323 3364 Ironie umspielten Einakter von Schnitzler
378 3347 1331 3388 Anatols, wie sie uns im ersten Akt entgegen¬
1353 3350 2325 3404 „Literatur“. Der Dichter gibt hier dem
377 3385 1342 3444 tritt, doch auch eine kräftigere, saktere Tönung
1336 3390 2304 3448 1 Thema „Wie stehen die Künstler zum inneren
383 3419 556 3471 hinein.
549 3425 595 3464 1
582 3430 1336 3466 Der Flor halber Andeutungen und
1341 3423 2309 3490 Erlebnis?“, das er in seinem Zyklus „Leben¬
377 3461 1337 3509 leiser Worte wird zerrissen. Unverhüllt zeigt
1342 3468 2300 3527 dige Stunden“ behandelt, eine feine, satirische
388 3499 1336 3563 sich uns eine erschütternde Seelentragödie, in
1344 3503 2309 3555 Wendung. Herr Brügmann, der auch die
386 3530 2311 3588 deren Mittelpunkt Christine steht. Sie ist nicht Regie führte, zeichnete den Baron Clemens¬
394 3579 2319 3649 kaszinierend schön, nicht sonderlich geistreich, 1 mit sicheren Strichen als einen Mann mit wohl¬
