3436 4256
399 163 801 232 Liebelei
240 143 1384 276 5.— box 12//3
245 716 1154 840 *6 S Taliner Morgenpost, Berlin
822 909 1296 974 S
492 946 1324 1083 Terater, Kun und
648 1023 1308 1096 Wissenschaff
504 1057 951 1136 Se  un ennmneneee
571 1135 1249 1240 Ein Schnitzler-Abend.
494 1220 1319 1299 „Liebelei“ im Neuen Volkstheater.
510 1279 1345 1352 Zur Feier von Arthur Schnitzlers
460 1337 1346 1389 fünfzigstem Gabfirtstag brachte gestern das Neue
465 1386 1356 1441 Volkstheater als (eine der wenigen Berliner
453 1409 1354 1490 Bühnen, die sich nicht um diese Ehrenpflicht
454 1464 1355 1535 herumdrücken, Zzwei der interessantesten Bühnen¬
445 1506 1352 1553 zwerke des österreichischen Dichters heraus. Di¬
457 1557 1356 1618 rektor Lichb hatte für diesen Tag „Liebe¬
451 1590 1346 1651 lei“ um „Literatu““ neu einstudiert. Und
459 1640 1348 1695 wie m#a von dieser Bühne, die sich so große
471 1682 1353 1745 Verdierste um die Bildung des Volkes erworben
475 1736 1348 1779 hat, in letzter Zeit nur Gutes melden konnte,
464 1770 1358 1824 so out auch der gestrige Abend wieder einen
464 1811 1357 1862 künstlerischen Genuß und bewies, mit wieviel
473 1867 1352 1921 Geschmack und Verständnis das Theater in der
464 1898 1080 1963 Köpenicker Straße geleitet wird.
523 1945 1357 1999 Schnitzler, der Dichter des lieben Wiener Mä¬
474 1992 1352 2041 dels, des echten Schnitzler=Mädels, hat in diesem
463 2028 1337 2110 prachtvollen Dreiakter, den er „Liebelei“
551 2402 610 2456 510
1145 2664 1211 2756 7
890 2697 1165 2841 „
620 2791 1007 2928 # SPri Hinh.
1017 2833 1249 2917 43
522 2883 1170 2981 Arthur Schnitzler.
475 2963 1364 3046 nennt, die reizenöste Vertreterin dieser seiner
491 3024 1366 3092 zarten Geschöpfe gezeichnet. In Christine, die
492 3075 1372 3131 im Herzen des jungen Fritz Lobheimer nach einer
492 3115 1370 3194 langen Reihe seiner Liebeleien endlich die reine
487 3157 1381 3234 Liebe erweckt, ist eine Gestalt geschaffen, die
490 3203 1374 3268 zu dem Unvergänglichsten gezählt werden muß,
481 3246 1378 3294 was die moderne Literatur kennt. Martha
484 3292 1372 3357 Angersteen lieh-ihr in der gestrigen Auffüh¬
482 3333 1388 3385 rung ihre ganze Anmut und ihre ganze reife
485 3380 1381 3430 Kunst. Ihr Partner, Johannes Riemann,
482 3416 1375 3500 fand den rechten Ton für die heiteren und tief¬
481 3463 1372 3526 tragischen Seiten seiner Rolle. Aurel Ro¬
486 3503 1373 3565 wotny und Else Bäck zeigten, wie ein Wiener
485 3547 1379 3599 verliehtes Pürchen lacht, m#ilt und busselt, und,
485 3590 1380 3658 das war sehr nett. Robert Müller machte aus
500 3629 1384 3686 der kleinen Rolle des Violinisten Weising ein Ka¬
492 3671 1376 3737 binettstückchen. Schabe, boßer uns bald verläßt.
502 3719 1385 3782 Eröffnet wurde der Abend mit der witzigen
498 3768 1378 3824 Charakterkomödie „Literatur“, in der der
486 3808 1384 3867 Verfasser die drei köstlichen grundverschiebenen
502 3851 1381 3908 Typen eines aristokratischen Stutzers, eines
499 3889 1387 3957 größenwahnsinnigen Literaten und eines leicht¬
507 3935 1390 4007 sinnigen Weibchens gegeneinander ausspielt, die
500 3969 1394 4042 nan Bella Wagner, Aurel Nowotny und“
511 4020 1388 4094 Robert Müller vorzüglich nachgezeichtet
724 4067 1367 4133 anähg.s # mnnedtrtag Bes.
513 4079 724 4142 wurden.
2072 881 2160 927 ——
1353 894 2237 969 zum wuchtigen, aufrüttelnden Drama erwächst,
1361 962 2231 1007 wie sich hier aus einer Einzelepisode der gran¬
1366 1001 2248 1063 diose Sturm eines weltgeschichtlichen Moments
1359 1042 2237 1092 emporringt, das gehört zum Packendsten, was
1358 1081 2234 1142 die moderne Dichtung hervorgebracht. Georg
1369 1123 2237 1194 Paeschke, Richard Wirth, Hans F. Ger¬
1363 1176 2236 1231 hard, Heinz Bernecker, Conrad Wiene
1363 1215 2234 1281 und Else Wasa machten sich um die Wieder¬
2013 1262 2186 1325 M. L.
1371 1262 1721 1331 gabe sehr verdient.
1368 1354 2236 1436 Zwei Novitäfen in der Karstiessen - Oper.
1416 1426 2235 1496 Die Kurfürsten=Oper hat gestern zwei Ein¬
1374 1485 2243 1541 akter von Erik Meyer=Helmund zum
1372 1525 2253 1585 ersten Male aufgeführt: eine Mitternachteszene
1363 1567 2252 1634 „Traumbilder“ und eine „lustige Episöde“.
1372 1618 2240 1675 „Taglioni“ nach einer wahren Begebenheit.
1371 1654 2246 1714 Als Autor der „Traumbilder“ bezeichnet der
1369 1701 2118 1759 Programmzettel Heinrich Heino
1366 1738 2246 1791 Wirklichkeit sind da einige Gedichte Heines aus
1379 1790 2244 1840 dem Traumbilder=Zyklus zusammengefügt. Die
1377 1830 2257 1881 Gestalten aus diesen Gedichten, der Spielmann,
1372 1869 2254 1936 der Taschendieb, der Junker und andere, ent¬
1383 1917 2249 1973 steigen mit dem Schlage der Mitternachtsglocke
1386 1959 2255 2024 ihren Gräbern und singen ihr Liedlein, nach¬
1379 2007 2257 2073 dem als Einleitung vorher Heine in Person
1381 2051 2252 2116 kundgetan hat, daß er aus seinen großen
1387 2099 2248 2140 Schmerzen seine kleinen Lieder mache. Was
1389 2139 2263 2190 nun bei Heine als Ausdruck des Grotesken, des
1381 2185 2258 2235 in seiner Schauerlichkeit Bizarren gemeint ist,
1378 2221 2261 2283 wird hier in dieser „Mitternachtsszene“ zur ge¬
1391 2267 2261 2330 fühlsduseligen Sentimentalität umgeformt.
1393 2325 2262 2370 Meyer=Helmund war ja von jeher, auch in der
1389 2360 2278 2418 Zeit seiner großen Volkstümlichkeit, der Typus
1386 2407 1486 2456 des
1485 2402 2270 2464 „schmalzigen“ von lyrischem Honigseim
1393 2449 2262 2500 überfließenden Musikers, und die Jahre haben
1385 2488 2243 2559 sein innerstes Wesen offenbar nicht verändert.
1428 2536 2254 2594 Denn so wie die Zusammenstellung der Ge¬
1388 2562 2267 2638 dichte, die er hier vertont hat, bsweist, daß es
1397 2620 2267 2684 ihm immer noch nur um die Erzielung billiger
1394 2669 2274 2721 Effekte zu tun ist, so ist auch die Musik zu diesen
1383 2722 2269 2767 Texten schlimmste Marzipanmusik, süß bis zur.
1398 2757 2266 2807 Widerlichkeit, unmöglich in unserer heutigen
1394 2802 2272 2855 Zeit, abgestanden und innerlich von Unnatur an¬
1392 2845 2281 2901 gefressen. Ist es überhaupt möglich, daß ein
1389 2890 2270 2943 Musiker heute noch derart empfindet? Wie kann
1395 2932 2274 2995 alles, was in den letzten fünfzehn Jahren sich im
1389 2984 2282 3034 Reiche der Musik ereignete, so völlig spurlos an
1396 3020 2269 3082 einem schaffenden Musiker vorübergehen, ohne
1381 3062 2272 3126 ihn wenigstens zum Nachdenken zu veranlossen?
1391 3121 2284 3163 Wer sich so völlig in eine abgestorbene Welt ver¬
1389 3158 2282 3233 senkt, wie Meyer=Helmund es tut, hat uns
1402 3206 1962 3269 absolut nichts mehr zu sagen!
1463 3231 2287 3307 Nicht besser ist das zweite Stückchen „Ta¬
1394 3286 2280 3352 glioni“. Da wird gezeigt, wie die berühmte Tän¬
1395 3327 2275 3394 zerin Taglioni auf einer Reise in Rußland von
1396 3375 2286 3430 einem Räuber gefangen wird, und wie dieser
1399 3402 2286 3481 sentimentale Bandit keine anderen Sorgen het,
1395 3468 2281 3523 als sich von der Künstlerin etwas vortanzen zu
1399 3496 2285 3565 lassen. Auch hier wieder die gleiche Musik von
1403 3553 2285 3605 unerträglicher Süße, auch hier abermals die ab¬
1410 3586 2299 3658 gebrauchten Mittel, die Zuhörer durch musika¬
1396 3637 2283 3688 lisches Mondscheingeflimmer in falsche Rührung
1396 3680 2281 3732 zu vorfetzen! Rein, — mit einer so beschaffenen
1395 3724 2285 3775 musikalischen „Kunst“ wollen wir nichts mehr
1398 3762 2286 3820 zu tun haben!... In dem ersten Stück zeich¬
1398 3813 2283 3882 neie sich Herr van Hulst aus, im zweiten
1402 3850 2288 3910 erratig die Tänzerin Grete Margot einen
1397 3897 1696 3970 pärken Erfolg.
1937 3895 2255 3970 J. C. Lusttig.
1464 3980 2287 4039 Eine Abwahr der Rissen=Gegner. Das
1411 4031 2284 4094 Flugblatt des zur Bekämpfung Rissens organi¬
1413 4080 2279 4130 sierten „Protestbundes“ hat unter der großen
1464 4113 2281 4162 ekrzahl der Genossenschafter einen Sturm
2262 875 3143 973 leiter erhalten wird. Bis jetzt ist sie ihm nämlich
2267 944 2715 1017 noch nicht erteilt worden.
2311 974 3132 1056 Leoneavallos neue Oper. Aus Mai¬
2251 1040 3135 1090 land telegraphiert uns unser Korrespondent:
2256 1085 3135 1153 Leoncavallo hat eine neue Oper „Die Köni¬
2262 1123 3142 1182 gin der Rosen“ (Reginetta delic rosa) fer¬
2266 1176 3139 1237 tiggestellt. Das Textbuch stammt von For¬
2267 1211 3136 1287 zano und behandelt das Liebesidyll zwischen
2279 1259 3135 1314 einem Londoner Blumenmädchen namens Lil¬
2274 1296 3131 1359 lian und dem Erbprinzen von Portowo, einem
2264 1351 3130 1401 phantastischen Königreiche. Nach vielen Ver¬
2265 1388 3139 1456 wicklungen kommt es zur Krönung Lillians zur
2270 1427 3148 1487 Blumenkönigin. Die Erstaufführungen finden
2269 1477 3133 1542 gleichzeitig in Mailand und Turin statt. Auch
2260 1513 3149 1578 in Berlin soll die Oper schon in der nächsten
2277 1566 2753 1634 Saison gegeben werden.
2339 1601 3147 1671 „Banadietrich“ in der Wiener Hof¬
2270 1663 3143 1714 oper. Siegfried Wagners Oper „Bana¬
2273 1700 3131 1756 dietrich“ erzielte, wie uns ein Privättäls¬
2269 1745 3154 1804 gramm aus Wien meldet, bei ihrer gestrigen
2262 1799 3138 1858 Aufführung einen Achtungserfolg, der mehr dem
2272 1831 3130 1886 Namen des Komponisten als dem Werke galt.
2264 1875 2937 1939 Nach dem ersten Akt erhob sich gegen
2277 1918 3042 1978 eine ziemlich starke Opposition, nichtsdestowe
2278 1964 3057 2018 konnte Siegfried Wagner, der der Premiere
2274 2008 3104 2064 wohnte, nach dem ersten und weiten Akt wiede
2277 2039 3131 2132 holt für den Beifall dan Die Aufführung
2278 2104 2706 2177 war alles Lobes wert.
