3392 4320
249 201 766 297 5. Liebelej
971 216 1333 307 box 11/4
381 274 797 323 —
1266 1011 1528 1090 ., Kopen¬
446 1045 1526 1140 #agen, Londen, Madlid, Mailand, Minneapolis, New-Vork.
468 1117 1479 1168 Paris, Rom, San Francisco, Stockholm, St. Petersburg.
764 1158 1217 1202 (Quelienangabe ohne Gewähr).
439 1197 1621 1325 Ausschnitt aus: Egerer Volkszeitung
746 1292 1197 1397 17. MRZ. 1909.
427 1319 594 1379 vom:
440 1391 1592 1531 —|7 Stadttheater. Sonntag, den 14. März:
420 1464 1595 1568 „Liebelei,“ Schauspiel in drei Atten von Arthur
424 1513 1583 1628 Schnitzler. Schnitzler ist einer der modernen Analytiker
426 1556 1598 1650 und Stimmungspoten, die mit der Gewissenhaftigkeit
436 1616 1592 1711 des Arztes an ihren Nebenmenschen herumhorchen und
430 1672 1601 1774 herumfühlen. Das dreiaktige Drama „Liebelei“ das
433 1703 1593 1809 1896 zum ersten Mal über die Bühne ging, hat ein ver¬
442 1762 1611 1857 wandtes Gefühlsthema mit der „Sündigen Liebe“ des
444 1803 1603 1910 Italieners Giacha. Es ist eine fihr alltägliche Ge¬
443 1850 1596 1933 We, die sich da in den drei Akten mehr novellistisch
454 1909 1607 1979 als dramatisch abchickelt. Die Fabel kommt auch erst
445 1970 1619 2032 n zweiter und dritter Linie die Hauptsache ist ihm der
451 2006 1616 2090 Kontakt, der sich zwischen den Personen erzeugt, und
450 2073 1602 2142 as überrascht diejenigen, welche bereits die Bekannt¬
456 2106 1609 2180 chaft des Novellisten Schnitzler gemacht haben, keines
447 2161 1630 2226 begs. Die Aufführung, welche das Werk am gestrigen
454 2213 1624 2274 lbend vor einem vollen Hause fand, konnte befriedigen.
454 2267 1619 2328 Eine besonders vollwertige Leistung bot Frl. Wundtke
454 2330 1619 2385 ils Christine, der sie namentlich im dritten Akte eine
453 2354 1617 2441 sochdramatische Gestaltung gab und lebenswahre Töne
462 2427 1626 2483 serlieh. Nach einer langen Periode Abirrens vom
460 2457 1629 2550 Ffade scheint sich Frl. Wundtte wieder selbst gefunden
456 2511 1630 2582 u haben. Eine gleich gute Leistung bot Herr Martin
462 2572 1627 2633 ils Christinens Vater Weiring. Auch er brachte die in
454 2608 1633 2675 er Liebe für sein Kind aufgehenden Herzensregungen
454 2678 1631 2726 ebhaft zur Anschauung und gab ihnen beredten Aus¬
453 2723 1624 2781 ruck. Die zwei blasierten Lebemänner Lohmeyer und
450 2766 1632 2822 Kaiser fanden in den Herren Huber und Ander ange¬
451 2814 1633 2897 nessene Vertretung, desgleichen die Mizzi Schlager
453 2863 1642 2930 ind die Frau Binder in Frl. Langer und Frau Stein.
447 2900 1636 2990 Das ausverkaufte Haus spendete den Darstellern leb¬
450 2980 807 3049 jaften Beifall.
467 3005 1675 3136 *) (Reformgymnasium in Karlahs
2389 387 3016 508 „OBSERVER“
2169 517 3246 581 1 österr. behördl.konz. Unternehmen für Zeitungs-Ausschaltte
2298 582 3114 661 Wien, I., Concordiaplatz 4.
2495 650 2927 713 Verfrefungen
2161 707 3238 763 in Berlin, Budapest, Chicago, Christiania, Genf, Kopen¬
2165 751 3246 794 bagen, London, Madrid, Mailand, Minneapolis, New-Vork,
2208 789 3207 845 Paris, Rom, San Francisco, Stoch #im, St. Petersburg.
2509 824 2922 880 (Qaellenangabe ohne Gewähr).
2155 885 2546 948 Ausschnitt aus:
2159 942 2635 1040 vom: ## #II.
2889 977 3202 1077 geitung
2327 1151 3043 1244 Theater und Musik.
2340 1241 2992 1325 Troppauer Stadttheater.
2157 1311 3181 1391 „Liebelei“ von Schnitzler, „Der zer¬
2280 1353 3036 1451 brochen Kleist.
2254 1444 3178 1507 Nach mehrjähriger Pause brachte unsere
2161 1488 3171 1556 Bühnenleitung wieder einmal die erste und wir¬
2173 1534 3175 1603 kungsvollste dramatische Arbeit Arthur Schnitz¬
2165 1580 3178 1641 lers „Liebelei“ auf die Bühne. Es war einer
2160 1623 3177 1703 der seltenen Premieren=Abende im Abonnement,
2167 1686 3166 1750 bei welchen erfahrungsgemäß die Stimmung
2160 1731 3171 1789 immer um einige Grade wärmer ist, wie ber
2159 1780 3178 1850 dem eigentlichen Premieren=Publikum. Aber
2158 1838 3181 1913 auch dieses wäre bei einer Darstellung der Chri¬
2169 1875 3165 1934 stine, wie wir sie gestern sahen, warm gewor¬
2156 1930 3173 1992 den. Hatte das im Vormonate aufgeführte
2165 1980 3168 2026 Schauspiel „Die fremde Frau“ des Franzosen
2153 2029 3167 2099 Bisson dem Fräulein von Effner Gelegen¬
2153 2079 3181 2131 heit gegeben, das Gefühlsleben einer vom ge¬
2154 2129 3174 2199 raden Lebenswege abgeirrten, unglücklichen Frau¬
2146 2172 3169 2238 in künstlerisch geradezu vollendeter Weise zum
2159 2220 3175 2280 Ausbruck zu bringen, so wurde es der schätzens¬
2156 2276 3169 2328 werten Künstlerin gestern in dem Schnitzler¬
2159 2321 3188 2391 schen Schauspiele „Liebelei“ ermöglicht, dem Pu¬
2151 2369 3180 2432 blikum dieses Trauerspiel eines Mädchens, das
2147 2403 3161 2479 sich ganz gegeben und dafür die Liebe des von
2148 2476 3168 2539 ihr vergötterten Mannes eingetauscht zu ha¬
2140 2519 3162 2571 ben glaubt, durch die Tötung des Geliebten
2150 2570 3169 2633 im Duell aber erfahren muß, daß es ihm nur
2151 2614 3163 2669 eine Liebelei war, in wirklich ergreifender Weise
2143 2661 3165 2737 vor Augen zu führen. Fräulein von Effner
2147 2711 3169 2788 gehört zu jenen echten Künstlerinnen, welche
2142 2756 3158 2839 die Handlung des Stückes bei jeder Aufführung
2157 2812 3153 2875 mitleben und nicht nur selbst in ihrer Rolle
2145 2867 3168 2936 aufgehen, sondern auch das Publikum in deren
2155 2910 3157 2965 Bannkreis ziehen. Kein Wunder daher, wenn
2153 2961 3163 3033 diese hochbegabte Schauspielerin auch gestern
2150 3007 3164 3067 wieder, insbesondere nach der brillant durch¬
2146 3065 3164 3127 geführten Schlußszene durch rauschenden, sich
2144 3115 3160 3173 immer wieder erneuernden Beifall ausgezeich¬
2150 3152 2408 3215 net wurde.
2241 3194 3166 3277 Ganz vorzüglich traf auch Fräulein Rob¬
2153 3245 3156 3314 ba als Mizzi Schlager den Ton des „süßen
2154 3297 3152 3380 Mädels“ und trug dadurch zur Belebung der
2159 3350 2809 3414 Szene ganz hervorragend bei.
2239 3395 3149 3463 Derr Kunst in der Rolle des Hans Wei¬
2145 3461 3147 3522 ring und Herr Flemming als Fritz Lob¬
2140 3496 3149 3576 heimer boten sehr anerkennenswerte Leistungen,
2149 3559 3173 3614 auch Herr Strahl wußte den leichtlebigen.
2149 3605 3158 3691 Theodor Kaiser recht wirksam darzustellen bie¬
2143 3673 3147 3744 zur Schlußszene, in der er als Totenvogel
2138 3730 3143 3795 erscheint; da konnte er den geborenen Komi¬
2136 3776 3143 3831 ker nicht verleugnen und wirkte in Haltung
2140 3815 3154 3902 und Miene auf die Lachmuskeln geradezu auf¬
2135 3880 2325 3940 reizend.
2231 3892 3156 3979 Der etwas längliche Einakter „Derzer¬
2136 3975 3143 4032 brochene Krug“ von Kleist, der dem Schau¬
2133 4022 3148 4093 spiele nachfolgte, wirkte dadurch, daß er nach¬
2133 4059 3144 4142 felgte, wie auch durch die ein wenig gezwun¬
2126 4124 3143 4188 gene Komik des Richters Adam ermüdend. Herr
2787 4169 2932 4219 Bename
2608 4176 2654 4220 161
