3392 4256
309 141 622 215 Liebel
301 145 1301 246 box 13/4
1112 1172 1350 1313 CINE
1389 1264 1756 1387 16 Dlc. 1934
1194 1396 1952 1517 PANORAMICA
1221 1496 1944 1539 —scsur.
1241 1535 1934 1606 * Colette ha scritto per il einema¬
1206 1575 1943 1648 tografo.,II suo soggetto, che s’intitola
1213 1616 1947 1676 Divina, sará portato allo schermo da
1212 1660 1945 1718 Jean Tarride. Ne saranno interpreti
1216 1698 1951 1765 Edith Méra, Philippe Heriat, Simone
1226 1747 1385 1799 Berriau.
1307 1772 1951 1836 4lbert Lieven, protagonista di Gio¬
1221 1807 1950 1867 vinezza, interpreterà con Clara Savio
1230 1857 1863 1918 Glückspilze, un film di Semmle.
1255 1902 1959 1945 * Franz Fenzler, non appena avra
1218 1928 1959 1996 terminato a Tirrenia la versione tede¬
1235 1970 1957 2027 sca di Cumpo di Maggio, inizierà a
1234 2009 1958 2075 Berlino Die Stahlerne Strath, di cui sa¬
1227 2051 1857 2115 ra protagonista Dorothea Wieck.
1314 2082 1954 2140 Adolf Folbruck, protagonista di
1234 2127 1966 2188 Mascheruta, interpreta Regina con Leui¬
1235 2157 1972 2233 se Ullrich, che ricordiamo in Angeli
1237 2208 1782 2268 senzd paradisoe in Liebelei.
1266 2240 1975 2303 * 4lberto e „Innie é 11 titolo di un
1237 2275 1970 2347 film che Albert Prejenn e Anny On¬
1234 2316 1972 2384 dra interpreteranno a Berlino in ver¬
1246 2367 1734 2428 sione francese e ledesea.
1312 2387 1979 2459 Jean Serrais sarà i1 protagonista
1270 2414 1314 2452 *
1237 2435 1971 2497 edi un film franco-austriaco: Mitzi, che
1242 2470 1978 2533 sera realizzato per gli esterni in Austria
1280 2521 1798 2580 per gli interni in Frasein.
1258 2553 1966 2618 * Si dice che 120 film saranno ren¬
1238 2589 1987 2665 lizzati nel prossimo anno negli Rudi
1254 2646 1442 2706 sovietici.
1277 2668 1987 2743 * Mur Ophüls dirigerà a Parigi Le
1250 2709 1987 2778 Mariage, un film M. P. G. de Venloo
1250 2752 1766 2815 interpretato da Marie Beli.
1330 2766 1982 2842 Raimn inter preterà per la Pathé-Na¬
1279 2808 1322 2839 3
1251 2835 1987 2895 lan La scuolo delle cocottes, con An¬
1251 2862 1998 2922 dré Lefaur, Renée Saint-Cyr. Pauline
1256 2912 1755 2970 Carton. Henry Roussell.
1335 2949 1996 3005 Helen Morgen interpreterà per la
1292 2964 1343 3000 *
1261 2978 1999 3036 Warner Lady in Pailing, In seguito
1263 3027 2010 3097 ella comparira con Al Jolson in Casino
1265 3079 1479 3130 de Poree.
