3392 4320
387 184 719 264 Liebele
211 193 1360 306 5. LELEL-1 box 11/5
647 960 871 1029 geschubip¬
630 1078 1843 1143 kalische Illustration, das Festhalten dieser latenten poetischen
1859 1086 3078 1141 glückseligen Fritz vor dem Duell: lustige und ernste Themen
618 1122 1853 1180 Stimmung. Wenn bislang — die „Liebelei“ ist 1895 er¬
1863 1120 3082 1191 aus der Oper verbinden sich zwanglos zu einer wirkungsvollen
627 1164 1846 1235 schienen — kein Komponist zu diesem Textbuche griff, so mag
1851 1175 3078 1232 Tondichtung, deren Stimmungsgehalt durch die knappe und
626 1211 1845 1258 das zum Teil daran liegen, daß unsere dramatischen Kom¬
1856 1210 3078 1265 organische Form wesentlich gefördert wird. Ein Trauermarsch,
618 1247 1846 1307 ponisten für tragische Stoffe des schweren Wagnerpathos nicht
1854 1257 3079 1301 beneidenswert gesund und italienisch groß empfunden, leitet
628 1297 1852 1349 entbehren können, dann mag auch eine gewisse Schwierigkeit
1853 1298 3077 1365 über in das Thema des Volksliedes aus dem Locheimer Lieder¬
623 1345 1845 1401 im einheitlichen Stil dieses Werkes, der Uebergang von Heiter
1854 1345 3081 1407 buch (Nr. 39, Böhme: Nr. 127), das Christine im ersten Akt
627 1392 1854 1450 und Ernst, manchen abgeschreckt haben. Die Behauptung wird
1856 1385 3078 1445 in Fritzens Wohnung gesungen hatte und das hier wie dort
620 1434 1850 1492 kaum auf Widerspruch stoßen: nur in der Form und Art etwa
1855 1429 3077 1488 einzig schön in die dramatische Situation paßt. Die furcht¬
618 1466 1846 1529 Puccinis war eine Komposition der „Liebelei“ möglich.
1856 1480 3086 1540 bare, atemversetzende Spannung des Schlußaktes, aus der die
615 1522 1847 1577 Franz Neumann, hier in Frankfurt und auch an vielen
1854 1521 3087 1591 Stelle, da Christine Fritzens Briefe liest, als lyrischer Höhe¬
617 1564 1852 1615 anderen Bühnen hochgeschätzt als Opernkapellmeister, hat einen
1855 1560 3077 1612 punkt der Oper herausragt, ist musikalisch überzeugend, ins¬
1861 1605 3077 1660 besonders ist der große Gefühlsausbruch der Christine, eine
626 1605 1848 1652 solchen Stil für seine Komposition der „Liebelei“ gewählt.
617 1653 1847 1705 Um es gleich vorwegzunehmen, bedeutet dieses Werk eine wert¬
1866 1657 3083 1722 Szene voll lodernden dramatischen Feuers mit breit italienisch
621 1695 1854 1755 volle Bereicherung der modernen Opernliteratur, die um so
1861 1700 2759 1765 geformter Melodik, außerordentlich gelungen.
618 1730 1854 1803 bemerkenswerter ist, als diese Oper Neumanns dramatischer
1934 1726 3077 1803 So weit der kurze Wegweiser durch die vielen Schönheiten
622 1785 1852 1840 Erstling ist. Ein Studium des Klavierauszuges (bei Schott
1857 1775 3085 1845 dieser Partitur, die sich als ein Produkt feinen Kunst¬
630 1822 1843 1879 in Mainz erschienen) zeigt, daß Neumann mit sicherer Meister¬
1857 1831 3084 1885 verstandes am ehesten charakterisieren läßt. Aus jeder
625 1869 1852 1923 schaft die Komposition beherrscht; wertvoller scheint noch der
1851 1869 3089 1929 Note spricht die künstlerische Reife eines dramatisch außer¬
617 1911 1842 1973 Hinweis, daß er ausgesprochen musikalisch dramatisch
1846 1920 3073 1993 ordentlich begabten Musikers, der in der ersten Reihe der heuti¬
619 1957 1843 2015 empfinden und vor allem gestalten kann. Die Art, wie er in
1859 1963 3078 2017 gen Komponisten steht, die das große Arsenal des musikalischen
621 1996 1843 2050 den lustigen Konversationston des ersten Aktes das Erscheinen
1858 2012 3082 2066 Ausdruckes virtuos beherrschen. Die Sparsamkeit im Gebrauch
618 2038 1842 2090 Christinens einführt und mit elastischer Gewandtheit die
1866 2049 3087 2098 der künstlerischen Mittel, das Fehlen jeglicher Effekthascherei,
631 2078 1856 2146 Stimmung musikalisch ausmalt, wird noch übertroffen von der
1856 2087 3083 2150 die künstlerische Gesinnung des Werkes sozusagen, sichern dieser
622 2125 1855 2187 geradezu genialen Art, wie er die Erscheinung des schwarzen
1847 2140 3080 2201 Oper die größte Sympathie. Die musikalisch wie sprachlich
621 2177 1845 2232 Herrn (des Gatten) illustriert. Wie er dann den gedrückten
1864 2176 3083 2241 einwandfreie Deklamation der Singstimmen, die immer mit
617 2218 1849 2271 Fritz und die tragische Atmosphäre des Schlusses vom ersten
1855 2227 3085 2287 einem heute sehr seltenen Verständnis behandelt sind, die reiche
619 2258 1844 2319 Akt musikalisch bannt durch ein fast ratloses und eigenartig
1861 2275 3086 2327 und trefflich charakterisierende Harmonik, in der die vielen
624 2301 1848 2364 schönes Phantasieren auf dem Klavier . . ., so vermag nur
1853 2308 3081 2370 Orgelpunkte — ganz ähnlich wie bei Hugo Wolf — bemerkens¬
616 2347 1854 2407 der geborene dramatische Komponist zu gestalten. Die rei¬
1848 2339 3086 2415 wert sind, die schöne Erfindung, die durchweg einen selbstän¬
623 2394 1845 2457 zenden und durchaus selbständig empfundenen lustigen Themen
1844 2394 3090 2446 digen Eindruck hinterläßt, sichern dieser Oper eine bedeutsame
617 2422 1847 2502 des ersten Aktes, vor allem der echt wienerische Walzer erwecken
1859 2451 3078 2503 Stellung in der zeitgenössischen Produktion. Besonders zu
628 2476 1849 2538 im Hörer das größte Zutrauen für den Weitergang der Kom¬
1854 2479 3087 2552 erwähnen ist die glänzende Instrumentation, in der Neumann
614 2516 1847 2589 position. Und man kann freudig beobachten, wie der Kom¬
1851 2535 3075 2598 keinen modernen Rivalen zu scheuen hat. Auch hier fällt es
628 2573 1852 2624 ponist mit seinen höheren Zwecken sozusagen wächst. Die
1852 2586 3082 2635 angenehm auf, daß der Komponist nicht wahllos alle orchestra¬
623 2608 1847 2654 reizend intime Einleitung, eine Art Gegenstück zu einer ähn¬
1857 2621 3073 2678 len Leckerbissen und jeden möglichen Firlefanz auftischt, son¬
622 2647 1852 2721 lichen Stelle in Wolfs „Corregidor“, weil beide brahmsisch
1856 2663 3077 2725 dern streng nach dem guten künstlerischen Gebot die Instru¬
627 2686 1841 2754 empfunden sind; dann die Illustration der Schwatzbase Frau
1851 2699 3078 2773 mentation als Mittel zum Zweck musikalischen Stimmungs¬
618 2741 1840 2798 Binder, der Eintritt des alten Weiring, den Neumann mit be¬
1858 2750 3077 2818 ausdruckes behandelt. Daß in solcher Komposition, die sich auf
617 2793 1839 2850 sonders warmer Liebe ausgezeichnet geschildert hat, vor allem
1842 2792 3248 2868 dem von Neumann geschickt gemilderten Konversationston von #
616 2830 1846 2871 aber das Wiedersehen von Fritz und Christine, das alles ist so
1849 2842 3074 2897 Schnitzler aufbaut, jede geschlossene Arienform oder jeder
624 2872 1849 2943 treffend mesikalisch geschildert, daß man fast erstaunt aufblickt
1854 2878 3079 2943 Ensemblesatz stillos wirkt, das hat Neumann mit sicherem
3068 2876 3240 2959 #erl
620 2918 1842 2979 vor solch genialer Begabung. In diesen eminenten Stei¬
1855 2929 3080 3005 ästhetischem Gefühl erkannt. Ueberhaupt erscheint mit diesem
617 2963 1844 3009 gerungen deckt sich der Gefühlsgehalt des Dramas völlig mit
1848 2970 3073 3052 Werk ein neuartiger Opernstil, der dieser Oper eine
3070 2960 3225 3036 „N
618 3005 2815 3090 der Ausdruckskraft der Musik. Das Vorspiel zum dritten Akt] Art musikgeschichtlicher Bedeutung geben dürfte
620 3048 1845 3111 trägt die Ueberschrift: Das Duell. Die Stimmung des un¬
3120 1016 3278 1095 Lärms
3118 1083 3318 1155 wordenzn
3117 1123 3320 1200 die Ver
3121 1164 3192 1211 nich
