3484 4224
211 138 765 222 5. Liebelei
891 154 1361 259 box 13/8
329 199 773 262 e ene eeen
2109 1640 2786 1740 beamten mit der Wach# —
2180 1694 3194 1774 Teilnehmern zu stürmischen Protestrufen
252 1749 3182 1807 durch seine Berliner Kritiker gestört worden. Aber tiker wissen nicht, wie schwer es ist, ein gutes Stück Anlaß. Konzipist Slaviëek wandte sich an den
256 1783 1237 1844 Gerhart Hauptmann hat viel mehr Fehlschläge zu
1228 1792 3184 1853 zu schreiben. Sudermann war 33 Jahre alt, bis er Vorsitzenden Spatny und verbot aus forma¬
252 1825 1230 1886 verzeichnen, als Hermann Sudermann. Sudermann
1225 1835 3184 1904 seinen Erfolg hatte. Vorher befaß er wahrhaftigslen Gründen die weitere Abhaltung
1226 1882 3171 1952 keinen Ueberfluß. Wie viel Arbeit, wie viel Ge=des Kongresses. Die Versammlung entsprach
247 1868 1244 1938 hat jedoch einen herausfordernden, glänzend schwar¬
253 1922 3168 1979 zen, großen und breiten Vollbart, während Haupt= danken, wie viel vortreffliche Werke werden erst durch nicht den Vorschriften des Versammlungsgesetzes,
2183 1964 3179 2013 da sie nicht angemeldet war und viele Teilnehmer
246 1960 1239 2014 mann in glatt rasierter Bescheidenheit einhergeht.
1222 1974 2193 2030 einen Erfolg bezahlt! Durch den Erfolg oft eines
1233 1990 3175 2066 minderwertigen Werks! Schnitzler, der Dichter auf Verlangen der Beamten keine Einla¬
249 2005 1234 2055 Sudermann empört sich wider die Verrohung der
1220 2056 3183 2107 Schnitzler hat zwanzig Stücke geschrieben und dochsdungskarte vorweisen konnten; über¬
250 2050 1239 2111 Theaterkritik, während Hauptmann, die eine Hand
255 2090 1233 2167 auf dem Herzen, die andere auf einer entgegengesetz¬
1229 2084 3170 2152 hat sich erst ein einziges, „Liebelei“ wirklich einge= dies war das Programm des Kongresses ungesetz¬
257 2119 1129 2207 ten Stelle, sich für die gnädige Strafe bedankt.
1216 2128 3175 2196 bürgert. Man hat vorgestern in Wien sein drama=lich. Bei Verkündigung des Verbotes des Kon¬
2680 2169 2764 2212 artr
2181 2180 3170 2229 gresses wurde neuerlich gelärmt — Abg. Choc suchte
348 2156 1239 2244 Wir Deutschen fürchten Gott und sonst noch
1231 2184 2187 2243 tisches Erstlingswerk „Das Märchen“ wieder aufge¬
244 2202 1236 2278 die Unordnung. Bei uns muß alles nummeriert
2186 2218 3167 2266 vergebens beim Konzipisten zu intervenieren —,
1230 2222 2182 2277 nommen. Als ich es vor vierzehn Jahren las, und
1400 2254 1460 2302 Uhr
2181 2259 3173 2321 so daß es nicht möglich war, die einzelnen Teil¬
247 2252 1228 2328 und richtig eingekastelt sein. Ein Dichter muß in
1224 2275 2187 2326 zur Aufführung empfahl, da verbot der Polizeizensor
2192 2291 3166 2365 nehmer sicherzustellen. Sie wurden deshalb in
252 2306 1237 2364 einem wenigstens ehemals weißen Talar einhergehen.
1222 2316 2189 2363 die Aufführung. Warum? Das hab ich bis heute
2184 2345 3172 2392 [Trupps zu 30 bis 40 Mann unter
1218 2347 2182 2411 lnicht verstanden. Vielleicht hätte Schnitzlers Auf¬
242 2346 1235 2405 Und hungern muß er. Man kann ruhig sagen, daß
2188 2382 3185 2454 Polizeibewachung in das Sicher¬
251 2379 1236 2454 Hermann Sudermann Sardou nicht viel nachsteht.
1226 2396 2185 2443 stieg ein schnelleres, entschiedeneres Tempo gewon¬
243 2437 1239 2495 Sardou, der nach der Nomenklatur der deutschen
2178 2431 3171 2507 heitsdepartement gebracht, wo sie in
1221 2430 2202 2488 nen, wenn er damals gleich drangekommen wäre.
241 2475 2189 2540 Fürchtegotts ein Sensationsdramatiker ist, der jede Wer weiß? Diese Woche bekommen wir im Neuen
2190 2473 3169 2542 Haft belassen wurden. Die Eskorte der einzelnen
248 2510 2193 2579 Tagesfrage dramatisch ausschrotet, trägt den Val=Theater auch ein altes Erstlingswerk zu hören:
2187 2508 3161 2577 Trupps durch die zur Polizeidirektion führenden
255 2565 1232 2622 menfrack des Akademikers und alle Franzosen ohne
1226 2565 3171 2627 Hebbels Judith. Ach, armer Hebbel! Wenn die Straßen erregte natürlich die Aufmerksamkeit der
249 2601 1234 2666 Ausnahme schätzen den Mann, der so außerordentlich
1223 2610 3178 2660 lebenden Dichter alle an Dich denken, wie zufrieden Passanten, die sich den Grund dieser Massenver¬
1231 2644 3179 2717 müssen sie mit ihrem Schicksal werden! Es geht haftungen nicht erklären konnten. Unter den Teil¬
246 2643 1228 2705 viel kann. Kein Mensch in Frankreich frägt, ob
2177 2686 3184 2740 nehmern, die alle rote und weiße Nelken im Knopf¬
246 2695 2190 2756 Sardou ein Dichter ist, denn jedermann ist über= eben so: Manchem Dichter wird nicht nur sein eigener
249 2730 1238 2784 zeugt davon. Aber in Deutschland ist es keiner, da
1224 2731 2184 2787 Erfolg, sondern auch die Arbeit seines Kollegen be¬
2183 2727 3176 2795 loch trugen, befanden sich meistens junge Leute im
1228 2778 2184 2833 zahlt. Die Theatereinnahmen, das was ein Volk
256 2779 1241 2841 ist er nur ein Mann, der zu viel Tantièmen bezieht.
2181 2774 3170 2829 Alter von 17 bis 20 Jahren, — einer der Teil¬
1249 2808 2191 2884 für seine Dichter ausgibt, bleiben sich immer unge¬
250 2819 1235 2874 Die Franzosen lassen Corneille, Molière, Racine,
2179 2818 3110 2878 nehmer war 14½ Jahre — und zwei Damen.
1232 2835 1299 2885 ful
1234 2856 2201 2925 fahr gleich. Nur die Verteilung ist ungleich. Bei
249 2860 1234 2933 sogar Voltaire und Rostand leben. aber sie wissen
2248 2852 3172 2928 Die jungen Leute wurden im Departement IV
1226 2906 2189 2968 Hebbel, der leider erst nach dem Tode auflebt, ist die
250 2910 1228 2973 auch Sardou, Lavedan und Bernstein zu schätzen.
2175 2887 3163 2961 bezüglich ihres Namens und ihrer Wohnung sicher¬
358 2949 1235 3003 Ich bin kein Verehrer von Sudermann, aber
1234 2943 2183 3001 Sache noch schlimmer. Seine Tantiemen nimmt
2186 2949 3156 3014 gestellt. Es zeigte sich hiebei, daß außer Prager
1224 2995 2181 3053 vermutlich ein Theateragent für sich in Anspruch.
251 2981 1240 3048 doch ein Ehrer. Ich verzeihe ihm nicht nur seine
2191 2989 3165 3054 Delegierten der einzelnen Organisationen aus ganz
261 3036 1268 3105 Tantièmen, ich gönne sie ihm. Die Berliner Kxi¬
2000 3023 3257 3094 Bob. Böhmen, ferner Delegierte aus Wien, Klosterneu=2#
