3436 4224
376 198 681 278 Liebel
213 207 1337 320 5.1 box 11/3
1157 937 1556 1002 Telephon 12801.
421 1086 1543 1191 E Minberen KrekSmn
388 1179 1547 1245 4) I. österr. behördl. konz. Unternehmen für Zeitungs-Aussclnitte
404 1224 483 1280 0
566 1240 1458 1313 Wien, I., Concordiaplatz 4.
387 1298 502 1359 *
788 1309 1228 1375 Vertretunge 1
431 1354 1539 1435 0 in Berlin, Budapest, Chicago, Christiania, Genf, Kopen¬
396 1406 1538 1459 hagen, London, Madrid, Mailand, Minncapolis, New-Vork,
411 1443 1515 1495 0 Paris, Rom, San Francisco, Stockholm, St. Petersburg.
801 1482 1215 1535 (Quelienangabe ohne Gewähr.)
403 1488 448 1531 0
390 1513 1491 1617 6 Ausschnitt aus: PESTER LLOVD
390 1596 483 1648 555
639 1613 947 1690 30.WAl. 1908
383 1643 639 1712 E vom:
440 1686 1555 1756 (Gastspiel des Berliner Deutschen Theaters.)
366 1736 1560 1799 Schnitzlers Liebelei“ schien heute das Publikum enttäuscht
426 1775 1550 1832 bn.  hätle das Stück nicht früher gelesen, kam mit
367 1824 1544 1882 kolossalen Erwartungen ins Theater, das heißt gespannt auf eine
367 1858 1534 1928 Tragödie, wie von Shakespeare, oder auf ein Lustspiel, wie von —
373 1909 1553 1966 L'Arronge, und bekam für sein Geld nur das „Verhältnis“, das
368 1954 1547 2003 lein Anderer gehabt hat, das nicht einmal lang dauerte und schon
359 1983 1551 2057 km halb zehn aus war. Nach den ausgiebigen Kunstgenüssen,
374 2043 1550 2094 an die Reinhardt die Budapester gewöhnt hat, war das
366 2096 1555 2146 allerdings etwas schmal. Und der literarischen Gourmets, die
374 2129 1547 2182 sich bei einer wie aus Spitzen gewebten Tragikomödie etwas
364 2181 1552 2241 Eigenes denken, gibt es hierzulande nicht viel. Die Leute schwärmen
373 2214 1544 2269 noch für nahrhafte Küche; halb englisch, mit etwas Blut, wenn
373 2265 1555 2307 möglich. Bei Schnitzler sieht man nur die An= und
370 2304 1553 2361 Ausläufe der Tragödie. Das Doppelduett verschieden tem¬
349 2356 1554 2403 perierter Liebespaare; ein fröhlich zwitscherndes Schwalben¬
359 2442 1536 2486 paar aus dem Wienerwald und ein sentimental gir¬
352 2474 1544 2534 rendes Taubenpaar, das im Schatten eines dunklen
353 2507 1551 2574 Verhängnisses lebt, liebt und stirbt. Alldas kurz, bündig, ohne
362 2569 1547 2619 viel Geräusch, mehr menschlich als theatralisch. Und neben dem
363 2610 1542 2661 Quartett ein alter Herr mit vertrackt unmoralischen Ideen. Zum
363 2648 1533 2689 Beispiel, daß es besser sei, erlebtes Glück spät zu bereuen,
365 2690 1538 2746 als Glück überhaupt nicht erlebt zu haben. Ein Musikus
356 2735 1538 2786 Miller, um hundert Jahre später geboren als der Ahne
362 2780 1539 2836 und durchsetzt von einer Philosophie der Humanität, bei
356 2831 1547 2882 der alle Philister sich bekreuzen. Das ist nun freilich jeder¬
363 2867 1539 2928 manns Sache nicht. Aber wers versteht, den rührts. Wers
362 2915 1538 2972 nicht begreift, an vem rollt es herab, wie Wassertropfen an
356 2956 1533 3013 einem Kautschukmantel. Ein Teil der Zuschauer trug solche
360 3016 1539 3061 Kautschukmäntel. Innen. Meinte, beim „Kompagnon“ sei es denn
351 3061 1546 3107 doch anders gewesen. Was ja auch seine Richtigkeit hat. Die
360 3100 1539 3145 Berliner Künstler waren bemüht, sich auf wienerischen Ton zu
361 3132 1547 3188 stimmen, bis zu wienerischer Temperatur zu erwärmen. Am
363 3178 1542 3243 besten gelang das Herrn Eckert, der Laune und Mundart traf,
363 3221 1542 3269 Herrn Pagay, der den alten Musikus fein, ergreifend spielte,
363 3265 1542 3317 un (rete Berger, die als Mitzi Süßes und Herbes zu mischen
364 3308 1540 3358 vers##no. Lucie Höflich, die Christel, hatte sich wegen Heiser¬
366 3359 1539 3416 keit entschuldigen lassen. Sie kämpfte verzweifelt gegen das Un¬
359 3389 1547 3453 gemach, kam aber leider über Andeutungen ihrer Künstlerschaft
349 3442 1546 3502 nicht hinaus. Ihr Partner, Herr Dumont, ein nobler Schau¬
354 3480 1533 3535 spieler, war für das Wiener Stück zu nordisch. Er hielt sich an
352 3528 1540 3589 die hochdeutsche Bedeutung des Wortes: Liebelei und vergaß
353 3577 1539 3633 darob, daß Schnitzler darunter ein tragisches „Gschpusi“ meint.
633 3654 787 3702 „
2543 895 2892 988 Telephon 128.
1826 1059 2932 1166 Ka
1794 1157 2922 1215 O l. österr. behördl. konz. Unternehmen für Zeitungs-Ausschnitte
1797 1196 1861 1243 60
1956 1214 2824 1290 Wien, I., Concordiaplatz 4.
1772 1277 1866 1344 —
2170 1283 2633 1354 Vertretungen
1794 1334 2913 1389 □ in Berlin, Budapest, Chicago, Christiania, Genf, Kopen¬
1857 1382 2936 1437 hagen, London, Madrid, Mailand, Minneapolis, New-Vork,
1880 1423 2892 1476 Paris, Rom, San Francisco, Stockholm, St. Petersburg.
2192 1466 2581 1508 (uellenangabe ohne Gewahr.)
1786 1493 2958 1593 6 Ausschnitt aus: Neues Pester Journal
2172 1565 2455 1657 50. S. 1905
1784 1613 2003 1672 E vom:
1976 1701 2920 1760 * (Lustspieltheater.) Arthur Schnitzler
1880 1746 2951 1822 hat in der Liebelei eine kleine Trägovre#ge¬
1889 1797 2924 1867 schrieben. Das Wiener süße Mädel, das sich den Ver¬
1890 1845 2917 1917 slust des Geliebten allzusehr zu Herzen nimmt, wäre
1888 1898 2920 1977 wohl an und für sich noch kein tragischer Vorwurf,
1897 1941 2928 2013 kkäme nicht hinzu, daß der Geliebte im Duell fällt.
1886 1987 2931 2064 Im Duell für eine Andere, die vorige Geliebte
1887 2033 2961 2105 deren Mann hinter die Sache kommt. Die arme“
1888 2088 2931 2154 Christine weiß von alldem nichts, sie hat nur böse
1884 2137 2925 2205 Ahnungen, und sie ist vernichtet, als sie die Wahr¬
1899 2199 2930 2260 heit erfährt. Sie ist keine von denen, die nach viertel¬
1891 2231 2932 2309 jähriger Trauer einen Anderen nehmen, — sie ist
1889 2284 2929 2352 eine von denen, die daran zugrundegehen. Naturell¬
1894 2339 2940 2429 sache. Und doch wäre auch daran nichts Schlimmes,
1895 2386 2952 2465 wenn sie's machte wie ihre Freundin, die Schlager
1906 2432 2942 2509 Mizzi, die auf dem Prinzipe steht: „J lauf' koan
1910 2477 2939 2558 Mann net nach!“ Die Mizzi ist glücklich mit ihrem
1906 2529 2945 2602 Theodor, wiewohl sie weiß, daß es nicht ewig währt.
1911 2578 2945 2654 Aber sie will ihre Jugend genießen, sie will glücklich
1903 2626 2949 2701 sein, — später wird sie dann schöne, freundliche
1910 2672 2953 2752 Erinnerungen haben. Auch Christinens Vater predigt
1889 2713 2955 2821 das; ists denn ein Verbrechen, wenn so ein junges
2402 2789 2539 2825 —
1899 2791 2939 2886 Blut sein Glück sucht? Christine ist aber keine von
1896 2859 2931 2930 den Glücklichen. Die Mizzi kann glücklich sein, sie
1896 2915 2941 2967 nicht. Lucie Höflich gab die Christine. Die brave
1904 2969 2921 3031 Künstlerin ermöglichte die heutige Aufführung da¬
1892 3004 2937 3079 durch, daß sie auftrat, obwohl sie stockheiser war.
1892 3057 2938 3124 Ihre Leistung, voll sanfter Innigkeit, heißer Liebe
1891 3102 2933 3170 und bewundernswerther Schlichtheit, ist ein Kabinet¬
1890 3154 2925 3213 stück deutscher Schauspielkunst. Der Erfolg wäre noch
1891 3204 2936 3272 viel intensiver gewesen, hätte sich Fräulein Höflich
1898 3245 2931 3314 im Vollbesitze ihrer Stimmmittel befunden. In Fräu¬
1888 3281 2931 3351 lein Berger lernte man eine fröhliche kleine
1896 3344 2927 3391 Bühnenlerche kennen, voller Temperament und kunst¬
1887 3391 2925 3462 loser Natürlichkeit, und in Herrn Pagay grüßte
1895 3443 2931 3510 man einen geschätzten alten Bekannten. Die Herren
1895 3486 2925 3559 Eckert und Dumont machten ihre Sache gut,
1887 3533 2931 3622 desgleichen Sophie Pagay. Das ausverkäufte
1884 3588 2416 3643 Haus applaudirte lebhaft.
1990 3611 2743 3704 * Vkelaminder..— — —
