3484 4224
854 141 1285 241 box 13/3
302 154 692 229 Liebelei
164 163 299 243 5.
308 214 715 268 „
770 631 1005 689 I. Oesterr.
372 630 1095 720 Observel benerel. kenz.
304 656 354 719 2
223 654 298 735 3
370 694 1093 744 Büro für Zeltungsnachrichten
367 740 1101 780 WIEN I, WOLLZEILE 11
457 828 1137 914 BERLIINER TAGRELATT
347 945 1110 1051 sLegae abee
209 1055 1364 1119 Im Josefstädter-Theater spielen sie jetzt „Liebelei“ Mit bit¬
164 1091 1368 1168 teren Glücksgefülhlen starrt nan hin auf diese kunstvoll-kunst¬
159 1150 1378 1187 lose Arbeit eines Vorkriegsdialogs. Wie schiesst doch bei dem
165 1190 1377 1240 alten Schnitzler Faden an Faden, wie absichtsvoll-absichtslos wird
167 1240 1382 1294 mit dem Wörfmaterial umgegangen! Wird etwas derartig Ge¬
169 1278 1383 1336 konntes denn niemals wiederkehren? Und warum wird einem
170 1320 1376 1358 das Auge nass? Wahrscheinlich bewirkt das der Anblick einer
171 1356 1375 1415 Zeit, in der nicht des Lebens Notdurft, sondern gerade des
160 1399 1381 1461 Lebens Ueberfluss Tragödien erzwang und erlaubte . und
166 1456 1374 1510 dieser Ueberfluss kommt nicht wieder! Ausgezeichnet der alte
170 1488 1379 1532 Thimig als alter Weyring und Heinrich Schnitzler als Theodor.
175 1531 1372 1578 Wundervoll das stumme und heisse Gesicht der Paula Wessely
166 1571 1381 1617 als Christine; ein Erlebnisglück für lange die kleine Modistin und
180 1618 808 1683 Vorstadtvenus der Friedl Czepa.
456 1714 893 1787 TELEPHOR R=282824
262 1848 645 1936 Ausschnitt aus:
609 1912 1116 2026 Germania, Berlin
266 2061 474 2156 vom:
457 2092 963 2210 2 3. MiZ 1933
285 2181 1425 2254 Man fühlte sich in der besten Zeit des Theaters in der
214 2233 1429 2281 Josefstadt versetzt, konnte ob der schauspielerischen Leistung diel
217 2280 1410 2320 versunkene Zeit des Wiener Bürgertums der Vorkriegszeit
225 2311 1400 2359 wahrhaft erleben in der Repriese von Schnitzlers= Liebelei“
229 2346 1415 2410 Wir brauchen nicht erneut ethische Werkurteite über das Stück
230 2387 1415 2450 abgeben, uns interessiert hier die Wiedergabe, die eine so
221 2423 1415 2480 einzigartige war, daß man geneigt ist, an die Höhe und
223 2477 1420 2526 Stetigkeit der Wiener Theaterkultur wieder freudig zu glau¬
228 2510 1419 2546 ben. „Liebelei“ im Theater in der Josefstadt, sie war wohl
223 2546 1410 2598 das schauspielerische Erlebnis dieser Saison.
217 2582 1413 2638 Die Regieführung von Max Kalbeck diskret, sorgsam bis
226 2619 1406 2663 in das kleinste Detail, so lebendig und natürlich, daß man
224 2654 1404 2703 nicht mehr von Illusion der Wirklichkeit, sondern von lebens¬
224 2702 1398 2750 wahrem Ablauf sprechen kann. Christine (Paula Wessely)
228 2736 1411 2785 von einer Fraulichkeit, die gefangen nimmt und eine Rein¬
221 2776 1406 2823 heit der Liebe kündet, die Achtung erzwingt und erschüttert.
219 2815 1412 2851 Die Schlager=Mizzi wird durch Friedl Czepa wienerisch dar¬
229 2852 1418 2903 gestellt daß es herzerquickend ist. Wir sahen noch nie das
242 2887 1413 2934 süße Wiener Mädel in solcher Vollkommenheit über die Bühne
244 2930 1415 2991 schreiten. Hans Thimig als Fritz, den man bisher immer
223 2972 1413 3041 nur als Komiker sah, erweist sich als sehr hervorragender
230 3026 1412 3078 Schauspieler im ernsten Genre. Nicht wienerisch, aber packend
213 3065 1414 3131 der Vater der Christine (Hugo Thimig). Schnitzlers
226 3100 1415 3153 Sohn als Theodor die beste Verkörperung des Wiener Groß¬
222 3141 1421 3190 bürgersohnes der Vorkriegszeit. Auch die anderen Rollen
219 3180 1412 3240 schlechthin wirklich. Es war ein ganz seltener Abend, ein
226 3220 1412 3272 Höhepunkt wienerischer Schauspielkunst, eine
221 3255 1418 3322 denkwürdige Aufführung. Vorher „Der tapfere Kassian“,
236 3297 943 3352 puppenspielartig, eine Art Dosenstück.
313 3327 1413 3385 Dagegen muß man über die „Marquise von O.“ ein
235 3364 1413 3428 Schauspiel von Ferdinand Bruckner, der sich auch Theodor
231 3407 1422 3456 Tagger nennt, das zugleich an mehreren reichsdeutschen Bühnen
227 3455 1421 3503 herauskam, ein vollkommen ablehnendes Urteil fällen. Schade
227 3501 1428 3541 um die guten Schauspieler schade um ihre meisterlichen Leistun¬
224 3536 1427 3584 gen. Wer kennt nicht Kleists Meisternovelle „Die Marquise
232 3562 1428 3601 von O?“? Der Abfall von Kleist zu Bruckner ist viel tiefer
234 3603 1431 3654 noch als der von Euripides und Grillparzer zu Lenormand.
227 3640 1439 3679 Voll feiner Psychologie ist die Novelle, die Dramatisierung aber
226 3677 1426 3718 hat es — zum Schaden des Stoffes, zum Grausen des Publi¬
234 3720 1422 3765 kums — mit der Psychoanalyse zu tun. Keine Spur von der
231 3754 1416 3805 Feinheit, der Tiefe und dem Geschmack, der sich bei Kleist findet.
230 3793 1422 3840 Erschlagen, angewidert ist man am Ende von Bruckners zwar
223 3833 1422 3883 kurzen, aber breiten und seichtem Stück. Käthe Gold (Mar¬
228 3863 1425 3917 quise), Hörbiger (Hauptmann), Cäcilie Lvonsky (Mut¬
226 3907 1420 3949 ter), Herbert Hühner (Vater). Delius (Attila entsagender
225 3947 1434 3994 Freier) spielten vorzüglich. Niedermosers Bühnenbilder schlechte
233 3982 1424 4053 hin ungewöhnlich schön. Wir wünschen den Schauspielern bessere
235 4020 395 4083 Stücke.
2098 74 2541 131 TELEPHON R-23-0-43
1879 203 2256 276 Ausschnitt aus:
2106 278 2590 385 Wr. Monesta Nachrics
1885 433 2036 497 vom:
2168 490 2669 580 24 MBZ. 1933
1824 616 2493 723 Fünfundzwanzigmal „Liebrlei“.
1866 687 2974 783 Im Theater in der Josefstadt. Erschütternde Leistungen
1831 730 2963 792 Paula Wesselys und Hugo Thimigs. Vollendete Ver¬
1812 788 2971 877 körperung des picksüßen Mädels durch Fräulein Czepa
1816 823 2562 893 und des Fritz durch Hans Thimig.
2190 1186 2690 1289 „UBSERVER‘
2124 1252 2753 1349 Wien, I., Wollzeile Nr 1.
2226 1320 2668 1406 Telafen R.2 2.0).d.
2597 1433 2657 1491 #1
2201 1429 2855 1550 Mbu Hlde Ligeiste, uiol
2189 1507 2496 1617 24, M12.
1879 1640 1943 1703 *
1953 1647 3018 1722 (Theater in der Josefstadt.) Schnitzlers
1787 1677 3000 1748 „Liebelei" und „Tapferer Cassian“ gelangten zur 25. Auf¬
1784 1749 2993 1816 führung. Diesmal läßt sich nicht unterscheiden: es sei ein Er¬
1798 1800 2991 1866 folg des Werkes oder es sei ein Erfolg der Darstellung ge¬
1794 1843 2997 1901 wesen. Werk wie Darstellung bilden vielmehr eine so voll¬
1790 1880 3001 1954 endete Einheit, daß dieser Schnitzler=Abend zu dem Schönsten
1780 1941 2848 1998 gehört, was diese Spielzeit bot. Es gab vielen Beifall.
1923 2237 2296 2370 SAIOBSER
2068 2334 2365 2380 Büro für Zei
2392 2365 2471 2414 OL
2067 2364 2376 2412 WIEN I, WV
1936 2496 2072 2588 213
2127 2509 2781 2595 Wr. Allgemeine Zeltung, Wien
2321 2566 2811 2681 24 MRZ 1933
2099 2726 2545 2813 25mal „Liebelei“
1956 2790 2785 2864 In der Jose stadt gab es gestern die
1883 2850 2788 2915 25. Aufführung von Artur Schnitzlers „Liebe¬
1900 2895 2773 2946 lei“. Paula Wessely als Christine erschütterte
1891 2928 2787 2986 mit ihrem menschlich packenden Spiel, mit ihren
1897 2987 2775 3032 ans Herz rührenden Naturlauten. Herrlich kon¬
1893 3022 2773 3076 trastiert wird sie von Friedl Czepa, die in
1884 3055 2787 3117 ihrer Schlager=Mizzi die ganze Lieblichkeit der
1897 3100 2795 3165 Süßenmädelzeit auf die Bühne bringt und in
1884 3169 2794 3214 jeder Geste echt und bezwingend lustig ist. Hugo
1886 3199 2783 3249 Thimig als alter Weyring, Hans Thimig
1893 3235 2787 3293 als Fritz. Heinrich Schnitzler als Theodor,
1896 3272 2797 3341 Annie Rosar als ehrbare Strumpswirkers¬
1887 3304 2810 3383 gattin vom Grund, die ihre amourösen „Er¬
1888 3357 2794 3431 innerungen“ längst überwunden hat, und Her¬
1883 3409 2783 3455 bert Hübner. als f.emder Herr den Todes¬
1891 3452 2784 3511 schatten auf das leichte Geplauder der „Liebe¬
1887 3509 2789 3562 lei“ wersend, schließen sich zu einer eindrucks¬
1894 3545 2776 3592 vollen Vorstellung zusammen, die auch in der
1894 3584 2787 3634 Wiederholung nichts von ihrem Glanz, ihrem
1896 3621 2781 3684 Schwung und ihrer Tiefe verloren hat. In der
1894 3680 2797 3737 Bluette „Der tapsere Cassian“ bilden Friedl
1899 3767 2820 3843 Czepa, Hans Thimig und Hugo Neuge¬!
1897 3822 2755 3897 bauer ein Trio von entzückendem Stil. p.
