3344 4224
787 181 1220 284 box 13/5
253 187 645 257 Liebeler
214 240 718 301 —
242 917 1079 1028 „OBSERVER
330 1010 1023 1075 I. österr. behördl. konzessioniertes
298 1058 1042 1135 Unternehmen für Zeitungs-Ausschnitte
370 1117 975 1181 WIEN, I., WOLLZEILE 11
436 1172 899 1232 TELEPHON R-23-0-43
243 1291 613 1370 Ausschnitt aus:
233 1497 372 1582 vom:
415 1512 1034 1637 ellche snn
460 1696 943 1787 39
386 1804 1015 1892 Avante Libelei
341 1887 1062 1955 au Vieux - Colombier
346 1961 1089 2037 C’est au Vieux-Colombier que M. et
314 2012 1094 2074 Mme Pitoeff et leur compagnie vont
328 2047 1089 2103 s’installer pour toute la saison; il leur
316 2082 1087 2133 sera ainsi plus aisé de poursuivre avec
321 2131 1077 2164 méthode le très intéressant programme
319 2164 1077 2210 qu'ils se sont fixé pour la saison 1933-
323 2199 449 2250 1934.
358 2225 1080 2275 Cette saison va s’ouvrir par Libelei,
330 2270 1073 2312 titre déjà popularisé par l’écran. Cette
316 2301 1082 2343 piece a étc écrite par Schmtzler, il y a
331 2323 1089 2392 treute ans, et c’est d’ellenenste-tiré le
319 2358 1040 2419 film que l’on représente actuenement.
494 2403 1083 2454 sera inféressant, nous dit M.
424 2418 492 2465 11
328 2431 1097 2493 Georges Pitoeff, pour le meme specta¬
330 2477 1088 2524 teur, de voir tour à tour Libelei sous
332 2511 1088 2567 les deux formes. Le sujet fondamental
334 2556 1093 2598 est, bien entendu, le méme. Mais, dans
325 2582 1097 2632 le film, il a été développé selon les
333 2614 1093 2667 moyens d’expression de l’écran. tandis
335 2651 1085 2696 que sur scène il est traité selon l’esthé¬
330 2666 1099 2731 tique dramatique. C’est dire qu'il y aura
333 2711 1097 2779 dans la piéce que nous montons certains
347 2753 1092 2799 éléments encore inconnus des specta¬
340 2785 1093 2847 teurs du film — film d’ailleurs remar¬
348 2832 511 2889 quable.
376 2858 1094 2915 9 Liebelei se passe à Vienne en 1900.
341 2899 1101 2948 On assistera à une intrigue entre un
333 2946 1092 2989 officier autrichien et la fille d’un musi¬
336 2976 1090 3018 cien: intrigue développée, selon Ihabi¬
338 3008 1092 3048 tude de l’auteur de la Ronde et de Ma¬
337 3019 1106 3080 demoiselle Else, avec autant dintensité
345 3066 1111 3122 dramatique que de poésie. La tonalité
341 3102 694 3160 sera douloureuse.
376 3133 1103 3192 9 La piéce sera jouée, bien entendu,
342 3184 777 3238 en costumes d’époque.
380 3206 1099 3261 9 Ludmilla Pitoeff jouera Christine
342 3244 1101 3287 le péère de celle-ci, le violoniste Weiring,
337 3276 1096 3332 cc sera M. Balpétré. L’officier sera re¬
345 3309 1095 3368 présenté par M. Marcel Herrand. Les
342 3350 1098 3400 autres röles seront interprétés par Mmes
345 3379 1099 3424 Nora, Sylvère, Capri, MM. Louis Salou,
345 3413 1051 3475 Raymond Dagau et la petite Yvette.
380 3452 1102 3500 9 Le méme soir nous jouerons les Der¬
352 3480 1111 3533 niers masques, également de Schitzler
353 3506 1119 3567 (adaptation de M. Rémon et de Mlle
359 3552 1111 3609 S. Clauser, la traductrice de Libelei).
375 3573 1132 3652 9 J'ai réalisé les décors et assuré la
341 3625 1057 3695 mise en scène de ces deux piéces. 9
340 3671 1108 3741 Atttz
2161 341 2666 436 „OBSERVER‘
2100 422 2238 483 Wie
2417 415 2783 495 sile Nr. 1
2212 473 2669 554 Calsfon R-23.0-42
2317 531 2625 631 Der Tag, Hien
2436 624 2601 707 938
1835 750 2596 807 Die Schnitzler=Aufführung in Paris.
1919 794 2733 870 Aus Paris schreibt uns unser Gd.=Kor¬
1844 851 2737 894 respondent: Das Théätre du Vieux¬
1834 876 2729 954 [Colombier bereitet wie Ihr Korrespon¬
1848 934 2732 998 dent Ihnen berichtet hat, Artur Schnitz¬
1847 978 2739 1022 lers „Liebelei“ zur französischen
1841 1022 2748 1082 Uraufführung vor. Wie die Direktion—
1840 1068 2726 1123 nunmehr mitteilt, wird als zweites Stück an
1844 1105 2726 1164 diesem Abend der Schnitzlersche Einakter
1844 1156 2725 1211 „Die letzten Masken“ in einer Über¬
1851 1198 2724 1254 setzung und Bearbeitung von Suzanne
1850 1243 2747 1305 Clauer und Maurice Remon in Szene¬
1835 1264 1991 1340 gehen.
1918 1508 2490 1597 N· DE DEBTTE
2157 1572 2698 1692 PARIS-MID!
1705 1650 1957 1715 Ezirall de
2126 1666 2741 1755 KIIE ROYALE, 25, VIII·
1729 1748 1913 1806 Adresse
2104 1793 2756 1884 27 SEPTEMBRE 1933
1721 1853 1877 1908 Date:
2408 1935 2695 2001 ——
1730 1935 2344 2009 Stqnature—
1728 2028 2229 2103 Exposition
2057 2196 2377 2296 mir Pioetf
1858 2313 2593 2411 va presenter auf : arisiens
2025 2397 2503 2530 & Liebelei 2
1949 2515 2509 2623 G'Arthur Schnitzler
1979 2668 2465 2760 dont les cupres
1889 2732 2548 2818 ont ete brülees recemment
1933 2806 2511 2878 à Berlin, par les nazis
1945 2889 2598 2962 Vous allez tirer une pièce du film
1835 2941 2454 2983 Liebelei? Quelle dröle didée!
1902 2961 2597 3014 * C’est ainsi, m’explique Mme Su¬
1855 3010 2598 3051 zanne Clauser, qul fut la collaboratrice
1849 3037 2598 3085 intelligente et dévouée de Schnitzler,
1853 3073 2597 3121 que j'ai été accueillie lorsque j'ai an¬
1853 3107 2594 3147 noncé à quelques amis qu'une adapda¬
1846 3139 2597 3193 tion de Liebelei seralt représentée pro¬
1862 3176 2468 3244 chaiement au Vieux-Colombier.
