3436 4224
427 151 746 237 —
333 184 503 253 W
504 149 1200 282 G
374 237 570 316 M
2486 281 2967 369 SOrG
575 338 619 407 11
657 318 923 474 K
2608 419 3222 505 Vienne hante
2430 488 3219 572 Timagination des
2318 498 2407 566 1
2007 570 3220 671 scenaristes qui
2563 630 3227 716 la choisissent
436 652 845 779 W
2650 703 3220 788 pour cadre
1415 586 1731 780 2
745 725 804 790 1
835 776 888 818 *
2749 781 3236 858 de leurs
2772 853 3226 933 histoires.
226 896 327 1003 0
1446 1045 1960 1132 n
236 1105 833 1154 des villes prédestinces. Venise
228 1127 843 1176 les poctes à rivaliser de lyrisme.
215 1165 840 1209 Emenrera jusqu'à la fin des siecles
210 1205 842 1252 Eternelle, histoire de justißier son
216 1241 844 1286 ris, en depit de toutes les erises,
222 1273 848 1318 Ville-Lumière. Et Vienne hante
202 1306 842 1363 tion des scenaristes, qui la Choi¬
207 1343 773 1393 our cadre de leurs histoires.
202 1370 839 1423 doit à son élégance, à son ama¬
205 1406 855 1451 riante, a ses valses et à ses femmes
217 1447 854 1492 putation de gräce legère, de hin
216 1482 844 1523 e. II faut entendre quiconque a
200 1514 838 1561 nurmurer: Ahl les Viennoises!„
214 1547 852 1590 omponction extasiée d’un gourmet
214 1584 842 1618 que un dessert de choix. Elles
1336 1590 1402 1658 *
216 1610 847 1662 amour, la danse, la gaité. A une
218 1650 844 1695 on la mode universelle imposait
212 1686 846 1723 hmes de tout pays une maigreur
225 1721 842 1765 et un teint d’ocre on de manda¬
210 1751 842 1799 s eurent la sagesse de demeurer
1259 1748 1309 1819 *
213 1785 846 1833 leur blancheur rosée, à leur blon¬
212 1819 840 1861 Fée, à leurs rondeurs harmonieuses.
859 1806 1342 1869 lavandières chantant un
224 1854 839 1903 qui les chérirent à cause de ccla
1762 1861 1841 1902 get.
848 1853 1349 1908 lied autour d’une fon¬
207 1890 698 1928 viennent avec gratitude.
860 1887 1359 1942 taine, l’autre aristocra¬
206 1910 838 1970 e est toute bruissante de musique
860 1923 993 1974 tique,
1040 1922 1382 1972 les salons de la
1793 1928 1840 1974 89
203 1960 834 2006 se, bien rythmée, qui agit sur les
865 1964 1398 2004 princesse Kinsky, miroitants,
202 1986 842 2033 Enme un bain sonore d’optimisme.
859 1996 1414 2035 imposants, dorés zur tranche.
1716 2014 2013 2058 RRR
206 2020 832 2071 ous que le famenx Congrès de 1815
856 2033 1457 2077 Chanson d’Amour nous montre
1938 2039 2032 2089 M
213 2061 841 2117 nt amusé s’ils’était tenn dans unc
861 2067 1499 2107 encore, mais cette fois sous des
1871 2067 2004 2123 R
203 2091 373 2140 Apitale 5
858 2097 1542 2151 traits plus admissibles, le génial
203 2117 845 2181 iei poindre, des 1823, la dvnastie
851 2123 1664 2187 Viennois qui devait mourir si jeune, en
2387 2043 2434 2186 4
207 2156 839 2213 uss, dont les valses endiablées
850 2159 1466 2206 laissant un bel héritage musical.
2290 2148 2492 2218 Se
225 2187 846 2241 ###ncore le monde, sans jamais
904 2190 1645 2242 C’est à Vienne que le pauvre Hugo
212 2228 836 2270 ohann Strauss le Père, vous l’avez
851 2231 1638 2276 Wolf, si méconnu de son vivant, écrivait
205 2261 837 2313 glebuter dans l’orchestre de Lanner,
850 2269 1647 2305 ses lieder enfiévrés... C’est à Vienne aussi
200 2288 832 2343 diser avec son maitre, dans Za
855 2306 1629 2341 (mais elle n’aime guère qu'on le lui rap¬
200 2320 846 2380 es Falses, d’on il devait sortir
854 2335 1632 2386 pelle..) que l’étincelant Mozart mourut
199 2359 844 2409 r. Un peuple qui se passionne
851 2375 1631 2414 pauvre et fut jeté à la fosse commune.
203 2397 831 2445 ur ou contre un chef d’orchestre
852 2408 1630 2460 Vienne, ville légère, inconsciemment cruelle
199 2427 839 2482 euple heureux.,, II méritait bien
853 2436 1206 2485 et parfois ingrate
200 2463 827 2512 ohann Strauss lui donnät un file
896 2472 1635 2509 Bientôt, les bosquets du Prater et les
202 2501 828 2556 de composer ce Beau Danube Bien.
853 2504 1633 2549 deux fleches de Saint-Etienne nous seront
241 2538 831 2583 durable au grand fleuve vien¬
847 2545 1630 2585 aussi familiers que les Champs-Elysées ou
212 2571 602 2619 ueil de la vieille citc.
849 2573 1642 2638 les tours de Notre-Dame. Le Prater... C’est
230 2596 839 2658 ,c’est de Vienne qu'accourent les
846 2608 1632 2657 la, sonvenez-vous, que le bei Alexandre de
217 2641 832 2684 S les plus famenses. Franz Lehar,
856 2640 1636 2689 Russie, entre deux scances du Congres,
213 2674 835 2722 te du geure, inonde la terre de ses
851 2671 1634 2710 recevait les acclamations des Viennoises
202 2703 827 2752 angoureuses, faciles. Miel, suere,
843 2707 1636 2757 enamourées. C’est la, un peu plus tard, que
219 2749 838 2784 set bonbons fondants. Chacnn
854 2748 1646 2796 caracolait le duc de Reischtadt, brillant
229 2768 832 2815 les confiscurs ont une clientele
852 2782 1640 2828 officier qui tournait toutes les tétes fémi¬
197 2802 841 2858 se. Franz Lehar aussi. Sa Teune
851 2810 1632 2861 nines et composait des valses, lui aussi,
204 2834 838 2891 atous les attraits superficiels et
848 2849 1575 2894 avant que la maladlie ne vint l’abattre..
203 2879 833 2920 ts de la Viennoise, bien qulil en
894 2874 1632 2923 Partout, ici, la musique est mélée à
203 2915 837 2963 une étrangère. Et Vienne est la
853 2906 1638 2957 Tamour. La petite amoureuse de Lrebelet, si
198 2943 824 2995 pitale de tous ces petits royaumes
2103 2925 2389 2994 UhrPadl Frher
845 2948 1640 2995 joliment incarnée par Magda Schneider,
1991 2980 2074 3019 rere
200 2977 817 3033 res et danubiens d’opérettes qu'il
2441 2992 2488 3023 —
852 2987 1626 3023 ctait fille de musicien d’orchestre et se
208 3017 831 3070 la mode. Ou situer ailleurs qu'a
846 3011 1631 3065 préparait à devenir cantatrice. C’est un bal
198 3037 829 3094 ce Ré#e de Palse d’Oscar Strauss,
860 3057 1639 3100 masqué qui declenchera toute l'intrigue de
201 3079 829 3137 tillant d’uniformes chamarrés, de
855 3085 1629 3134 Mascarade et, quand le héros de ce film
200 3112 841 3157 talité romanesque, ou Taccent
849 3119 1629 3158 sera blessé par une maitresse jalouse, c’est
194 3152 838 3210 ie Maurice Chevalier sonne comme
837 3154 1630 3202 à l’Opéra que la tendre Paula Wessely ira
196 3185 463 3230 t étranger:
845 3184 1619 3232 chercher le médecin capable de le sauver...
211 3208 832 3264 Vienne n’est pas senlement pour
897 3224 1628 3263 Car l’amour peut, à Vienne comme ail¬
204 3250 830 3308 ciens la terre d’élection de l’opé¬
848 3243 1632 3296 leurs, devenir tragique. Dans Ziebeler aussi
212 3293 825 3334 de la valse. Sans doute, aujour¬
846 3293 1626 3333 bien que dans Mascarade, les maris trompés
919 3326 1632 3358 badinent pas avec lhonneur conjugal.
205 3330 525 3404 encore la soie
519 3329 827 3408 d’entendre les
852 3359 1627 3394 lei, l’imprudent n’échappe au chätiment
206 3386 254 3424 CS
249 3381 829 3425 tziganes, tour à tour volup¬
1771 3369 3088 3446 Une des belles illuminations de la capitale autrichienne: 1’Hôtel de Ville.
854 3394 1616 3432 que par un laborieux mensonge. La, le
218 3421 827 3471 farouches, tout en dégustant des
1643 3431 3214 3494 Au-dessus: Arletty et Pierre Mingand, qui incarne lohann Strauss, dans une scène de
200 3455 825 3504 le biere... Mais ee meme public,
844 3462 1633 3508 il était las, mais que l’éponx entend punir
2215 3476 2622 3543 La Guerre des Valses.
205 3493 837 3535 eline de la téte pour marquer la
856 3490 1517 3547 avec une inflexibilité toute féodale.
193 3515 830 3574 ies valses, ira le môme jour éconter,
898 3521 1619 3572 Au lendemain de la guerre, Vienne a
202 3551 782 3603 ement, de la grande musique.
2434 3535 3212 3612 montré une Vienne déchirée pas la guerre
846 3554 1625 3616 souffert plus terriblement qu'aucune ville.
1637 3542 2411 3609 beaux uniformes, des parades militaires,
217 3589 818 3635 est à Vienne que Becthoven comn¬
2433 3599 3207 3645 civile, avec ses maisons eventrées, ses 80l¬
849 3593 1629 3638 da Zue sans Joie nous brossa un äpre
1642 3602 2419 3644 des galas somptuenx... Puisque ce temps
223 3627 824 3673 ruvre gigantesque, immortelle.
2428 3629 3208 3675 dlats en tenue de tranchées, ses patrouilles
845 3632 1626 3681 tablean de ses privations, de son desarroi
1644 3635 2427 3680 Ctait passé, pourquoi ne revivrait-il pas en
214 3661 834 3702 Vienne que naquit cc hon gros
2446 3666 3212 3710 (des soldats viennois sans brandebourgs,
847 3663 1623 3715 moral, de son affolement de grande dame
1641 3664 2421 3711 reve, noir et blanc, sur T’écran? Les einé¬
202 3671 822 3733 naif de Schubert, qui, de son
2432 3693 3205 3740 ni pompons, ni bottes souples !), nous ne
851 3692 1615 3745 surprise par un brusque revers de fortune.
1643 3695 2412 3743 graphistes ont donc ressuseite Vienne, la
206 3726 832 3775 naurait certes jamais pu deviner
2432 3730 2858 3778 Tavons pas reconnue..
848 3737 1628 3772 Mais il est bien difficile d’altèrer à jamais
1641 3731 2420 3771 belle capitale des jours heurenx, la ville
2483 3750 3210 3804 Pour les villes comme pour les grands
199 3759 833 3808 endrait un jour le heros d’idelles
850 3766 1627 3809 le caractère profond d'’un peuple, et Vienne
1640 3764 2422 3810 accneillante et coquette, d’une si feminine
2429 3794 3215 3855 hommes, la légende est decidément pius
275 3794 826 3847 L.a Symphome Inucherte ne
850 3803 1618 3846 maspirait qu'à renaitre à la joie de vivre...
1652 3802 2420 3855 nenchalance, la Vienne des cabarets, des
194 3828 822 3880 nne que deng images de Vienne
2432 3833 2809 3892 forte que Thistoire!
851 3836 1620 3885 La plus vieille dvnastie d’Europe, celle des
1644 3841 2149 3889 valses et des bals masques.
2937 3843 3176 3922 V. FUZEl.
203 3862 1632 3933 resque provinelnle, de jennes Habsbeurg, lui avait donné le gont des
