3436 4256
227 199 796 280 5. Liebelei
419 201 1369 312 box 12/1
2167 92 2900 193 SOOETNE
2024 159 3100 253 1. österr. beh. konz. Unternehmen für Zeitungs.
2226 215 2878 300 Ausschnitte und Bibliographie.
2191 264 2947 351 Wien, I., Concordiaplatz 4.
2414 344 2745 414 Vertretungen
2026 362 3102 464 in Berlin, Brüssel, Budapest, Chicago, Cleveland, Christiania,
2031 417 3104 496 Gent, Kopenhagen, London, Madrid, Mailand, Minneapolis,
2034 470 3105 537 New-Vork, Paris, Rom, San Francisco, Stockholm, St. Peters¬
2422 511 2719 569 burg, Toronto.
2378 542 2773 610 hmelestamsgrsihie dlamd Gewähr.)
2030 610 2583 701 Ausschnitt aust
2024 748 2182 803 vom
2202 741 2577 838 Krteerarcher Aunsseche Saerireslak.
2552 869 2633 926 62
2203 870 2912 952 Kunst und Aissenschaft.
2192 907 3043 1008 Die Komische Oper brachte gestern — wie
2102 975 3037 1054 angekündigt — als leuzte „Tat“ des scheidenden
2098 1008 3049 1082 Direktors Gregor das Werk eines hier noch völlig
2095 1065 3044 1132 unbekannten Komponisten heraus, der sich die
2101 1088 3040 1178 schwierige Aufgabe gestellt hat, Arthur Schnitzlers
2091 1125 3049 1204 bekanntes Schauspiel „Liebelei“ wortgetren, sozu¬
2094 1165 3048 1243 sagen mit Haut und Haur, in Musik zu setzen.
2094 1203 3055 1285 Der kühne Mann heißt Franz Neumann und wirkt
2096 1247 3043 1324 als Kapellmeister an der Oper in Frankfurt a. M.
2097 1290 3038 1368 Zum Glück ist, was er in seiner „Liebelei“
2103 1332 3052 1402 geschaffen hat, keine Kapellmeister=Oper, ja, man
2112 1370 3044 1442 darf sagen, daß ihm der gewagte Versuch,
2105 1412 3044 1491 ein Mußikstück modernsten Gepräges mit seinem ganzen
2110 1451 3051 1523 Dialog in musikalische Form zu gießen, ganz vor¬
2114 1484 3052 1564 züglich gelungen ist. Franz Neumann gibt sich in
2111 1521 3062 1601 diese. Oper nicht nur als kenntnisreicher Musiker,
2110 1562 3065 1644 der einen flütsigen musikalischen Satz zu schreiben
2109 1606 3058 1696 versteht, er zeigt auch, daß ei zu den Wenigen,
2118 1649 3066 1731 Allzuwenigen gehört, denen etwas einfällt. Er hat
2120 1685 3076 1764 Erfindung und weiß nicht nur, wo es (wie im ersten¬
2328 1731 3068 1802 Situation erfordert, den Ton sein¬
2123 1755 2328 1804 Akt) die
2123 1756 3068 1850 humoristischer Causerie enzuschlagen, sondern s###er
2124 1802 3069 1885 auch die tragische Geundstimmung des Stückes überall
2117 1861 2575 1923 durchklingen zu lassen.
2158 1865 3067 1951 Freilich berührt es zunächst etwas seltsam, alle
2130 1935 3082 1988 die Alltagsausdrücke solch' eines modernen Dialogs
2129 1961 3079 2037 gesungen zu hören. Aucb liegt bei der Ver¬
2137 2013 3080 2074 tonung eines Wortdramas immer die Gefahr
2142 2046 3083 2115 vor, daß dem Zuhörer manches zu gedehnt, als
2146 2065 3098 2156 änge erscheint, da die Musik nun einmal ein lang¬
2155 2123 3119 2200 sameres Fortschreiten der Hundlung bedingt. Auch
2167 2182 3124 2239 Neumann ist dieser Gefahr nicht ganz entgangen, aber
2170 2230 3113 2273 die melodische Triebkraft seiner Musik ist so stark und
2165 2264 3133 2318 seine Orchestersprache ist so reizvoll, daß diese Längen
2169 2306 3125 2361 nicht allzuschwer ins Gewicht fallen. Im übrigen
2168 2335 3125 2389 gibt sich Neumanns Musik, namentlich in den lyrischen
2159 2375 3113 2426 Partien, als das Produkt einer schöpferischen, jeder
2169 2421 3124 2471 trockenen Reflexion baren Phantasie, sie klingt vor¬
2165 2458 3116 2513 trefflich und gibt der jeweiligen Sitnation eine stels
2166 2499 3110 2554 treffende musikalische Untermalung, ohne dabei, wie
2156 2537 3113 2601 es sonst wohl bei unsern Opern=Komponisten der
2161 2583 3114 2626 Brauch, das einzelne Wort ausdringlich zu unter¬
2161 2617 3105 2668 streichen. Kurz und gut, die Oper „Liebelei“ darf
2172 2668 3114 2714 zu den erfreulicheren Erscheinungen der neuesten
2166 2698 3109 2746 deutschen Opernproduktion gerechnet werden, und von
2171 2735 3125 2796 ihrem noch im besten Alter stehenden Komponisten ist zu
2173 2783 3120 2827 erwarten, daß ihn dieser erste wohlgelungene Bühnen¬
2915 2812 3121 2860 zu neuen
2162 2823 2915 2870 versuch zu weiterem löblichen Tun —
2171 2842 3128 2901 Taten, kühner Helde — auspornen wird. Einen be¬
2181 2875 3128 2942 sonderen Antrieb dazu wird ihm auch der starke Er¬
2175 2916 3123 2986 folg geben, den die „Liebelei“ gestern abend in der
2181 2965 3115 3023 Komischen Oper erzielte, ein Ersol,, der in dröhnenden
2181 3021 3106 3082 Beifallssalven und zahtreichen Hervorrufen seinen ent¬
2178 3060 2673 3112 sprechenden Ausdruck fand.
2196 3075 3111 3139 Die Aufführung war, wenigstens in ihrem gesang¬
2170 3139 3115 3174 lichen und instrumentalen Teile, durchaus zu koben.
2179 3163 3117 3218 Frl. Labia wußte das sanfte, schwerblütige Wesen der
2177 3213 3114 3262 Christine in Ton und Haitung gut zu kennzeichnen, auch
2187 3251 3108 3299 fand sie für die tragische Wucht der Schlußszene ergrei¬
2182 3297 3116 3339 fende Töne. Herr Nadolovitch, der als Fritz in der Dar¬
2181 3328 3107 3379 stellung fast ganz versagte, hielt sich dafür in seinem
2172 3354 3122 3427 dramatisch bewegten Vortrage auf respektabler Höhe.
2172 3402 3124 3468 Dagegen erwies sich Heir Wissiak — die Rolle
2170 3447 3113 3499 hat musikalisch nicht viel zu bedeuten — als
2171 3488 3109 3532 ein recht gewandter Darsteller, er stellte in seinem
2176 3528 3114 3572 Theodor einen echten, leichtlebigen Wiener Elegant
2173 3565 3120 3610 auf die Bühne, und Frl. Bachrich (Mizzi) war ihm
2170 3600 3118 3659 als süßes Wiener Mädel eine flotte, liebenswürdige
2169 3657 3110 3694 Partnerin. Herr Zador als Vater Weiring,
2163 3674 3122 3735 Frau Seebold als Klatschbase Binder und
2166 3711 3125 3764 Herr Armster als „fremder Herr“ fügten sich
2164 3760 3124 3812 dem Eusemble wirksam ein. Auch das Orchester hielt
2183 3793 3124 3858 sich unter Kapellmeister Rezuiceks Leitung sehr gut,
2176 3833 3118 3891 und Direktor Gregors Inszeuierungskunst bewährte
2170 3880 3116 3924 sich gestern ganz besonders in der stilvollen Aus¬
2170 3910 3130 3985 stattung der eleganten Garconwohnung des ersten
2173 3962 2315 4015 Aktes.
