3484 4256
317 155 677 229 Liebele
861 152 1295 245 box 13/1
305 185 727 272 1
325 588 977 652 M.mmmunnmmmummmne
1055 581 1358 660 Ne #tge
330 669 1344 759 IARGUS SUISSE ET INTERNATIONAL
548 730 1132 792 DE LA PRESSE S. A.
455 779 1228 832 23, rue du Rhöne - Genéve
324 830 1348 900 Adr. télégr.: Coupures-Genève — Tél. Stand 40.051
327 898 1354 981 zureau International de coupures de journaux
452 972 1245 1006 Traductions de et en toutes langues
355 1082 1336 1136 Correspondants dans toutes les grandes villes
527 1234 1351 1367 Lübeckische fnzeigen
727 1348 1157 1434 Lübecker Zeitung
681 1414 1207 1482 Schiffahrts=Zeitung Lübecks
854 1479 1045 1560 Dgtumi
974 1502 1263 1594 Nov. 1928
521 1978 1209 2097 Theater und Musik,
764 2075 1076 2158 „Liebelei.“
548 2130 1325 2200 Schauspiel von Arthur Schnifler.
514 2194 1348 2250 Neueinstudierung in den Kammerspielen.
368 2224 1576 2304 Ueber drei Jahrzehnte hat nun dieses im „Jahre 1895 zu¬
298 2276 1566 2340 erst erschienene T#ama seine Lebenskraft unvennindert bewahrt.
304 2334 1559 2382 Immer wieder selt diese Lebensbild voll wihmüsigen Reizes,
304 2378 1568 2416 jene seltsam aus Sentimalität und Frivolität genlischte Daseins¬
312 2396 1565 2471 sphäre der Wien Stadt, in der der Dichter nur leise auch soziale
317 2439 1563 2495 Streiflichter aufhuschen läßt. Im Kolorit und in der Stimmung
308 2470 1564 2537 der Szenen, vor allem in der unbeschwerten Causerie des in
306 2507 1561 2580 seinor trefflichen Milieuschilderung dem Anatol“ innerlichst ver¬
310 2552 1566 2611 wandten ersten Artes ist hier alles vom Fluidum des Wienerischen
303 2578 1569 2645 umwaben, jenes Wienerischen, das nicht nur mit leichtem Sinn
294 2619 1577 2683 in sprühender Lebenslust aufjauchzen, sondern auch an einem
303 2667 1581 2732 tiefaufwühlenden Schmerze sich zum bittersten Ende zerquälen
300 2713 1567 2771 kann. Die von der Negie des Herrn Heidmann betraute. lehr
313 2748 1568 2814 eindrucksstarke Aufführung hatte zwar auf diese spezifisch
305 2793 1558 2842 wienerische Einkleidung der Szenen so gut wie ganz verzichtet
314 2814 1577 2886 vermittelte aber in der schauspielerischen Leistung von Irmgard
304 2867 1557 2927 Wever ein tiefwirkendes künstlerisches Erlebnis. Wie das
304 2899 1567 2962 ganze Dasein der armen Musikertochter im Erleben der ersten
308 2938 1565 3003 Liebe zu dem jungen Studenten sich mit selbstverzehrender In¬
308 2979 1570 3039 brunst an das Trugbild dieses Glückes klammert, das zeigte
315 3014 1577 3089 ihre Christine mit verhaltener, schon geängstigter Empfindungs¬
313 3056 1568 3115 glut in den Szenen des ersten Aktes, um dann in der grausamen
314 3092 1565 3159 Erkenntnis jener leichtfertigen und gedankenlosen Liebelei ihres
314 3149 1562 3201 Freundes Töne von erschütternder Klage von schmerzdurchwühlter
302 3181 1572 3229 Pein zu finden. Fräulein Webers Verkörperung der äußer¬
315 3213 1564 3265 lich vielleicht allzu schlicht auftretenden Christine war eine einheit¬
314 3243 1558 3308 lich durchgeführte, klar geschaute und fein nüanzierte Charak¬
316 3290 1575 3343 terstudie, die der Aufführung den starken Reiz einer individuellen
315 3334 1571 3383 Stimmung lieh. Neben ihr gab sich Walther Grüntzig bereits
318 3373 1570 3430 im Dialog des Anfangsaktes zu schwer akzentuiert, zu wehleidig
319 3412 1569 3464 und zerquält. Den frischen Ton einer in völlig unbekümmertem
313 3445 1565 3502 Lebensgenusse aufgehenden Leichtfertigen traf Hilde Muth
320 3490 1568 3542 sehr ergötzlich. Herrn Heidmann lag die leicht hinsprudelnde
321 3512 1580 3583 Causerie der Eingangsszenen am besten. Wie Herr Stengel
323 3560 1564 3621 im Schlußakte die Mahnung des alten Musikus zur Lebens¬
322 3597 1570 3672 freude sprach, hob die schicksalsschwere Stimmung dieser Szenen
327 3635 1568 3712 zu tiefer Eindrucksgewalt. Gertrud Düring als geschwätzige
325 3687 1581 3735 Nachbarin und Herr Firmans als rächender Nebenbuhler
325 3722 1581 3774 des Studenten fügten sich in ihren kleineren Rollen dem En¬
328 3766 1568 3815 semble geschickt ein. Der ausverkaufte Saal entschloß sich am
317 3795 1490 3857 Schluß erst nach längerem Zögern zu Beifallskundgebungen
315 3827 1573 3890 diesmal ein Zeichen dafür, wie tief die Aufführung die Gemüter
1281 3868 1538 3938 Dr. P. B.
318 3890 616 3954 bewegt hatte.
2568 633 2874 709 Ne
1831 640 2489 727 M.m
1908 741 2822 863 Argus Suise et international de la Presse S. A.
2049 837 2662 921 23, Rue du Rhöne - GENEVE
1881 872 2845 966 Adr. télégr.: Coupures-Genéve — Tél. Stand 40.05
1896 966 2838 1046 Bureau International d- coupures de journaux.
1987 1016 2756 1090 Traductions de et en toutes langues.
1905 1089 2932 1209 Correspondants dans toutes les grandest villeBERLiR
2276 1170 2631 1260 8 UhR Abchobt
1851 1257 2290 1336 Extrait du journal:
1851 1366 2087 1439 Adresse:
2241 1352 2779 1537 2 #0 feb
1847 1462 2094 1524 —Date-—
2279 1738 2548 1825 „Liebelei.“
2305 1806 2545 1875 Tribüne.
1881 1853 3054 1940 „Schnitzlers „Liebelei“ wurde (der Bußtag war Anlaß)
1853 1900 3040 1972 Lueinstadtert gegeben. In einer Aufführung, deren Geschlossenheit
1851 1947 3028 2015 ichts vom Einmaligen verriet, und die die Wirkung des erstaunlich
1859 1999 3019 2054 isch gebliebenen Schaufpiels wesentlich vertiefte. Im Mittelpunkt
1849 2045 3018 2105 and Franziska Kinz als ergreifende, Tragik voll ausschöpfende
1846 2093 3020 2150 hristine, neben ihr Anton Edthofer als Leutnant Fritz, ver¬
1847 2130 3019 2176 mnerlicht, überzeugend. Hella Kürty vollzog — als Schlager¬
1855 2172 3015 2213 Fizzi — mit Erfolg den Uebergang von der Operetten= zur Sprech¬
1841 2205 3044 2271 ühne, der ihre lebendige Art, ihre Sicherheit und ihre ungekünstelte
1843 2266 3013 2318 schtheit der Darstellung einen Gewinn bedeuten dursten. Tony
1841 2294 3010 2356 Letzlaff (Kathrin), Otto Storm, Artur Schröder, Ludwig
1841 2341 3009 2418 Stössel gaben vortrefflich die übrigen Rollen. Eindruck und
1872 2385 2212 2459 eifall waren stark.
2868 2382 3074 2483 Dr. 7
2730 2772 2991 2879 Dr. Höfer.
1860 2845 2045 3000 #0
2266 2884 3003 3018 Lebe ####011
2312 2962 2537 3036 Tribüne.
1878 3010 3032 3094 Schnitzlers „Liebelei“ wurde (der Bußtag war Anlaß)
1819 3069 3035 3140 neueinstudiert gegeben. In einer Aufführung, deren Geschlossenheit
1822 3114 3029 3181 nichts vom Einmaligen verriet, und die die Wirkung des erstaunlich
1818 3167 3035 3207 frisch gebliebenen Schauspiels wefentlich vertiefte. Im Mittelpunkt
1817 3198 3030 3251 stand Franziska Kinz als ergreifende, Tragik voll ausschöpfende
1820 3248 3037 3296 Christine, neben ihr Anton Edthofer als Leutnant Fritz, ver¬
1809 3295 3035 3339 innerlicht, überzeugend. Hella Kürty vollzog — als Schlager¬
1807 3335 3023 3400 mizzi — mit Erfolg den Uebergang von der Operetten= zur Sprech¬
1812 3391 3024 3443 bühne, der ihre lebendige Art, ihre Sicherheit und ihre ungekünstelte
1816 3417 3039 3487 Echtheit der Darstellung einen Gewinn bedeuten durften. Tony
1817 3472 3029 3533 Tetzlaff (Kathrin), Otto Storm, Artur Schröder, Ludwig
1831 3508 3024 3574 Stössel gaben vortrefflich die übrigen Rollen. Eindruck und
1823 3543 2201 3614 Beifall waren stark.
2856 3560 2968 3621 —Dr.
