3436 4352
354 137 731 208 Liebelei
181 115 1326 254 5 box 10/1
473 968 3296 1053 gao„ hung. daß die Sache in weiteten. Kreisen; Miltel und Wige sinden missen, das Padlikum zu schaßen. Dief rine=Fabrikanten gute Geschäfte mach
1572 1020 3305 1070 Vorlage soll nicht blos ein kalmirendes Tranklein sein, sondern tausende von kleinen Bauernexistenzen
463 1031 1564 1089 bekannt ist. Der Hendelsredakteur der „Köln. Volkszi#.“ hat nie¬
1565 1047 3301 1116 wir müssen durch eine gründliche Operation den kranken Körper] steuerlich stark belasteten rheinischen
455 1057 1578 1134 mals jüdische Aus chreitungen mit anderem Maße genessen als die
1576 1076 3295 1154 zur Gesuindung füht n. Der wirthschäft iche Korper leibel an einer unter der Konkurrenz des holländisch
463 1115 812 1176 von al derer Seite.
1698 1144 1839 1193 Maremlhee
1385 1109 1626 1207 S A
1562 1163 3308 1229 1 verstimmt und eisersüchtig, denn sie hat Fritz am Abend vorher im Augen aufschlagen, wird die Welt ju
2675 1208 3296 1266 begrünt sich, und süße Weisen von
1571 1229 2669 1277 Theater an der Seite einer andern Frau gesehen. Von dieser Dame
600 1190 1474 1326 Kleines Feuilleton.
2665 1256 3296 1298 weithin und das Vergänglichste zeigt
1575 1258 2673 1314 im schwarzen Sammtkleid ist viel die Rede. Fritz wehrt den Druck,
2671 1295 3299 1342 diesem Stücke sind die tiefen Athemz
1580 1287 2675 1358 der ihn mitunter beschwert, gewaltsam ab, aber während sie tafeln
1026 1311 1525 1394 Frankfurt, 11. Januar.
2664 1339 3302 1386 ist darin, das unschön, selbst in gelten
1573 1339 2678 1390 und schwatzen, steigt das Verhängniß bereits die Treppe hinan.
2662 1376 3308 1425 unlebendig oder gar übertrieben wär
1571 1377 2679 1435 Draußen läutet es. Fritz erschrickt und geht nachsehen, wer zu so
557 1369 1579 1444 = [Schauspielhaus.] Was ist Liebelei? Liebe ohne
2681 1409 3288 1461 unsere Sprache, fühlen unsere Empf
1578 1424 2669 1477 später Stunde störe. Es ist jener Gatte, der Mann der ge¬
463 1421 1568 1493 Liebe. Dus ist der Flirt auch. Aber hier halten beide krieg¬
2676 1427 3307 1507 Handlungen. Mit scheinbar äußerst
1581 1452 2679 1524 heimnißvollen Dame im schwarzen Sammtkleid; er hat alles
467 1462 1572 1530 führende Parteien ihre Herzen und ihre Sinne behmtsam fest. Die
2677 1478 3287 1538 scharfer Beobachter, nichts Kleinstes
1582 1494 2673 1550 erfahren und kommt Genugthuung fordern. Uebermnorgen werden
468 1499 1573 1571 Liebelei lebt sich in jeder Form der Liebe aus, in ihrer Hingebung
2671 1528 3288 1577 der Dichter diese simple Lebensskizzeh
1571 1537 2672 1594 sich Beide schlagen, und Fritz weiß, daß sein Schicksal entschieden ist.
466 1546 1571 1605 und in ihrem Rausch. Die Ewigkeit ihrer Schwüre jedoch ist wie
2668 1567 3300 1623 welch starke Absicht das lose Gefüg
1566 1571 2671 1644 Die beiden Mädchen und Theodor, die währenddeß im Nebenzimmer
473 1574 1581 1642 ein Wechsel kurzer Sicht; sie lebt im Tage, in der Stunde; sie fühlt
2672 1605 3297 1660 warmer Geist es durchdringt, welch ge
1580 1611 2675 1672 gewartet, kommen wieder zum Vorschein, aber mit der fröhlichen
475 1624 1580 1684 oder weiß, daß jeder nächste Morgen sie bedroht sie lockert und
2670 1644 3305 1701 den Gestürzten niederbeugt und wel
1575 1656 2677 1706 Laune ist es vorbei. Man schwatzt noch ein wenig, dann begleitet
466 1661 1578 1722 löst. Dann ist es noch das Beste, daß beide Thile im Stande
2668 1687 3293 1738 grausamen Widersprüche der Weltord
1582 1684 2677 1747 Theodor die Mädchen nach Hause. Von unten, von der Straße er¬
466 1700 1581 1779 sind, sich zurückzunehmen und glecchmüthig neuen Täuschungen zu¬
2682 1718 3296 1772 Stimmung des Ganzen meisterhaft en
1585 1724 2676 1783 tönen noch ihre Abschiedsgrüße, Mizzi sin. Theodor pfeift. Oben
480 1737 1582 1803 zustreben. In der Regel indessen ist das Lievelei=Verhältniß be¬
2684 1762 3299 1811 Figuren des Dramas so sicher und sch
1576 1764 2674 1820 blibt Fritz, von Neue und Grauen erfaßt, zurück. Der zweite Akt
476 1766 1578 1837 sonders in den Großstädten derartig, daß die jungen Männer der
2684 1796 3305 1858 spieler mit beiden Händen darnach grei
1588 1809 2676 1868 spielt in Christinens Wohnung. Wir lernen das Milien kennen,
468 1819 1580 1882 sogenannteu besseren Stänee, da die Töchter ihrer eigenen Kaste zu
2679 1832 3310 1893 reich stammenden Künstler unseres 2##
1571 1851 2683 1906 in der das Mädchen lebt, den Vater, die Nachbarn. Fritz kommt
476 1861 1577 1923 gut, zu einbruchsicher verwahrt sind, bei den Mädchen des Volles
2675 1886 3302 1929 im leichten Wienerischen Dialekt vor
1578 1886 2676 1930 Abschied nehmen. Eine Reise, die er vorhat, wird ihn wohl einige Tage
477 1892 1585 1954 ihre Erholung suchen. Sie „toben sich aus“, wie die Alten mit
2674 1917 3298 1976 würdig. Wir wissen Keinen über den
1580 1924 2679 1989 von Wien fernhalten. Sein Herz ist schwer, und in diesem Zustand be¬
469 1929 1581 2003 schlauem Augenblinzeln zu sagen pflegen. Erst vertreibt ihnen die
2676 1953 3300 2012 Bauer und Bolz in den Rollen d
1576 1963 2684 2031 ginnter zu spüren, welch großes Gefühl dieses arme kleine Mädchen
472 1966 1577 2032 Liebe die Zeit, sodann vertreibt ihnen die Zeit die Liebe. Da
2682 1998 3299 2049 Leute, Herr Szika, der als Vater
1589 1990 2680 2053 an ihn verschwendet hat. Kaum kann er sich trennen von ihr, von
478 2007 1590 2080 ereignet es sich wohl oft, daß der Mann der mit kühler Ueberleg¬
2679 2029 3304 2090 Töne findet, die Damen Landori
1585 2036 2676 2100 dieser friedlichen Häuslichkeit, von der Aussicht aus diesen Fensterr
469 2058 1589 2119 ung an die Zukunft denkt, blos Liebelei, das Mädchen dagegen
2670 2068 3305 2135 der beiden Mädchen, die Erstere mi
1583 2082 2636 2134 die über die vielen Dächer bis hin zum Kahlenberg reicht.?
468 2092 1584 2144 wirk iche Ziebe in die Beziehung bringt. Dann ergeben sich, wenn
2671 2120 3302 2180 brüchen am Ausgang des Stückes
1587 2131 2671 2175 nächsten Morgen wird er im Duell erschossen und im dritten Akti.
474 2127 1583 2200 der Abschied kommt, Kämpfe, Konstikte, Katastrophen, deren Opfer
2681 2151 3303 2225 Zeichnung frivoler Kälte, dann Frl. #
1584 2161 2675 2214 er bereits begraben. Wie Christine davon erföhrt, wie sie erräth,
485 2167 1583 2230 fast immer das Weib ist, da es mit thörichter Sehnsucht hoffte, wo
2671 2195 3310 2244 Nebenrolle, — sie boten ein geradezu
1576 2183 2677 2251 daß er um einer anderen Frau willen gefallen, wie sie alle
476 2198 1588 2277 nichts zu hosfen war, und da es, keiner Schuld sich bewußt, ein
2682 2228 3299 2289 nur noch in der Tonstärke seiner Red
1578 2239 2676 2305 Verachtungen fühlt, die die bürgerliche Gesellschaft einer Liebe,
472 2251 1588 2316 ganzes Leben für einen bloßen Traum eingesetzt und ver¬
2680 2257 3297 2331 Ohr verlangt hätte. Das Publikum
1603 2277 2691 2335 wie der ihrigen, zu Theil werden läßt, wie sie verzweifelt
476 2285 1581 2358 spielt hat. Von dieser Voraussetzung geht das neue drei¬
2681 2305 3298 2357 sich##., Scene zu Scene immer mehr
1586 2308 2684 2374 aus dem Hause stürzt, während der Vater die Klage erhebt:
481 2321 1593 2395 aktige Schauspiel „Liebelei“ von Arthur Schnitzler
2674 2352 3295 2397 Kunst, die sich hier offenbarte, und
1590 2355 2685 2414 „Sie kommt nicht wieder!“ —, dieser Vorgang beschließt das
471 2359 1583 2440 aus, das heute bei uns zur ersten Aufführung gelangte.
2676 2379 3300 2440 Lebhafter Beifall folgte dem ersten
1599 2396 2686 2450 Stück. — Wie ist es nun zu erklären, daß eine Handlung,
471 2385 1590 2466 Der Vorgang ist so wenig bedeutend, daß Niemand, der von ihm
2677 2422 3308 2482 dritten wurde der anwesende Dichter
2092 2419 2692 2495 einfach und alltäglich ist gleich
1587 2434 2113 2495 die so geringfügig, ja so
473 2443 1582 2505 blos sprechen hört, die Wirkung begreisen wird, die von
2690 2452 3300 2514 wir an dem schönen, tief nachwirken
1584 2472 2689 2525 dieser den Hörer vom ersten Worte an fesselt. anzieht, beunruhigt,
475 2465 1591 2543 diesem Stück ausgeht. Zwei junge Leute, Studenten, die vor
2693 2490 3297 2562 setzen? Doch, eine nicht unwichtig
1597 2510 2685 2566 aufregt, mit athemloser Spannung erfüllt und erschüttert? Wie ?
472 2526 1595 2573 dem Examen stehen, Fritz Lobheimer und Theodor Kaiser, haben
2685 2532 3296 2608 Dichter muß den Schluß des Dr¬
1599 2554 2690 2615 Ganz einsach: weil ein Dichter es ist, der sie ersonnen und ge¬
477 2559 1593 2617 Verhältnisse mit zwei Wiener Mädchen: Theodor mit Mizzi, eine
2693 2571 3307 2642 verstehen, warum es ihn verla##
1588 2587 2696 2641 sehen, weil ein Künstler es ist, der sie gestaltet hat. Und an
480 2601 1596 2666 Modistin, die, leichtsinnig und lebenslustig, schon weiß, daß „die
2691 2620 3242 2684 tyrium seiner Heldin bis in
1594 2619 2696 2679 dieser Stelle, an der jahraus jahrein so viel Dürftigkeit und
476 2627 1601 2700 Männer alle nichts taugen“: Fritz mit Christine, der Tochter des
2691 2657 3302 2725 führen, aber er häuft dadurch Gleich
1594 2665 2692 2718 Schwäche, soviel Talentlosigkeit und Falschmünzerei verbucht, an
485 2678 1593 2742 alten Theatergeigers Hans Weiring. Bei diesem Paar lieg der
2696 2708 3257 2766 Augenblick zu ermüden, wo er
1592 2716 2690 2756 1 dieser Stelle, wo so oft Klage geführt wird über die Armuth der
489 2717 1595 2782 Fall nicht so einfach wie bei enem. Fritz hat Beziehungen zu einer
2682 2739 3311 2794 Händen hält. Für die bevorstehen
1590 2750 2695 2797 Zeit an Kraft, Talent und Gewissen, hier preisen wir den heutigen
488 2762 1608 2804 verheiratheten Frau. die ihm Sorgen bereiten, da der Gatte die
2689 2777 3309 2844 dürfte sich eine Befolgung dieses Ras¬
1596 2790 2687 2836 Abend, weil er dargethan hat, daß der deutschen Kunst endlich
480 2792 1589 2846 Wahrteit zu ahnen scheint. und Christine, die ihm sein Freund zu¬
2692 2814 3302 2866 erweisen. — Das neu einstudirte Lu#
1594 2824 2700 2884 wieder eine große Begabung erstanden ist. Ein Wort von Thackeray
489 2821 1601 2901 geführt, ist ihm zunächst nichts als ein anmuthiger Vorwand, auf
2692 2864 3299 2909 von G. v. Moser beschloß die Vor
1589 2868 2691 2926 kommt uns in den Sinn; von John Hervey sagte er einmal: es
499 2881 1597 2933 frohere Gedanken zu kommen. Christine indessen, die bisher umer
2686 2900 3300 2962 Willen nicht in der Stimmung, dar#
1595 2898 2704 2966 war, als grüt seine Feder die Vergangenheit aus ihrem Schutte
491 2914 1607 2968 der Hut ihres Vaters gelebt, hat Fritz ihre ganze Liebe gegeben,
2803 2938 3288 2994 I„Polnische Heine=Kriti
1590 2945 2695 2997 aus. Von unserem Poeten darf man sagen, mit sanftem Hauche
485 2947 1600 3019 jenes einzige Geschenk, das man annimmt und doch behält, indem
2681 2964 3298 3041 Budapest, 8. ds.: „Sie hatten
1598 2982 2692 3041 bläst er den Stauh von den Dingen des Alltags und ein großes
494 2983 1606 3069 man es zurückgiebt. Dieses ungleiche Spiel bleibt nicht lange
2695 3005 3305 3077 vady, der in ein Feuilleton über p#
1595 3020 2696 3081 feierliches Blühen wird allmählich sichtbar. Wir andern Alle sitzen
498 3029 1600 3096 ohne Ausdruck. Der erste Akt führt uns in Fritzens elegante
2687 3047 3294 3115 war, die redaktionelle Anmerkung
1594 3067 2699 3111 neben uns und sehen uns aufmerksam zu, und Reflexion ist das
491 3066 1604 3123 Junggesellenwohnung. Theodor, Mizzi und Christine kommen zu
2692 3087 3303 3155 Wissens Ungar sei. In der T
499 3113 2713 3176 Besuch. Heitere Szenen zeigen die beiden Paare in der Verschie= große Loch, in das jedes Schaffen jällt. Die Sonntagskinder des
501 3169 3304 3218 denartigkeit ihres Wesens und ihrer Stimmungen. Christine ist! Lebens aber ziehen ruhig ihres Weges dahin, und wenn sie die  nicht getäuscht. In Kertbenys#
1584 3278 1854 3477 7
1401 3269 1609 3482 2
