3484 4256
258 186 661 264 Liebelei
247 174 1260 292 eneneenenenwnce. box 13/6
1055 867 1156 937 77
339 853 1107 982 ZOBSEAVER
400 922 1117 1037 . Osterr. behördt. Konzessioniertes
357 972 1134 1101 Unternehmen für Zeitungs-Auschnite
459 1036 1028 1143 Wien I, Wollzeile un
502 1104 959 1187 Telephon R-23.0-62
319 1218 712 1315 Ausschnitt aus:
529 1308 1217 1497 SASLERNACRACurEE
303 1429 486 1511 vom;
496 1422 930 1525 28. MRZ. 1934
1294 1606 3358 1674 Freund nicht mit derselben Ausschließlichkeit ihr gehört hat, heit die Verzweiflung des Madchens noch steigern, wenn
2331 1653 3353 1710 sie mit ungeschicktem Trost der Gebrochenen über die
1295 1648 2325 1723 wie sie ihn geliebt; aber daß er sie ohne Abschied verlassen
457 1677 1146 1766 Stadttheater in Basel.
2325 1707 3354 1744 schmerzvolle Erfahrung helfen will. Lola Urban¬
1302 1701 2329 1750 und sich für eine andere hat totschießen lassen, und daß
2329 1740 3358 1782 Kneidinger zeichnete diesen Typus mit einem leichten Stich
1300 1739 2317 1791 sie nicht einmal so viel Recht bekam, an seiner Bahre zu
390 1770 1180 1841 „Liebelei“ von Arthur Schnitzler.
2326 1778 3358 1836 ins Fragwürdige, ohne die sympathische Seite dieser
1297 1781 2321 1825 weinen, darunter bricht sie zusammen, verzweifelt entreißt
2321 1814 3360 1861 Gestalt zu schmälern. Hermann Gallingers Theodor
1302 1811 2321 1865 sie sich Vater und Freunden und stürzt davon. „Sie kehrt
323 1758 1236 1897 Rünster Konmerselatend inr der Mrsternse.
2327 1854 3349 1905 war in Aussehen und Gehabe ihr männliches Gegenstück,
1300 1839 2314 1904 nicht mehr zurück!“ ist das letzte Wort, das der zusammen¬
2313 1892 3355 1933 in den Tag lebend, das Unbequeme von sich abschüttelnd,
1297 1892 1937 1941 brechende alte Mann ihr nachruft.
2327 1931 3354 1970 skeptisch auch in den Dingen des Herzens, dabei meist
1346 1927 2324 1979 Wir haben das Menschliche in Schnitzlers Stück in den
572 1922 975 2003 Dienstag 27. März.
2328 1969 3355 2008 lustig und gutmütig unbedeutend. Ein ganzer Charakter!
1290 1949 2319 2013 Vordergrund gestellt; es wurde durch die ganz ausge¬
2324 2006 3356 2060 Das Bild wird erganzt durch die rührend gute Figur des
1293 2006 2315 2058 zeichnete Aufführung, die unter Alwin Kronachers
313 1991 1289 2061 k. Die Meisterschaft Arthur Schnitzlers im scheinbar
2323 2042 3353 2093 Vaters, der seinem Kind so gerne ein richtiges Erlebnis
1291 2047 2318 2091 Leitung die unzureichenden Bühnenverhältnisse in der
248 2047 1285 2091 selbstverständlich enthüllenden Dialog in der sicheren und
2324 2085 3359 2126 gönnt und dafür so schwer geschlagen ist, von Max Knapp
1304 2078 2323 2130 Mustermesse völlig vergessen ließ, in den Gestalten wie in
247 2082 1287 2129 klaren Charakteranalyse und in der Schaffung alles dessen,
2324 2115 3361 2182 ohne Pathos menschlich einfach gestaltet, daneben Alma
1303 2106 2312 2168 ihren hinüber und herüber gehenden Beziehungen in er¬
248 2125 1290 2170 was wir in einem Wort mit Stimmung" bezeichnen, tritt
2324 2158 3348 2209 Wallés glänzend charakterisierte Katharina, die Frau,
1291 2158 2315 2205 greifender Weise verwirklicht. In die Wiener Fröhlichkeit
260 2159 1290 2211 nirgends ausgeprägter und glänzender hervor als in dem
1292 2196 2314 2244 hat sich auch in den besten Zeiten etwas von jener Melan¬
2325 2191 3352 2245 die selbst die Erinnerung an eine bewegtere Vergangenheit
257 2195 1294 2238 kleinen Schauspiel „Liebelei", welches das Basler Stadt¬
1293 2234 2315 2277 cholie gemischt, die sich jedem echten gefühlhaften Erleben
2329 2237 3354 2284 unterdrückt hat, weil sie ihr in ihrer jetzigen Einstellung
254 2234 1296 2281 theater im Kammerspielzyklus mit Glück wieder aufge¬
1297 2274 2321 2315 beimischt. So klang es zwischen den klimpernden Tönen
2324 2272 3341 2315 nur Reue und Unbehagen bereitet, und die doch das Reiden
255 2280 1290 2325 nommen hat. Wohl gehören die Hauptstützen der dramati¬
1295 2305 2322 2351 des „Doppeladlers“ wie verhaltenes Weinen und langsam
2333 2308 3345 2361 und Kuppeln, Neugier und Lüsternheit nicht ganz lassen
257 2314 1289 2373 schen Fabel, die ständisch=militärische Satisfaktion und die
2327 2350 3344 2396 kann. Endlich der unheimliche und unerbittliche Herr von
1302 2351 2324 2404 senkte sich die Stimmungslinie bis zur tiefsten seelischen
257 2354 1289 2398 gesellschaftliche Voraussetzung, einer Vergangenheit an, die
2330 2386 3359 2449 A. Fischer=Streitmann, dem Haß und Vernichtungs¬
1301 2384 2312 2427 Erschütterung. Neben der sicheren Führung des Spiel¬
254 2390 1291 2442 für uns durch die furchtbare Kriegszeit in eine so fremde
2328 2419 2850 2478 wille aus den Augen glühte.
1293 2419 2325 2469 leiters, der auch die kaum angedeuteten Erkenntnisse des
257 2434 1289 2475 Ferne gerückt ist, daß wir die unerbittliche Logik des Ge¬
1293 2467 2325 2512 Dichters in bewegtes Leben umzusetzen verstand, danken
2381 2460 3351 2513 Schade, daß die ausgezeichnete Künstlerarbeit sich in
257 2462 1292 2519 schehens im Stück des Wiener Dichters kaum mehr verstehen.
1301 2498 2315 2548 wir den geschlossenen und packenden Eindruck der großen
2329 2473 3351 2554 der einmaligen Kammerspielaufführung erschöpfen muß:
264 2506 1291 2556 Aber, was über Fabel und Handlung steht, das rein Mensch¬
1298 2540 2317 2584 und menschlich schönen Leistung Christine Reisingers
2321 2524 3343 2578 wäre dieser Raubbau an unsern besten Kräften nicht
261 2545 1288 2589 liche, ist ewig jung und erschütternd, so lange es liebende
1307 2574 2321 2626 die dem innerlich mitgehenden Ensemble Ton und Haltung
2330 2572 3346 2622 wenigstens dadurch zu mildern, daß man das immer noch
257 2570 1297 2638 Menschen gibt. Immer gibt es Herzen, die sich verschwen¬
2329 2616 3346 2657 ergreifende Werk auch im großen Haus durchs Abonnement
1305 2617 2317 2660 wies. So kleinmädchenhaft sie sich um ihren Fritz bemühte,
262 2621 1299 2669 den, die ihr ganzes Sein einsetzen, wo es dem Partner
1305 2647 2319 2695 man spürte aus der leifesten Geste, aus dem verhaltenen
2326 2648 3361 2708 gehen ließe? Das glänzend eingespielte Ensemble würde
254 2658 1291 2717 nur um eine flüchtige Wallung, ein rasches und mit der
1304 2692 2313 2740 Timbre ihrer Stimme die Echtheit des Gefühls das Schick¬
2331 2681 2700 2756 das wohl verdienen.
258 2696 1298 2748 Erfüllung wieder abflauendes Begehren gilt. Schnitzler
1294 2716 2331 2773 salhafte ihrer Liebe. Schlicht, rührend im Beginn, kennt
261 2731 1293 2784 führt diesen Zwiespalt in seinem Stück mit einer feinen
1304 2764 2334 2812 sie im Grunde ihr Schicksal, das Mädchenschicksal, schon im
258 2771 1300 2817 innern Dialektik bis zur Tragik der Selhstvernichtung. Aus
1300 2798 2328 2845 Glück. Noch ein Weilchen möchte sie den Geliebten für sich
258 2813 1298 2864 den Aufregungen eines Verhältnisses mit einer verheirateten,
1303 2836 2343 2885 haben, bevor er sie verläßt. Aber der Einbruch ist zu stark,
258 2853 1301 2900 sensationslustigen Dame der Gesellschaft mö##te sich der
1306 2865 2330 2932 ihre Trauer schlägt in zornige Verzweiflung um; dieser
251 2881 1291 2931 junge Fritz Lobheimer in die Arme eines einfachen Mäd¬
1303 2911 2340 2962 elementare Ausbruch mit dem Schrei des zutode getroffenen
260 2921 1292 2980 chens aus dem Volk flüchten, das er in der Gesellschaft
1306 2955 2333 3004 Tieres war der stärkste und sicherlich jedem lange in Er¬
255 2959 1290 3003 seines feschen Freundes Theodor kennen gelernt hat. Er
1299 2986 2331 3036 innerung bleibende Eindruck der darstellerischen Gestaltung.
262 2999 1292 3057 hat Glück, obwohl er sich aus den früheren Verstrickungen
1305 3024 2345 3085 In Wilfried Scheitlin hatte sie den Partner der ihre
253 3043 1288 3091 nicht hat lösen können. Das Mädchen liebt ihn mit der
1296 3054 2347 3115 Hingabe an den einen Menschen glaubhabt machte. Dieser
247 3078 1292 3123 ganzen Einmaligkeit einer ersten jungen Liebe, aber unser
1297 3100 2347 3161 junge Mann hat in der sehr sympathischen Verwirklichung
250 3112 1305 3162 Kavalier ist bedrückt; er hat sich in eine Schuld einge¬
1295 3148 2332 3199 des begabten Darstellers bei aller sogenannten Erfahrung
259 3150 1292 3199 lassen, die als dunkle Drohung über ihm steht und die
1304 3183 2341 3230 mit Frauen keine Ahnung, was wirkliche Liebe ist; auch zu
262 3195 1294 3242 auch immer wieder das Zusammensein mit dem „süßen
1301 3210 2338 3268 Christine trieb ihn mehr Ueberdruß als echtes Gefühl;
261 3224 1309 3282 Mädchen“ trübt. So stehen die Dinge, als das Unheil
256 3259 2345 3316 in der Form einer Duellforderung mitten in ein fröhlich= doch es steigert die Tragik des Geschehens, daß er uns
260 3293 2332 3357 sentimentales Festchen der jungen Leute platzt. Das Ver= fühlen ließ, wie bei ihm auch die echte Flamme aus dem
261 3324 2344 3396 halten des gekränkten Gatten läßt keinen Zweifel offen, Flackerlichtchen der Liebelei emporwuchs. Gutherzig, zu
262 3375 2333 3437 daß der junge Fant sein Verschulden mit dem Leben büßen Zärtlichkeit geneigt, hübsch und wohlerzogen muß der
256 3410 2338 3468 muß, und in der Abschiedsstimmung erst erkennt er das Leichtfuß ohne böse Absicht zum Herzensbrecher werden.
1297 3442 2344 3502 Auch im Gegensatz sind die Gestalten gut abgestimmt, die
259 3460 1299 3500 Glück, das ihm durch die liebliche Christine hätte erblühen
1300 3472 2343 3530 lebenslustige Schlagermizi, schon etwas abgebrüht und mit
270 3491 1305 3554 können. Aber es ist zu spät; von der Nichtsahnenden weg
259 3520 2326 3597 geht er in den Tod. Sein Ende trifft das Mädchen wie der Freude des Augenblicks zufrieden, muß mit ihrer zwei¬
293 3586 2340 3635 ein brutaler Keulenschlag; sie hat zwar gefühlt, daß ihr ffelhaften Erfahrung und ihrer resignierten Unbekümmert¬
