3344 4224
278 123 668 192 Liebelei
830 123 1255 223 box 13/5
1899 65 2770 126 Saison mitgemacht: „Liebelei“ („Amourette“)
1903 98 2783 167 „Wildente“ („Eauard Sauvage) und Ronald
1901 148 2787 218 Mackenzies „Musical Chaire“ („La Polka de
1906 207 2085 265 chaises“).
1943 259 2784 306 Im Gegensatz zu Stanislawsky, der für ein
1905 307 2793 362 Stück oft über hundert Proben benötigt, wird
1908 354 2788 419 bei Pitoeff verhältnismäßig wenig geprobt; aller¬
1895 402 2791 449 dings sehr intensiv. Die Probenarbeit für eine
1904 449 2796 508 Novität nimmt durchschnittlich drei Wochen in
1898 491 2794 553 Anspruch. Pitoeff ist stets sein eigener Aus¬
1907 545 2800 597 stattungschef. Er entwirft jede Dekoration und
1898 589 2794 640 jedes Kostüm. Damit seine Weisungen möglichst
1896 635 2787 697 genau befolgt werden, klebt er auf einen Pappen¬
1898 700 2797 739 deckel Kulissen und Prospekte, so wie er sie für
1899 738 2784 792 die Aufführung wünscht. Nach dieser Vorlage
1908 777 2790 833 führen wir dann diese Pläne aus. Ich sage wir,
1905 821 2800 871 denn der Oberregisseur Léonard und ich sind
1901 870 2798 931 beim Hämmern, Sägen und Pinseln selbst tüchtig
1904 918 2796 983 am Werk. Bühnenarbeiter in diesem Sinn wer¬
1898 970 2308 1038 den kaum beschäftigt.
1939 1019 2805 1086 Pitoeff ist während der Arbeit ziemlich nervös!
1903 1083 2794 1135 und trinkt fortwährend Mineralwasser; aber bei
1910 1116 2798 1187 aller Nervosität ist er immer ruhig und versteht
1916 1171 2800 1231 es, die Schauspieler zu führen. Seine Gattin
1912 1223 2793 1270 Ludmilla ist die wertvollste Mitarbeiterin des
1914 1258 2797 1325 Ensembles. Als Hedwig in der „Wildente“ und
1909 1315 2805 1369 als Christine in „Liebelei“ hatte sie ganz großen
1906 1348 2810 1415 Erfolg — kein Mensch würde ihr ihre sieben
1915 1402 2793 1453 Kinder und vor allem eine siebzehnjährige Toch¬
1914 1447 2806 1497 ter glauben; voraussichtlich wird sich Nadja
1910 1499 2802 1563 Pitoeff auch der Bühne widmen. Als Regisseur
1916 1548 2800 1599 hält sich Pitoeff möglichst an den Text, nur dort,
1904 1598 2805 1650 wo ihm die Bühne nicht die Möglichkeit gibt, dem
1902 1648 2801 1694 Dichter zu folgen, geht er eigene Wege. Leider
1912 1696 2801 1751 war „Liebelei“ nicht ganz der große Erfolg, den
1918 1729 2799 1793 wir uns erwartet hatten, es kam nur zu 35 Auf¬
1921 1786 2806 1836 führungen. Es ist allerdings möglich, daß das
1911 1835 2811 1885 überhetonte Wiener Kolorit daran Schuld trug.
1910 1889 2806 1932 Das Bestreben, möglichst echt und wienerisch zu
1915 1923 2806 1988 wirken, verleitet Pitoeff zu kleinen Übertreibun¬
1914 1976 2810 2029 gen. So wurde unter anderem in der Souper¬
1919 2027 2811 2074 szene im ersten Akt ziemlich viel musiziert, das
1913 2062 2810 2128 Fiakerlied wurde gesungen, man bekam den
1913 2116 2798 2176 „Donauwalzer“ und eine Reihe österreichischer
1922 2149 2803 2218 Militärmärsche zu hören. Wenn irgend möglich,
1921 2210 2811 2268 besorgt Pitoeff auch die Übersetzung der von ihm
1914 2257 2813 2320 angenommenen Stücke: „Musioal chairs“ hat er
1911 2299 2826 2374 selbst übersetzt und für die französische Bühne be¬
1927 2356 2103 2415 arbeitet.
1945 2403 2810 2455 Als Regisseur ist er ziemlich autokratisch, wirkt
1921 2452 2807 2512 aber dabei nicht im mindesten überheblich. Außer
1921 2499 2808 2559 seiner Frau darf ihm niemand etwas sagen; es
1923 2550 2818 2609 ist aber selbstverständlich, daß alles ihm folgt.
1920 2593 2811 2655 Von seiner persönlichen Anspruchslosigkeit macht
1924 2654 2812 2697 man sich schwer einen Begriff: Kaffeehaus oder
1922 2709 2820 2754 Nachtlokale kennt er überhaupt nicht. Auch Lud¬
1916 2731 2814 2795 milla ist die Einfachheit in Person; ihr größter
1924 2788 2806 2842 Luxus ist, während der Vorstellung sich hie und
1922 2833 2807 2887 da ein Kilo Apfel oder Orangen holen zu lassen.
1924 2886 2815 2940 Außerhalb der Bühne leben die beiden nur für
1935 2932 2180 2990 ihre Kinder.
1961 2980 2816 3046 Materiell haben Pitoeffs ziemlich zu kämpfen;
1931 3031 2820 3091 im vorigen Sommer mußten sie in Paris bleiben
1925 3082 2821 3142 und mit vierzig Franes täglich auskommen. Die
1932 3118 2813 3186 Kinder waren bei Verwandten und Bekannten
1932 3182 2817 3232 untergebracht. Als Rettung kam in letzter Stunde
1921 3222 2806 3287 ein Filmantrag; das Auftrittshonorar ermög¬
1921 3266 2818 3335 lichte ihm überhaupt, die Saison zu beginnen.
1926 3333 2799 3378 Einige verlockende Anträge hat er abgelehnt —
1931 3366 2815 3424 aus Angst vor der Seekrankheit. Der arme
1927 3408 2810 3479 Pitoeff leidet sehr unter starken Kopfschmerzen.
1934 3470 2820 3518 Narkotika verschmäht er, und als Gegenmittel be¬
1930 3519 2831 3570 nützt er einen Gummihammer, mit dem er
1936 3562 2574 3611 stundenlang seinen Kopf bearbeitet.
1963 3603 2813 3654 Als Lehrmeister ist Pitoeff unschätzbar. Man
1931 3657 2816 3713 probt durchschnittlich fünf Stunden täglich: von
1933 3694 2828 3760 zwei Uhr nachmittags bis sieben Uhr. In diesen
1943 3751 2821 3815 fünf Stunden wird kolossal viel geleistet. Wenn
1942 3798 2813 3860 die kommende Saison so gut wird wie die ab¬
1929 3864 2830 3915 gelaufene, können wir — wenigstens künstlerisch
1995 3896 2277 3966 zufrieden sein.
