3344 4256
1021 127 1314 213 box 10
459 137 795 213 Liebele
297 148 438 228 5.
761 817 1183 883 Telefon 12801.
492 887 1496 1007 Unternehmen für Zeitungs-Ausschnitte.
1371 945 1547 1012 Ausschnitt
432 1025 593 1123 75
648 991 1642 1120 „OBSERVER“ N.41
265 1106 1702 1205 L. österr. benördl. cone. Bureau für Zeitungsberichte u. Personalnschrichten
436 1172 1557 1282 Wien, IX/1, Türkenstrasse 17.
665 1270 1326 1359 Filiale in Budapest: „Figyeló“
363 1330 1633 1436 Vertretungen in Berlin, Chieago, London, Newyork, Paris, Stockholm.
286 1453 1466 1582 Ausschnitt aus-Norddeuisch ungimeme Mo¬
302 1625 832 1729 vom 7.MA11899
587 1736 1659 1810 In zwei Stücken von Schnitzler. als Christine
442 1784 1651 1857 in „Liebelei“ und als Annie in „Abschiedssouper“.
446 1822 1687 1892 setzte am Freitaa Abend im Lessing=Theater Adele.
455 1866 1664 1933 E ndrock ihr Gastspiel fort. In beiden Rollen hat die
489 1918 1670 1986 teressante Schauspielerin schon fruher beim Berliner Publikum
580 1967 1674 2025 ünstige Aufnahme gefunden, und von diesem Beifall, der
1008 2009 1676 2081 ezollt wurde, soll hier nichts Er¬
624 2015 928 2072 vorgestern wied
621 2055 1670 2117 abgezogen werden. Das Bild der Christine ver¬
605 2099 1666 2153 n den beiden ersten. Aufzngen mehr, als es in der
597 2149 1671 2197 liegt, neben der erfrischend natürlichen Lustigkeit des
588 2186 1669 2245 in Klemens (als Mizi Schlager). Adele Sandrock gab
723 2222 1659 2290 sehr eine Vertreterin des „amour grin¬
570 2237 655 2314 cht
563 2281 1667 2333 x“, der nörgelnden Liebe, würden wir im Deutschen
760 2319 1675 2385 daß dieser Ausdruck den Tadel des
490 2320 748 2380 igen, ohne
993 2362 1678 2421 Es fehlte etwas von der
456 2362 948 2426 Französischen erschöpft.
459 2413 1603 2465 Naivetät des jugendlichen Mädchens aus dem Volke
441 2440 1669 2497 ein Klärchen=Schimmer. Wenn aber Schnitzlers Christine
449 2496 1669 2547 einen solchen nicht braucht, wenn es genügt, daß sie im dritten
450 2537 1673 2589 Aufzug physiologisch echte Thränen vergießt und zwei=, drei¬
427 2582 1663 2659 zgal aus verwundetem Herzen naturgetreu aufstöhnt, so kann
453 2622 1667 2684 Fräulein Sandrock immer eines achtungswerthen Erfolges
450 2672 1686 2731 sicher sein. — Herrn Jarno gelang der ironisch=heitere
455 2723 1672 2780 Theodor besser als am Schluß der trauernde. Herr Pagay
512 2766 1664 2818 s Christinens Vater und Sosie Pagay als Strumpf¬
476 2766 515 2817 #1
577 2811 1658 2865 sfrau erfreuten wie oft, durch den redlichen Wirklich¬
573 2835 1668 2909 nn ihres Spiels. — Die Annie im „Abschiedssouper“
465 2893 1678 2941 war eine wohlgetroffene Enkanaillirung des Typus der ver¬
457 2949 1717 3006 lassenden und verlassenen Weiblichkeit. Adele Sandrock kann.
347 2957 441 3032 Für
430 2977 1567 3056 das also auch, aber — Hansi Niese kann es noch besser.
1375 3022 1466 3057 —
1516 3000 1720 3073 Zahlbar
427 3036 529 3093 200
1371 3050 1489 3094 55.—
1325 3058 1378 3118 „
1302 3056 1735 3150 100.— im Voraus.
420 3086 531 3134 500
412 3123 534 3181 1000
468 3140 1792 3234 Im Gegensatze zu anderen Bureaux für Zeitungsausschnitte ist das
353 3169 1794 3279 Abonnement durch keine bestimmte Zeitdauer begrenzt; — auch steht es den
364 3216 1649 3329 Abonnenten frei die aufgegebenen Themen zu ergänzen oder zu ändern.
2321 743 2728 797 Telefon 12801.
2045 840 3042 924 Unternehmen für Zeitungs-Ausschnitte.
2912 862 3100 947 Ausschnitt
2013 894 2152 963 1—
2198 914 3197 1050 „OBSERVER“ Nr. 37
1810 1025 3254 1112 I. österr. behördl. conc. Bureau für Zeitungsberichte u. Personalnachrichten
2006 1104 3076 1199 Wien, IX/1, Türkenstrasse 17.
2210 1199 2885 1283 Fillale in Budapest: „Figyelö“ —
1917 1253 3183 1355 Vertretungen in Berlin, Chicago, London, Newyork, Paris, Stockholm.
1829 1365 3061 1482 Ausschnitt aus: Das Kleine Journal (Berlin)
1830 1543 2250 1639 vom 6/9%*)
2134 1633 3106 1708 Lessing=Theater. Arthur Schnitzler's
2859 1687 3110 1763 Christine
1955 1698 2863 1761 „Liebelei“ und „Abschiedssollder“;
1937 1732 2976 1811 und Annie: Frl. Adele Sandrock als Gast.
2030 1771 3109 1836 Nehmen wir zuerst den Einakter, denn in diesem zeigte sich
1951 1809 3113 1878 Adele Sandrock in ihrer ganzen Kunst. Sie stattete die
1944 1868 3107 1919 Annie mit so viel liebenswürdiger Lustigkeit, mit so viel
1949 1890 3121 1951 ausgelassener Heiterkeit aus, daß des Beifalls sowohl auf offener
1957 1937 3112 1992 Szene, wie nach dem Aktschlusse gar kein Ende war. Es war ein
1949 1976 3123 2041 wohlverdienter, großer Erfolg, so groß — daß er es uns fast ver¬
1947 2035 3126 2082 gessen ließ, daß der Gast in der vorhergegangenen
1964 2070 3125 2125 „Liebelei“ keine tiefere Wirkung hatte erzielen können. Adele
1966 2102 3132 2164 Sandrock hätte die Christine besser ihrem Repertoire nicht auf die
1953 2137 3125 2194 Dauer einverleiben sollen. Sie ist eine große Künstlerin des
1953 2167 3111 2232 Temperaments. Sie durchläuft die ganze Skala der Leidenschaft,
1949 2224 3118 2284 deren wildeste Accente ihrem Naturell entsprechen. Sie ist eine
1961 2262 3124 2324 Meisterin der Explosionen, von hinreißendem Feuer und einer
1964 2302 3117 2349 Gewalt der Töne, die betäubt und erschüttert. Aber auch der
1958 2343 3130 2398 Schmerz, der sich nach innen gräbt, die Raserei der Gefühle in das
1955 2389 3126 2457 eigene Gemüth zurückträgt, liegt im Bereiche ihrer Kunst. Doch nur als
1963 2427 3126 2482 das kleinere Theil. Sie wird darum niemals eine Gestalt verfehlen,
1964 2476 3123 2522 die ganz auf das Lyrische gestimmt ist, aber auch niemals mit ihr
1966 2492 3128 2565 eine so faszinirende Wirkung erzielen, wie sie es mit den Flammen
1953 2546 3120 2626 ihrer Reden und Geberden bewicken kann. Die Christine ist
1968 2593 3124 2652 eine milde, weiche Wienerin; Adele Sandrock ist eine herbe,
1957 2624 3133 2689 scharfgekantete Natur aus einem anderen Himmelsstriche. Sie
1971 2669 3130 2728 wird als Künstlerin das Wesen keiner darzustellenden Figur falsch
1971 2707 3124 2777 begreifen, aber die letzten und entscheidenden Wirkungen wird sie
1975 2746 3140 2804 bei so entgegengesetzter Artung nicht finden. Auch die Sorma
1975 2791 3139 2849 ist keine Christine gewesen, nicht einmal eine so interessante
1974 2850 3134 2885 Christiue wie Adele Sandrock, und vielleicht kam die geniale
1957 2866 3248 2926 Sonbrette Hansi Niese dem wienerischen Typus am nächsten. neiv¬
1871 2869 1960 2949 Für
1950 2915 3225 2960 1(Das süße Wiener Mädl, wie es Schnitzler gestaltete, wird wohl irto.
1958 2962 3227 3004 Zwwenig vollkommene Darstellerinnen finden. Die Figur wird uns albar
1957 2994 3250 3046 Rheim Lesen immer mehr entzücken als auf der Bühne. Vielleicht, soraus.
1888 3024 1974 3099 7 1
1976 3032 3122 3101 daß das junge Genie der Medelsky sie ganz erfassen kann.
1976 3055 3300 3146 Ergriffen hat Adele Sandrock nicht. Es war ein wunderbar ist das
1869 3110 3313 3199 Aboungespielter Schmerz im Schlußakte, wo sie die ganze Virtnosität it es den
1883 3163 3155 3230 Abonnihres Beinens spielen ließ. Es ist ein ungemein fein durch¬
1975 3197 3141 3270 gearl er Akt, wie sie ihn führt, ein Beweis, wie sie sich auch
2125 3238 3133 3299 Gebiete mit künstlerischer Sicherheit bewähren kann —
1977 3254 2080 3319 auf
2117 3275 3145 3332 ts mehr. Die übrige Darstellung trug nicht die Kenn¬
1976 3300 2096 3349 Jabe
2117 3338 3138 3392 iner schnellen Einstudirung. Das Talent des Fräulein
1975 3332 2078 3390 20
2123 3359 3142 3429 & Clemens ist schon früher sehr aufgefallen; es fehlte
1975 3381 2059 3442 E
2112 3397 3145 3467 er bis jetzt die richtige Bethätigung und darum über¬
2117 3445 3138 3500 gestern ihre M'zi Schlager. Ein ursprünglicher, naiver
2120 3479 3145 3542 wächst da aus einer jugendlichen Liebenswürdigkeit heraus,
2098 3531 3138 3579 le, frische Heiterkeit, der ganze tanzfrohe Leichtsinn des
2104 3561 3141 3632 Wiener Vorstadtmädels blühte in der Gestalt. Die junge
2093 3603 3153 3659 erin berechtigt zu sehr schönen Hoffnungen. Recht nett war
2075 3653 3153 3703 ritz des Herin Alfred Halm. In ergreisender Schlichtheit
2061 3681 3153 3760 ie Haus Pagan den alten Weiring. Zwei glänzende
2033 3721 3173 3786 stungen bot Josef Jarno; er war als Theodor und ald,
2936 3763 3107 3821 RK
2050 3776 2497 3852 natol gleich unübertrefflich.
