3484 4256
428 171 798 247 Liebelei
899 167 1383 273 box 12/6
251 176 819 289 5. L. S
364 1040 804 1129 Ausschnitt aus:
585 1096 970 1194 O-SEP /916
995 1107 1156 1198 znbad
370 1135 547 1202 vom:
476 1235 1336 1296 VLiebelei.“ Schauspiel in drei Akten von
374 1263 1344 1341 ArturSch Schauspielerin Alice
382 1323 1193 1390 Lilardlund des Schauspielers Hugo Riedl.)
487 1350 1343 1423 Samstag abends ging zum Besten der beiden
380 1413 1343 1463 beliebten und tüchtigen Schauspielkräfte Lilard.
377 1427 1350 1494 und Riedl Schnitzlers beste dramatische Leistung"
381 1478 1349 1538 „Liebelei“ in Szene. Frl. Lilard gab die Christice
389 1518 1343 1569 Weiring, der die Liebelei mit dem jungen loscht¬
379 1556 1348 1606 blütigen Fritz Lobmeier zum Verhängnis wird. Sie
381 1596 1288 1649 wußte die Natur dieses jungen Mädchens, das
375 1643 1354 1701 ganz selbstlose hingebende Liebe ist, das erfüllt ist
374 1694 1341 1727 von der Leidenschaft zu dem Geliebten, dem Ein¬
373 1712 1350 1761 zigen, trefflich zu kennzeichnen. Den Uebergang vom
389 1757 1345 1813 höchsten Glück bis zum grenzenlosen Schmerz, der
383 1801 1352 1847 Verzweiflung, wußte sie ausgezeichnet zur Dar¬
386 1831 1346 1892 stellung zu bringen. Den Höhepunkt erreichte ihre
388 1871 1350 1920 Darstellungskunst im letzten Akte, als sie erfährt,
382 1921 1346 1966 daß ihr Geliebter im Duell um eine Andere gefallen
944 1955 1358 2007 it, in dem unser vor¬
388 1949 912 2009 ist. Das war auch der Mom
974 1993 1353 2047 derr Oberspielleiter
393 2003 937 2055 trefflicher Charakterdarsteller
952 2031 1352 2090 ndsten Lichte zeigen
380 2039 930 2084 Nasch sein Können im glän,
388 2068 1346 2135 konnte. Rührend war es, wie dieser unglückliche
392 2108 1352 2168 Vater erkennen muß, daß ihm das Herz seines
387 2166 1113 2211 Kindes, sein Kind selbst verloren geht.
483 2185 1352 2236 Herr Riedl gab den Theodor Kaiser, den Freund
390 2218 1361 2277 des jungen Lobmeier. Auch er fand im dritten
377 2277 1361 2320 Akte bei der großen Szene, als er dem unglücklichen
392 2308 1357 2370 Mädchen den Tod des Freundes zu verkünden hat,
390 2348 1353 2399 Gelegenheit, sein reiches vielseitiges Talent zu be¬
379 2389 1361 2464 weisen. Diese Szene war unvergleichlich schön und
376 2429 603 2492 ergreifend.
494 2441 1361 2524 Noch zwei vortreffliche Rollen besitzt das Stück:
391 2494 1364 2562 Jene der leichtsinnigen, aber doch gemütvollen Mizzi
397 2546 1360 2607 Schlager, die das Leben von der leichten Seite
390 2570 1357 2640 nimmt, und die des gleichfalls lebenslustigen und
394 2622 1354 2668 lebenshungrigen Fritz Lobmeier. Frl. Han und Herr
390 2662 1359 2720 Mahr boten in diesen Rollen so Vorzügliches, daß
383 2700 1354 2754 nur eine Stimme des Lobes herrschte. Herr Schneider
395 2752 1368 2805 spielte die kleine Rolle des „Herrn“ gleichfalls vor¬
391 2781 1374 2846 trefflich. Auch Frl. Frolda (Frau Binder) und die
394 2831 1070 2889 kleine Kramer seien nicht vergessen.
490 2847 1360 2911 Die Regie führte Herr Oberspielleiter Nasch mit
396 2906 1357 2959 gewohnter Meisterschaft. Es gab reichen Beifall und
401 2937 1410 3006 schöne Blumenspenden. Es war ein sehr-Chuner und,
389 2984 786 3063 genußreicher Abend.
1734 260 2166 351 Ausschnitt aus:
2034 335 2724 455 Salzkammergit-Zoitung
1724 366 1888 435 vom:
2108 394 2525 477 #Rtmnunden
1896 528 2879 671 Theater und Kunst.
2004 676 2805 765 Saisontheater in Gmunden.
1732 751 3129 831 Auf Ibsens John Gabriel Borkmann“, „Hasemanns Töchter“ von
1644 784 3118 872 L Arronge, hierauf Morrés „'s Nullerl“ und zum Dessert Schnitzlers „Lie¬
1629 830 3117 910 bekei“ ein abwechslungsreicheres Menü wird wohl felten noch zusammen¬
1637 868 3120 946 gestellt worden ssein] Wir müssen uns angesichts dieser Fülle der Genüsse
1638 913 3114 991 auf das Dessert beschränken, zumal dieses nicht gerade sehr leicht verdaulich
1634 951 2296 1003 ist. Der Wiener Artur Schni
2457 970 3126 1024 t in den neunziger Jahren ein
1630 972 3113 1044 Stück geschrieben, das  Dramatiker begründete. Das
1635 1039 3105 1104 Töchterchen eines Theatermusikers hat eine Liebelei mit einem Hochschüler
1631 1064 3102 1142 aus seinem Hause, dem das Studieren Nebensache und das Lieben die
1638 1114 3111 1174 Hauptsache ist. Das Mädchen, ein bisher unverdorbenes Kind, faßt aber
1629 1142 3123 1235 eine wirkliche Herzensneigung zu dem im Grunde blasierten Jüngling,
1635 1184 3096 1257 dem sie doch nur Zeitvertreib und Spielzeug und sonst weiter nichts ist.
1629 1225 3115 1295 Sie muß es erleben, daß ihr Herzallerliebster von einem erzürnten Gatten,
1633 1275 3118 1345 mit dessen Frau der liebebedürftige Jüngling sich gleichfalls eingelassen
1624 1309 3112 1374 Hatte, im Duell niedergeknallt wird. Damit schließt das Stück. Es zeigt die
1650 1345 3113 1413 Dekadenz gewisser moderner Kreise, spricht aber noch viel lauter von der
1644 1389 3114 1454 Dekadenz unserer Wiener Literatur. Der Behandlung derartiger Probleme,
1625 1421 3100 1490 die ihre Wirkung doch nur im Pikanten suchen, hat unsere Bühnenliteratur
1622 1467 3104 1534 den heutigen Tiesstand zu verdanken. Mehr Worte darüber zu verlieren
1633 1510 3116 1576 ist wohl nicht nötig. Eine unbefriedigte, quälende Stimmung und die be¬
1622 1545 3150 1611 rechtigte Frage: „Wozu das Ganze?“ waren das Endresultat der Auffüh=t
1624 1578 3152 1635 rung dieses Schauspieles. Die Darsteller waren noch einmal mit ganzemst
1624 1619 3105 1692 Eiser bei der Sache. Frl. Lilard verstand infolge ihres nicht alltäglichen
1626 1659 3098 1733 Talentes in ihrem Studentenlieb eine Gestalt ergreifender Tragik zu schaf¬
1624 1702 3102 1770 fen und kam durch ihre Darstellung dem Dichter sehr zu Hilfe, Frl. Pistor
1610 1746 3102 1789 verklärte durch ihren Liebreiz die Rolle des Backsisches mit den leichten
1622 1775 3094 1850 Sitten, Herr Rolden und Herr Walter entledigten sich ebenfalls ihrer
1610 1826 3091 1890 Aufgabe mit größtem Geschick, Herr Hübner verkörperte den alten Te¬
1608 1854 3098 1932 atermusiker und Vater in wirkungsvollster und rührender Weise, fürz,
1616 1900 3110 1968 die Vorzüge unseres Ensembles kamen auch bei dieser Schlußvorsteltung
1618 1943 2463 2014 noch einmal voll und ganz zur Geltung.
2838 1945 3047 2031 Dreh.
2096 2434 2634 2512 (Quellenangabe ehne Oewähr.)
1874 2506 2227 2589 Ausschnitt
2296 2492 2891 2632 Fisbader Tagsidt.
1884 2513 2294 2677 von. 9
1814 2754 2905 2841 )( Stadttheater. Dienstag, den 28. November:
1693 2834 2893 2896 „Zibelei“, Schauspiel in 3 Akten von Arthur Schnitzler. —
1711 2865 2895 2946 In „Viebelei“ läßt uns Schnitzler einen Blick in vie ergeerfend.
1697 2912 2906 2979 Tragik des Lebens tun, indem er so erschätternd ein Menschen¬
1707 2972 2895 3038 schicksal entrollt, daß dieses Schauspiel seine Wirkung auf das
1702 3018 2897 3091 Publikum nie verfehlen wird, wie auch dieser Theaterabend
1704 3060 2908 3129 wieder gezeigt hat. Die um ihre Liebe betrogene arme kleine
1704 3127 2920 3186 Christine fand in Fräulein Weinberger eine Vertreterin, welche
1715 3160 2915 3249 den Anforderungen dieser Rolle vollends gewachsen war: zuerst
1706 3204 2909 3296 ganz das auschmiegende süße Wiener Mädel, dann voll echtester
1712 3256 2914 3335 und ergreifendster Verzweiflung in ihrem Schmerze. Fräulein
1706 3309 2908 3387 Telona traf treffend den leichten Ton der Mizzi, und ebenso
1717 3356 2911 3442 Fräulein Schwarz den der boshaften Nachbarin. Die beiden
1719 3406 2908 3491 „jungen Leute“ hatten in den Herren Storm und Olben an¬
1708 3454 2910 3552 gemessene Darsteller, und auch Herr Preiß als zärtlicher Vater
1714 3500 2914 3599 wurde seiner Aufgabe auf das beste gerecht. Gleicherweise
1714 3544 2917 3621 machte auch Herr Walluch seine Sache in seiner kleinen Rolle
1714 3596 2934 3673 recht gut. — Das gut besuchte Haus folgte der Vorstellung
1716 3645 2918 3731 mit lebhaftem Interesse und spendete den Darstellern bei dep
1725 3706 2540 3790 Aktschlüßen wohlverdienten veichen Reifall
