3532 4256
1001 163 1431 255 box 12/6
464 172 839 245 Liebelei
291 179 853 281 5. Annennnnn
782 460 1298 536 (Quellenangabe ohne Oewähr.)
549 505 1480 612 Ausschnittf##e Mitlags-Zeitung.
783 602 1067 702 :7.5EP 1915
562 645 729 719 vom:
1445 682 1537 742 10.
446 689 1567 797 (Deutsches Volkstheater.) „Liebelei" und „Komtesse
336 737 1575 843 Mizzi“. Neueinstudierung. Gerechtigkeit erfordert, dem Ausdruck
334 786 1563 877 des Mißvergnügens, vorauszuschicken, daß das Werk Schnitzlers,
336 854 1568 915 in Jahren ansteigender Entwicklung hingebreitet, andere Be¬
335 876 1565 973 ziehungen zur Gegenwart hat., Diesmal wars ein melancholisches
338 939 1564 1014 Erkennen der Distanzen, In der „Liebelei“ färbt noch Dichter¬
333 971 1555 1055 tum den Dialog. Schöne menschliche Akkorde, Klugheit und Fein¬
330 1018 1568 1086 heit der Raison bestechen. Doch mehr nun denn je erscheint diese
339 1061 1559 1142 Tragik künstlich und ihre Spruchweisheit, einst die Philosophie
328 1109 1564 1184 der elegischen „Jeunesse dorée“, gleichgültig, weil aus Unwahr¬
334 1148 1551 1233 scheinlichem und Ueberschwänglichem hergeleitet. „Komtesse Mizzi“
331 1193 1556 1279 aber ist ärgerlich. Ein Witz, der die äußerliche Ironie des gerne
324 1238 1560 1321 belächelten hocharistokratischen Milieus borgen muß, um nicht
325 1271 1562 1360 dabei ertappt zu werden, wie frivol er um der Frivolität willen
331 1331 1560 1405 ist. Witz gewiß, und kein übler. Aber keiner, der der lächelnden
320 1370 1568 1450 Schwermut des „Einsamen Weges“, nicht einmal der anspruchs¬
319 1420 1561 1492 losen Anmut des „Anatol“ würdig wäre. Daß dazwischen wirklich
323 1462 1553 1535 Geist und Gefühl walten, verdirbt das glänzende Entrefilet fast,
326 1495 1545 1573 das sonst Dutzende von Librettisten mit gleichem Schmiß hin¬
316 1562 1552 1624 gehaut hätten. In der Aufführung Fräulein Waldow als
331 1590 1553 1662 Schlager=Mizzi wie als Komtesse an der Tete. Ihre spitze Munter¬
317 1643 1556 1712 keit, ihre gewandten Improvisationen voll zeichnerischer Echtheit
312 1689 1550 1745 und Laune, ihre köstlich säuerliche Zierlichkeit. Alles stets eine
324 1718 1547 1789 virtuose Einheit von Grazie und Groteske. Dann Edthofers
314 1758 1544 1833 Fürstensohn. Karikatur, aber mit versöhnendem Humor gearbeitet.
310 1813 1553 1881 Die meisten Mitwirkenden tragen in ihren Rollen die durchschnitt¬
319 1850 1536 1925 lichen Etiketten ihrer Marke; sie ziehen sich sozusagen selbst auf.
317 1890 1552 1982 Herrn Kutscheras gemütvolle und zärtliche Mühe um die
315 1947 1550 2013 unglücklichste Figur des Süßen Mädel=Dramas fand schon mehr¬
315 1990 1535 2055 mals Würdigung. Herr Huber, dessen Begabung sichtlich reift,
314 2020 1541 2087 hatte sowohl überraschend seriöse wie burschikose und drollige
318 2071 1544 2160 Momente. In seiner Haltung und Stimme ist oft die gute Plötz¬
316 2119 1067 2182 lichkeit des unbewußten freien Spiels.
1357 2130 1509 2208 L. U.
393 2226 1349 2339 Ausschnitt aus: Deutsches Tagblatt
912 2309 1393 2418 Hische Rundschan
402 2333 550 2410 vom:
728 2336 1004 2427 81I
968 2393 1147 2483 Wien
958 2471 1401 2557 Wien, 6. September.
458 2548 1445 2606 Deutsches Volkstheater. In einigen Rollen
344 2589 1434 2655 „neubesetzt erschienen Sonnabend Artur Schnitzlers
359 2631 1463 2681 Schauspiel „Libelei“ und seine Komöde „Komtes##e#
362 2681 1438 2731 Mizzi“ wieder im Spielplan des Deutschen Volks¬
351 2722 1431 2783 theaters. Erika v. Wagner als empfindsame Christine
351 2762 1440 2812 lvoll schlichter Innigkeit und Herr Huber als Theodor
353 2808 1430 2868 Kaiser, an dem das Beste die glaubhafte Jugend ist,
353 2853 1424 2905 fügten sich zwanglos in das lebendige Zusammenspiel, das
358 2906 1422 2959 nach wie vor vom Musikus Weiring des Herrn
363 2941 1427 3015 Kutschera, vom Fritz Lobheimer des Herrn Edt¬
928 3003 1168 3055 nsrag
342 3096 1403 3148 hofer und von der Mizzi Schlager des Fräulein
331 3133 1405 3192 Waldow den Schein wienerischer Echtheit empfängt.
346 3188 1411 3231 Durch den Abgang Willy Thallers hat sich in der satiri¬
342 3225 1407 3291 schen Komödie „Komtesse Mizzi“ die Notwendigkeit er¬
332 3270 1416 3320 geben, die Rolle des Grafen Herrn Lackner zuzu¬
335 3309 1402 3362 teilen. Er fand sich nicht übel mit der neuen Aufgabe ab.
334 3358 1414 3420 Dennoch bedauerte man, daß er durch die Standes¬
345 3401 1409 3451 erhöhung um eine seiner köstlichsten Darbietungen ge¬
348 3458 1418 3499 kommen ist: um den verliebten Fiaker, den jetzt Herr
349 3490 1417 3555 Huber spielt. Die Herren Kramer und Edthofer,
351 3524 1412 3580 sowie Frau Glöckner und Fräulein Waldow sind
344 3569 1407 3643 im Besitze ihrer alten Rollen geblieben und machten sich
339 3620 1417 3675 über die innere Verschlagenheit des von ihnen dar¬
353 3660 1426 3723 gestellten Gesellschaftskreises mit der gleichen ironischen
344 3710 1420 3764 Lässigkeit lustig, die von den Verehrern Schnitzlers schon
355 3744 1416 3808 bei der Erstaufführung dieses Einakters genügend be¬
347 3787 1426 3848 wundert und mit schier boshaftem Behagen an der Herab¬
353 3827 1426 3897 setzung des Hochadels geschlürft wurde. In diesen harten
351 3896 1421 3939 Zeiten, wo es um Höheres geht, als um geistreich aus¬
356 3920 1423 3988 geheckte Folgen flüchtiger Liebschaften von vornehmen
361 3948 1423 4028 Müßiggängern, schien sich die Zuhörerschaft des Deutschen
362 4006 1430 4082 Volkstheaters ihres früheren Behagens doch ein wenig zu
370 4059 600 4131 schämen.;
2246 1468 2575 1560 teuchcnangast
1934 1552 2402 1639 Ausschnitt aus:
2460 1568 3090 1665 Wiener Bilder
1939 1635 2436 1758 vom: L#6515
2061 1718 2867 1830 Wiener Theakerbilder.
1987 1809 3002 1882 Deutsches Volkstheater. „Liebelei“ hat Artur
1917 1867 3000 1930 Schnitzlers Popularität begründet. Es ist sein volks¬
1919 1905 3008 1987 tümlichstes Stück geworden und gebliehen, weil es ein
1923 1952 3006 2026 Stück Wiener Leben ist und — man mag so viel Moral
1906 2003 3012 2067 man will dagegen aufbieten — Leben bleiben wird, so
1918 2054 3010 2117 lange eben Menschen jung und leichtlebig sind. Das
1903 2124 3039 2163 Wiener Sittenbild fand eine gerundete Aufführung. =
1936 2172 3023 2254 Alle Mitwirkenden sanden den richtigen Ton, der die
1935 2219 3020 2291 Anteilnahme mitvibrieren läßt: Frau Bagner (Chri¬
1936 2272 3020 2342 stine) den der ergreifenden Innigkeit, ebenso wie Herr
1935 2319 3016 2398 Kutschera den der begreiflichen Herzensqual. Natur¬
1936 2357 3024 2450 wahr wie immer war Herr Edthofer als Fritz; er
1938 2412 3027 2482 hatte in Fräulein Waldow als Mitzi ein schauspie¬
1940 2465 3030 2534 lerisch wertvolles Pendant. Nicht unerwähnt soll die
1948 2526 3023 2584 sympathische Jugendfrische des Herrn Huber als
1934 2564 3028 2631 Theodor bleiben. — In der darauffolgenden Komödie
1951 2617 3020 2691 ebenfalls der Liebelei „Mitzi“ kamen wieder die Herren
1946 2653 3026 2731 Kramer, Edthofer und Huber, zu denen sich
1945 2706 3018 2782 noch Herr Lackner gesellte, sowie die Damen Glöck¬
1948 2741 3030 2838 ner und Waldow zur vollen Geltung durch die
1951 2811 3019 2881 lebendige Charakterisierung der von ihnen dargestellten
1939 2875 2145 2933 Figuren.
