3484 4224
2303 31 3270 96 Genn. Hatatelmeiner, Sr. Miskard Straust Ventin).
1301 44 2288 107 in einzelnen von Gefühl und Leidenschaft zitternden
2308 85 3276 142 Die musikalische Leitung der Mozart=Festspiele liegt
1301 99 2279 155 Ausrufen sucht und findet, in jenen Geberden, welche
2303 134 3278 186 in den Händen der Herren Generalmusikdirektor
1304 135 2290 193 scheinbar die trivialen Gewohnheiten und Willkürlich¬
2308 181 3281 242 Mottl und Kgl. Hofkapellmeister Röhr. Programme
1303 193 2283 265 keiten des Körpers, in Wirklichkeit aber die knappsten
2301 228 3287 293 und Besetzungspläne sind durch die Generalagentur
1294 225 2284 284 und konzentriertesten Ausdruckformen seelischer Be¬
2298 274 3278 337 Reisebureau Schenker & Ko., München, Promenade¬
1295 281 2291 353 wegungen sind. Weit mehr als durch die pathetische
2304 329 3289 405 platz 16, zu beziehen, wohin auch die Billettbestel¬
1296 326 2297 408 Kunst einer Klara Ziegler werden wir durch die ein¬
2307 377 2757 460 lungen zu richten sind.
1307 373 2298 442 fache naturwahre Kunst einer Else Lehmann oder
1301 427 2297 507 Karoline Medelsky ergriffen. Sie entspricht in
1310 463 2298 544 hohem Grade jenem Goethe'schen Ideale der An¬
1307 529 2297 590 schaulichkeit. Die Medelsky fügt ganz unauffällig
2490 500 3136 604 Theater-Spielpläne.
1311 577 2300 638 einen die darstellende Person und die Situation
2527 596 3050 679 Teplitzer Stadttheater.
1301 623 2299 701 scharakterisierenden Zug an den anderen, dabei zieht
2613 650 2968 727 (Anfang 7 Uhr.)
1316 677 2304 749 sie uns durch die Echtheit und Ergriffenheit, mit der
1305 719 2308 792 sie gestaltet, unwiderstehlich in den Bannkreis ihrer
2303 701 3296 802 Mittwoch den 11. d.: 1. Gastspiel der kleinen
1313 769 2308 845 Seele. wir lieben und trauern, hangen und sehnen
2383 772 3291 867 Tänzerin Rudi Friese. Dazu: „Unter 4 Au¬
1309 805 2307 887 uns mit ihr. Diese ganz unsagbare schlichte und
2387 842 2750 921 gen.“ „In Zivil.“
1319 867 2302 935 sympathische Schauspielerin beherrscht mittels einer
2311 876 3296 986 Donnerstag den 12. d.: Letztes Gastspiel Rudi
1312 909 2303 987 leisen Handbewegung oder eines Blicks ihrer Augen
2398 959 3044 1047 Friese. Dazu: „Wien bei Nacht.“
1304 967 2310 1044 die Situation, deren seelischen Inhalt sie restlos aus¬
1319 1018 2302 1092 schöpft. Wenn sie voll banger schmerzensvoller in¬
2315 1015 2988 1100 Freitag den 13. d.: Geschlossen.
1313 1068 2301 1125 niger Liebe den Geliebten anblickt, ihn mit ihren
2322 1077 3292 1164 Samstag den 14. d.: „Im bunten Rock.“ (Gast¬
1311 1115 2297 1178 Blicken begleitet, umschmeichelt, durchforscht, wenn sie
2401 1145 3296 1233 spiel Josefine Glöckner — Leopold Kramer vom
1312 1165 2298 1226 mit linkischer Ausgelassenheit und halb hausmütter¬
2390 1197 3043 1289 Deutschen Volkstheater in Wien.
1316 1209 2312 1276 licher, halb verliebter Geschäftigkeit bei den Vorbe¬
1310 1268 2315 1330 reitungen und Veranstaltungen des Junggesellen¬
2323 1248 3309 1348 Sonntag den 15. d.: „Drei Eklebnisse eines
1320 1301 2306 1385 abends mithilft, wenn sie in ihrer nicht durch die
2411 1322 3299 1412 englischen Detektivs". (Letztes, Gastspiel Glöck¬
1311 1377 2311 1432 Dirnenmanieren einer Schlager=Mizzi geglätteten
2411 1385 2759 1452 ner — Kramer.)
1328 1407 2314 1471 stoßweisen Art lacht, wenn sie in scheuer Inbrunst
2429 1432 2574 1522 1
1309 1456 2305 1528 einen Kuß auf des Geliebten Bild drückt, wenn sie
1319 1478 2389 1572 bei dem klavierspielenden Freunde steht und die Hal¬
1311 1556 2314 1640 tung des Körpers den Wechsel der Stimmung im
1322 1597 2310 1668 Spiele mitmacht, dabei die innige Teilnahme für
1324 1653 2315 1729 die Kunst und die Lannen des Geliebten ausdrückend,
1317 1703 2308 1761 wenn sie in jungfräulicher Verlegenheit und über¬
1325 1745 2313 1816 flutender Zärtlichkeit sich dem Glück des Augenblickes
1324 1789 2322 1867 hingibt, wenn sie endlich von Jammer und innerer
1319 1848 2317 1916 Verzweiflung durchbebt und zerstört wird, wenn sie
1321 1896 2325 1974 den Schmerz der Todeswunde, die ihre zarte Seele
1330 1956 2320 2020 verletzte, herausschreit, dann ist die Medelsky im
1334 1998 2320 2071 höchsten, im denkbar höchsten Grade erschütternd und
1334 2046 2327 2126 im höchsten, im denkbar höchsten Grade einfach wahr
1327 2102 2316 2179 und echt. Wir beugen uns in Demut und Ver¬
1327 2140 2318 2227 ehrung vor dieser großen Kunst lanterer Wahrheit
1328 2203 2326 2266 und Innigkeit, die ihr großes Können nur eigener
1332 2251 2319 2318 Ergriffenheit, ihre künstlerische Höhe nur mensch¬
1326 2295 2322 2379 licher Tiefe verdanken kann. Herr Frank zeichnete
1331 2343 2312 2411 geschickt die Zerfahrenheit und posierte Stimmungs¬
1337 2398 2317 2462 duselei des Fritz, er vermochte es aber nicht, die
298 2239 1212 2499 # Theater und Musik.
1333 2430 2328 2502 Fülle an guter Beobachtung, die in diesem koketten
1326 2498 2319 2554 Melancholiker steckt, zu voller Wiedergabe zu bringen.
402 2484 1313 2573 [„Liebelei.“ Von Arthur Schnitzler.] (Gast¬
1337 2549 2319 2599 Sehr gut war Herr Huttig als Theodor, fesch,
327 2560 1315 2631 spiel Medelsky— Frank.) Seitdem namhafte
1329 2589 2327 2657 fahrig und gewandt im ersten Akte, voll Haltung, aus
310 2612 1313 2674 Kunstkritiker als das Ausgezeichnete an der Kunst
1324 2638 2325 2699 der doch Herzensrohheit in bestimmten Andeutungen
326 2667 1319 2725 Goethes deren Anschaulichkeit gepriesen hoben, haben
1327 2689 2315 2751 hervortrat, im letzten Akte. Auch seine Partnerin
320 2711 1313 2768 wir uns gewöhnt, bei der Beutteilung künstlerischer
1337 2740 2327 2809 Frl. Kern ist in der Rolle der Mizzi Schlager, die
320 2756 1320 2814 Kräfte uns nach deren Fähigkeit zu fragen, Erschei¬
1340 2762 2328 2852 sich allerdings fast von selbst spielt, zu loben. Sie
325 2805 1311 2875 nungen des Lebens anschaulich wiederzugeben. Wir
1329 2823 2320 2915 war degagiert und hatte den Humor der Rolle gut
319 2865 1309 2921 verlangen nicht mehr, daß ie Bedeutung einer Si¬
1335 2882 2318 2944 erfaßt. Ein ernstes Streben nach Einfachheit zeigt
315 2917 1316 2975 tuation, die Qualen und Freuden einer Seele, die
1342 2933 2325 2998 der Darsteller des alten Musikers Herr Lenhart.
329 2957 1315 3019 tragische Entwicklung eines alltäglichen Vorkomm¬
1340 2981 2332 3048 Herr Großmann gab der Szene des beleidigten;
328 3006 1314 3072 nisses in pathetischer, großzügiger Weise den Aus¬
1334 3027 2330 3095 Ehemanns die nötige Wucht und Unheimlichkeit. Es
317 3053 1328 3115 drucksformen des wirklichen Lebens entzogen und in
1340 3076 2323 3156 war ein fast ungetrübter Abend, an dem mit ihrer
321 3100 1327 3171 einer Art gestaltet werden, welche das Bedeutende
1335 3128 2328 3213 grandiosen Kunst zwei Wiener Triumphe feierten:
325 3154 1331 3220 noch bedeutsam unterstreicht und dem Erdfarbenen
2105 3177 2296 3252 Dr. P.
1338 3174 1813 3260 Schnitzler und Medelsky.
316 3211 1314 3265 und Schlichten den Purpurglanz dichterischen Schwun¬
321 3246 1329 3319 ges gibt. Wir sind dankbar, wenn der Dichter uns
322 3289 1325 3364 die erschütternde Poesie des Alltags unübertrieben
1413 3334 2334 3409 [Richard Wagner= und Mozart¬
330 3336 1328 3417 und mit jener schlichten Eindringlichkeit darstellt, aus
1337 3386 2325 3448 Festspiele München 1906.] Die genauen
328 3403 1321 3460 deren gesammelter Kraft mehr seelisches Pathos und
1327 3439 2322 3507 Besetzungspläne der Münchener Richard Wagner¬
330 3434 1330 3525 mehr leidenschaftliche Bewegung hervorquillt, als
1331 3487 2334 3559 und Mozart=Festspiele, die bekanntlich in der Zeit
321 3500 1319 3560 aus der im wechselnden Faltenwurf der Rede prächtig
1339 3535 2321 3608 vom 2. August bis 7. September stattfinden, sind
318 3548 1316 3608 ausgestalteten und effektvoll komponierten Dichtung.
1334 3586 2324 3648 nunmehr in Druck erschienen. Außer dem gesamten
319 3587 1319 3655 Mit dem neuen Ideale der Dichtkunst gewannen wir
1337 3633 2325 3711 Personal der Münchener Hofbühnen wirken bei den
335 3647 1330 3708 das neue Ideal der Schauspielkunst. Bildete der
1343 3673 2326 3742 Festspielen an auswärtigen Künstlern mit: Die
327 3690 1320 3756 edle wohllautende schöngegliederte Vortrag und die
1326 3723 2331 3801 Damen: David (Köln), Delsarta (Dessau), Farrar
321 3739 1329 3801 fortreißende Darstellung der Leidenschaften, die bei
1352 3782 2328 3840 (Berlin), Höfer (Schwerin), Plaichinger (Berlin),
330 3787 1321 3859 aller Ausdrucksfülle doch bestrebt war, etwas Anderes
1335 3830 2332 3900 Schumann=Heink (New=York), Ternina (New=York).
323 3836 1331 3908 und Höheres zu zeigen als die Wirklichkeit, bildeten
326 3875 2351 3960 eine Klara Ziegler und Charlotte Wolter das! Die Herren: Briesemeister (Berlin), Burrian (Dres¬
326 3945 2306 4012 Ideal unserer Väter, so werden wir im Tiefsten er= den), Forchhammer (Frankfurt), Gura (Schwerin
