3436 4256
284 179 696 257 Liebelei
145 194 843 306 P
1192 179 1249 256 7
844 175 1219 273 box 13).
859 975 2092 1056 in seiner Auffassung von Jugend, Glück und Liebe!
850 1031 2069 1102 Man spürte, ein Mann mit solchen Gedanken und sol¬
856 1093 2083 1157 chem Herzen . .. braucht seiner Tochter nichts zu
854 1118 2083 1203 „verzeihen“ Herr Liebesny gab den leichtblütigen
855 1182 2066 1257 Theodor, den braven Freund und schlechten Menschen¬
863 1217 2073 1307 kenner recht gut. Sehr gut traf auch Frau Manjoung
859 1283 2066 1338 die hinterhältige „Bezirkstratschen“, Katharine Binder.
851 1333 2082 1395 Nur Herr Starkmann als „Herr“ konnte uns nicht
859 1379 2073 1448 befriedigen. Bei seinem Auftreten soll förmlich der Atem
858 1418 2082 1497 stocken .. blitzartig soll sich der Zuschauer die Angst
855 1480 2082 1531 bemächtigen .. jetzt spricht das Schicksal! Herr
857 1512 2069 1587 Starkmann war allzuschwächlich, obzwar er über einen
848 1574 2066 1639 genügenden Vorrat von Pathetik verfügt. Gerade hier,
860 1627 2073 1691 mit finsterem, entschlossenen tragischen Klang ist sie
856 1674 2060 1736 angebracht. Auch seine Maske war unerträglich banal!
924 1725 2077 1780 Etwas störend wirkte das zu auffällige Getändel
860 1773 2063 1831 des Herrn Liebesny und Frl. Wild während des ersten
858 1803 2069 1880 Dialoges von Fritz und Christine im 1. Akt. Die
858 1872 2077 1926 Aufführung muß im Ganzen gelobt werden! Lange ist
857 1922 2058 1977 dieses herrlich-einfache Stück den Ostrauern vorent¬
857 1961 2068 2016 halten worden .. und nun sollen sie es mit vertieftem
855 2014 2073 2075 Sinn auf sich wirken lassen. Es kann keinen Menschen
847 2069 2067 2127 geben, der nicht in tiefster Bewegung bei „Liebelei“
849 2105 2070 2184 das Theater verläßt. Vieler Beifall lohnte die Dar¬
850 2159 2065 2214 steller und Regie. Frl. Wernay und Frl. Wild er¬
852 2208 2071 2275 hielten prächtige Blumengeschenke. — Schon zur Läu¬
855 2265 2070 2328 terung des Geschmackes würden wir das Stück auch
859 2317 2070 2386 gerne an einem Sonntag-Abend aufgeführt sehen. Un¬
851 2361 2067 2422 seren Lesern wird aber empfehlen, die Einführungen zu
852 2410 2073 2462 „Liebelei“ von Salkind (Nr. 15) und K. H. Strobel in
854 2464 1942 2534 der heutigen Nummer auf sich wirken zu lassen,
1860 2485 2107 2576 S. Reis.
854 2598 2077 2684 OSTRAUER THEATER- U. KUNST-NACHRICHTEN.
1151 2669 2069 2732 Das Teschener Theater wurde vom Oktober 1910
886 2697 1121 2764 Theater.
1145 2707 2075 2786 auf die Dauer von 3 Jahren dem Theaterdirektor
1145 2758 1701 2828 Gärtner (Iglau) verpachtet.
963 2847 1967 2932 Orößte Kiarierhandlungen und Lohanstalten von
788 2909 2150 3012 Ig. & Jos. Goldmann Mährisch-Ostrau,
1100 2982 1859 3031 Kircheng. 16. & Bielitz. Töpferplatz.
680 3017 2233 3068 Ständiges Lager von 60—70 neuen Klavieren u. Pianinos erster Güte. Verkaufsbedin¬
671 3074 2238 3107 gungen mit kleiner Anzahlung u. sehr bequemen Ratenzahlungen. Ausschließliche
675 3107 2238 3164 Vertreter u. Niederlage der k. k. Hof-Klavierfabriken Ehrbar, Petrof, Proksch-Förster
683 3147 2229 3196 u. anderer Mehrere, sowie Hupfelds-Phonola. Langjährige Mieter werden Eigentümer
1303 3186 1620 3240 der Instrumente.
1730 3258 2226 3337 Vollständige □ □ □
675 3252 1724 3355 Musikalien u. PROKISCH’s
1732 3314 2278 3437 Retlam -Bibliothek¬
663 3331 1720 3439 : Textbücher: Buchhandlung
663 3422 2246 3508 liefert prompt die □ M.-Ostrau, Ringpl. 17. □ □•□ auf Lager.
