3484 4224
420 172 708 253 iebele
226 164 1340 292 5. 1 box 11/1
709 1244 1540 1351 Dr. Max Goldschmidt
899 1352 1275 1432 ## Bureau für
864 1420 1379 1505 Zeitungsaueschnitte
618 1479 1621 1564 verbunden mit direktem Nachrichtendienst durch
858 1536 1383 1606 eigene Korrespondenten.
1152 1586 1556 1665 Telephon: II, 3051
666 1599 1028 1677 Berlin N. 24.
897 1635 1632 1701 —
886 1713 1363 1794 Ausschnitt aus
817 1896 1612 1997 Berliner Neueste Nachrichtes
1141 2047 1455 2142 30.10.53
619 2148 1723 2214 Im Schillertheater N. kam gestern abend Arthur
496 2189 1724 2253 Ichnitzler mit seinem bekannten wirkungsvollen Schauspiel
785 2239 1715 2303 sand die beifälligste Aufnahme, wie
497 2261 1717 2346 sie desk liebenswürdige und formengewandte Autor verdient.
500 2324 1720 2394 Ohne sich in tiefgründige Probleme zu verlieren, gibt er ein
490 2364 1711 2414 Stück wirklichen Lebens und echtester Stimmung. Schade, daß
485 2399 1713 2460 das Schillortheater dieser Stimmung diesesmal so viel schuldig
618 2448 1720 2503 Den beiden jungen Lebemännern, von Georg
481 2447 619 2505 blieb.
479 2484 1706 2525 [Paeschke und Bernhard Herrmann dargestellt, fehlte
473 2524 1712 2567 les sehr an Haltung, und während letzterer einen gewissen burschi¬
478 2556 1716 2632 kosen Ton noch ganz glücklich traf, ließ ersterer nach der Seite des
489 2608 1713 2663 Gefühls fast alles zu wünschen übrig. Die beiden „süßen
493 2642 1722 2695 Mägel“ wurden von Else Wasa und Elisabeth Guß¬
497 2686 1718 2733 mann lebendig verkörpert. Die erstere, im Anfang etwas
1633 2724 1721 2780 an
691 2723 1567 2770 wuchs mit der Tragik ihrer Rolle
498 2727 672 2784 sarblos,
1575 2758 1726 2830 Mizi
1010 2759 1113 2816 der
813 2760 997 2814 Wärme
1154 2757 1565 2825 Empfindung. Die
506 2766 814 2817 Große und
502 2803 1721 2865 Schlager Elisabeth Gußmanns war ein echtes, leichtes,
900 2842 1716 2891 Die dem Schauspiel folgende geistvolle
504 2837 901 2900 liebes Wiener Blut.
500 2879 1724 2930 Planderei „Literatur“ welche jene Schriftsteller so lustig vor¬
505 2912 1726 2971 nimmt, welche es nicht für einen Raub halten, ihre intimsten
502 2963 1726 3009 Erlebnisse auf literarischem Wege industriell zu verwerten, gab
502 3000 1733 3046 dieser begabten jungen Schauspielerin Gelegenheit, sich in einer
504 3042 1731 3096 Salonrolse zu bewähren. Einige Unfeinheiten abgerechnet, wurde
506 3076 1716 3120 sie ihrer Aufgabe vollkommen gerecht. Die beiden männlichen
486 3126 1746 3181 Rollen waren bei Bernhard Herrmann und Erich,
1509 3148 1696 3205 W. M.
497 3152 1193 3208 Ziegel ausgezeichnet aufgehoben.
2098 252 2466 331 Berlin N. 24.
2111 287 2919 380 —
2338 288 2789 455 Auschuif Wöd
2236 535 2885 633 Berliner Bürsen-Courier
2488 834 2799 928 30. 10.03
2052 913 3052 993 Für das „Schiller=Theater N.“ war der fesirige
1988 966 3042 1013 Arthur Schnitzler=Abend ein sehr glücklicher. Er
1990 1008 3047 1071 brachte an zwei Werken des Wiener Autors wieder
1998 1044 3036 1103 den Beweis defür, daß von der vornehmen Volks¬
1990 1091 3053 1148 bühne gelegentliche minder gute Aufführungen schnell
1993 1123 3040 1188 durch Fleiß und ernstes Streben wettgemacht werden.
2002 1175 3041 1234 und daß das „Schiller=Tyeater“ nach wie vor seinem
1990 1212 3035 1285 Grundsatz treu bleibt, für geringes Geld möglichst
1998 1258 2489 1306 Vollwerthiges zu bieten.
2058 1277 3046 1346 Den Abend eröffnete das dreiactige Schauspiel
1992 1346 3045 1393 „Liebelei“ mit dem Schnitzler als Dramatiker
1993 1356 3045 1433 debütirte. Die einfache, heiter einsetzende und in weh¬
1993 1412 3053 1474 müthig: Accorde ausklingende Herzensgeschichte, dieses
1998 1455 3058 1530 fast bauale Thema, aus dem die Kraf; des
2001 1488 3060 1559 Dichters ein echtes Kunstwerk zu machen verstand, ve¬
1990 1543 3041 1591 gegnete bei den Zuschauern um so regerer Antheilnahme,
1993 1585 3040 1640 als die Darstellung sich liebevoll in ihre Aufgaben
2002 1622 3051 1677 vertieft hatte und Alles aufbot, um dem erfolgreichen
1998 1666 3038 1699 Stücke auch hier zu einem Erfolge zu verhelfen. Be¬
1997 1691 3036 1761 sonderes und uneingeschränktes Lob gebührt Fräulein
1989 1737 3048 1803 Wasa für ihre Wiedergabe der Christine, die echt
2000 1786 3033 1840 mädchenhaft=schlicht und von rührender Weichheit und
1998 1815 3033 1875 Hingabe war, im Schlußacte aber zu erschütternder
1991 1869 3030 1920 Tragik emporwichs. Herr Paeschke ließ als Fritz
1988 1906 3040 1952 von vornherein sein düsteres Schicksal allzusehr ahnen,
1987 1947 3036 2004 er bereitete mehr darauf vor, als angebracht war.
1995 1983 3040 2051 Seinem Spiel fehlten die feineren Schattirungen,
1983 2029 3041 2090 und die Versuche, Uebergänge vom Dunklen zum
1981 2087 3045 2152 Lichten zu finden, blieben eben nur Versuche. Das
2010 2126 3041 2189 Prototyp das „lieben süßen Mädels“ ein unver¬
2008 2164 3029 2220 fälschter „Wiener Fratz“, wie man sie auf der Ring¬
2002 2205 3038 2262 straße, im Prater und in der Freudenau zu Dutzenden
2008 2258 3036 2304 herumlaufen sieht, war Frl. Gußmann: das putz¬
1998 2298 3048 2350 und vergnügungssüchtige, leichtherzige und gutmüthige¬
2003 2332 3042 2382 Ding, das der Dichter mit sicheren Strichen ge¬
2001 2370 3050 2426 zeichnet hat. Für den Theodor fand Herr Herr¬
2001 2407 3033 2456 mann mit Glück den rechten Ton, als Vater
1999 2465 3043 2516 Christines bewies Herr Pategg auf's Neue seine
2004 2488 3040 2545 oft bewährte eindringliche Charakterisirungsfähigkeit,
1995 2537 3035 2586 und der geschwätzigen Frau Binder mit der abge¬
2003 2566 3042 2633 leugneten „Vergangenheit“ verhalf Frau Werner zu
1997 2621 2447 2676 belustigender Wirkung.
2055 2649 3010 2711 „Ernst ist das Leben — heiter ist die Kunst“ —
1989 2688 3055 2743 nach diesem Schiller'schen Worte schienen die beiden
1994 2732 3047 2801 Gaben des Abends zusammengessellt. Denn der dem
2003 2774 3047 2837 Leben abgelauschten Tragödie selate der amusante
1996 2816 3031 2881 Künstler=Einacter „Litteratur“ aus der Tetralogie
1998 2859 3044 2909 „Lebendige Stunden“. Der drollige, mit so frisch¬
2005 2885 3052 2946 quellendem Humor durchgeführte Einfall, ein schrift¬
2006 2938 3052 3001 stellerndes ehemaliges Liebespaar auf die Bühne zus
1987 2971 3054 3045 bringen, das zu gleicher Zeit in Romaner die Er¬
1997 3011 3038 3078 fahrungen aus der vergangenen Epoche himmelstürmender
1998 3071 3026 3119 Seligkeit verwerthet und dabei — in beiden Büchern —
2004 3093 3032 3163 wortgetreu den Briefwechsel aus jenen Tagen wieder¬
2005 3157 3047 3205 giebt, erweckte behaglichste Stimmung. Auch hier zeigte
1994 3187 3052 3233 sich Frl. Gußmann — in der Berkörperung der
2978 3225 3037 3276 te
2000 3221 2961 3292 „complicirten“ Frau — wieder als gewandte, be#
2002 3272 3013 3322 Künstlerin; de spielte die Margarethe mit köstlich
1996 3306 3053 3362 Laune, in einer reizend ironisch=überlegenen Färbung.
2005 3345 3051 3400 In famoser Maske stellte Herr Ziegel den Collegen
2009 3394 3026 3443 der capriciösen Dame dar. Das heißt, nicht nur die
1998 3427 3044 3488 Maske war samos und lebenswahr, sondern auch
1997 3464 3042 3524 die ganze Auffassung und Ausgestaltung der Rolle.
1999 3510 3038 3565 Es war eine Leistung, die auf sorgfältigster Beob¬
1989 3556 3035 3614 achtung der Wirklichkeit basirte. Den Sportbaron
1997 3590 3036 3652 Clemens gab Herr Herrmann ohne jede
1982 3626 3038 3676 Uebertreibung und mit unausdringlicher, aber sehr
1993 3664 3035 3729 komischer Hervorkehrung der besonderen Eigenschaften,
2842 3711 3041 3773 Um die
1995 3711 2760 3763 die diesen geistvollen Herrn auszeichnen.
2002 3749 3042 3825 Regie beider Stücke erwarb sich Herr Runge ein
2781 3789 3048 3850 N. W.
1985 3796 2214 3871 Verdienst.
