3248 4320
952 122 1380 218 box 10/1
407 124 799 201 Liebelei
867 94 959 204 910
252 136 840 235 5 Mee
2511 772 2906 853 #ie gewiß nicht im
349 809 2914 860 nach Berlin okondmiecollegten sei auf große Schwierigkeiten gestoßen, weßhals: Hintergrundersiehem de konne die Versicherung abgeben, daß
156 831 2866 928 autete, ist die deutsche ihre Bildung ausgesetzt und die ihnen zugedachten Aufgaben den das Ober=Landescultuegericht noch bei Erledigung wichtiger —
189 899 2866 931 daß die Hinrichtung[Regierungen übertragen worden seien. Die Generalcommissionen alter und neuer — Aufgaben mitzuwirken haben werde. —
168 912 2916 977 ine schwere Rechtsver= seien dagegen bestehen geblieben und mit immer mehr solchen neuen Die Thatsache, daß die En wicklung unsrer Landes¬
2007 999 2157 1034 u
167 990 274 1059 rurenen
692 992 869 1065 E ER
884 991 1082 1069 M
1575 991 2197 1075 HAPRN 1
578 1067 2918 1135 nach der Angabe des Theaterzettels im Wien der Gegenwart! Mädeln. Die Pärchen scherzen und kosen, musiciren und tanzen,
582 1114 2918 1181 spielt, geht auf Pariser Ursprung zurück. Ein paar flotte vergnügt, nur dem Genuß des tollen Augenblicks hingegeben,
588 1158 2911 1228 Studenten, die just ihr Freiwilligenjahr abgedient haben, sindl ohne weiter an Pflichten der nächsten Stunde zu denken; in
161 1152 417 1239 gtheater.
584 1195 2914 1269 fleißiger hinter langen Zöpfen und Röcken, als hinter ihren dieses mit feinen, festen Zügen lebenstreu geschilderte, in aller
173 1215 1757 1306 „Rechte der Seele“] Buchern her; so führen sie ihre Liebesabenteuer bald in die große,
1735 1247 2910 1307 Ausgelassenheit eumuthige Bacchanal tritt mit eins der steinerne
583 1292 1742 1352 vornehme Welt, wo der Ehebruch absolut herrscht, lediglich durch
1739 1295 2914 1354 Gast. „Ein Her.“ (Mitterwurzer) hat Fritzens Briefe an
162 1298 608 1388 Wanderung durch die
584 1324 1743 1391 ausnahmsweise Duelle beschränkt; bald in die kleine, lockere
1735 1334 2456 1400 seine, des Fremden Frau, entdeckt:
2470 1340 2916 1405 Fritz stellt sich zum
161 1360 600 1425 dTritt den hütten¬
586 1367 1735 1430 Welt der Ladnerinnen, wo wiederum die Galanterie unbedingt
1745 1383 2914 1452 Zweikampf. Zuder besucht er zum ersten und zum letzten Male
159 1402 600 1462 ue Unternehmer hatten
586 1414 1741 1467 herrscht, lediglich durch ausnahmsweise Selbstmorde beschränkt.
1734 1400 2910 1469 Christinens Keinbürgerliches Heim. Ihr Vater (Sonnen¬
176 1449 587 1517 ft, und neu berufene
593 1452 1741 1521 Die Ehebrecherin aus der Gesellschaft, um deren willen Schnitzlers
1735 1467 2908 1533 thal), ein Basblut=Schubertianer, denkt über Liebeleien läß¬
165 1477 594 1555 wvaren geschäftig, von
585 1507 2905 1565 Held im Zweikampf fällt, bleibt im ganzen Stück hinter der licher als Wolsgung Amadeus Mozart, der bekanntlich über die
169 1530 600 1597 muthen. Hoffnungs¬
590 1542 2917 1622 Scene; die Bühne und unsern vollen Antheil nehmen von Mode des Strompfband=Messens einen der männlichsten, mar¬
174 1574 595 1639 heaters, als er einen
583 1578 2913 1667 Anfang bis zu Ende die Mädeln aus der Vorstadt in An=kigsten Rügebriese deutscher Zunge schrieb; der moderne Stadt¬
163 1625 594 1690 stück zu Wort kommen
588 1626 1743 1685 spruch, unverkennbare Doppelgängerinnen der tragischen und
1735 1638 2918 1706 musikus ist ein sentimentaler Philosoph für die Welt; in seiner
162 1675 1734 1730 aben, erfolgreich. Der der drolligen Grisetten von Alfred de Musset: die Eine, wie
1740 1681 2912 1744 Jugend hab er bielleicht für den alten Miller gefühlt und ge¬
163 1706 591 1771 ch, nicht überraschend,
584 1713 1746 1773 die Heldin von „Frédéric et Bernerette“, für den Geliebten zu
1741 1721 2917 1792 schwärmt; iin Lauf eines langen Lebens, als Tugendwächter
172 1754 1741 1815 nach seiner (im März, jedem Opfer, zu selbstloser Hingabe und freiwilligem Tode
1741 1763 2907 1833 einer einsam vertrauernden altjüngferlichen Schwester hat er
172 1789 604 1852 e „Sterben“ nicht mehr
587 1806 2917 1847 bereit, die Andere, wie Mimi Pinson, von unstillbarem Hunger, sich aber anders besonnen; weßhalb soll ein junges Blut nicht
166 1840 598 1900 der Geschichte berührt
579 1836 2909 1907 Champagner= und Liebesdurst erfüllt. Die Naturgeschichte dieser lieber einmal die Leidenschaft voll auskosten, statt bestenfalls
167 1883 1743 1941 hr wurde, nahe mit allmählich aussterbenden Zigeunerinnen des Lateinischen Viertels
1729 1893 2915 1968 in späten Tagen einem grämlichen Strumpfwirker vor dem Altar
161 1908 596 1983 nitzler bei der Nieder¬
583 1922 1741 1986 hat Musset einmal lachend, ein andermal weinend, niemals knapper
1731 1942 2913 2009 als Lebensgefährten sich antrauen lassen? Diese fragwürdige
173 1961 584 2027 hlung dies Gegenstück
588 1978 1733 2032 und besser gegeben, als in der Antithese seines „Profil de grisette“:
1731 1985 2906 2035 Lebensweisheit rächt sich grausam an dem wunderlichen Heiligen.
172 1998 593 2068 rkennbar bleibt jeden¬
590 2027 1742 2078 „Man zeiht sie der Unbeständigkeit, an der weder die Lecture
1729 2028 2908 2089 Seine Christine liebt ihren Fritz Lobheimer, wie Hero Leander
181 2058 593 2112 in seinen Anfängen.
589 2067 2909 2118 schlechter Romane noch angeborene Böswilligkeit Schuld trägt; liebt. Und als sie jählings erfährt, daß der Jüngling, dem sie
165 2069 596 2163 der Wiener Lebewelt
586 2099 1747 2163 ihre Ursache ist einzig und allein die große Menge Menschen, die an
1727 2107 2912 2165 mit Leib und Seele sich zu eigen gegeben, im Zweikampf für
169 2130 590 2198 ler von Guy de Mau¬
581 2143 1739 2202 ihrem Geschäftsladen vorbeigehen. Andererseits beweisen sie die
1731 2159 2913 2227 eine Andere, eine Dame der großen Gesellschaft, gefallen; als
168 2179 586 2243 Deutschen Volkstheater
581 2192 2911 2232 Fähigkeit echter Leidenschaft genugsam durch die große Zahl von sie sich sagt, daß er ihr beim Abschied kein Wort der Reue, vor
164 2226 585 2288 fhrt mit Dumas'scher
588 2216 1750 2298 Mädchen ihres Schlages, die sich tagtäglich zum Fenster hinaus oder
1732 2240 2897 2295 dem E#de keine Zeile des Trostes zurückgelassen; als sie er¬
160 2265 591 2329 efaire une virginité
580 2277 2907 2342 in die Seine stürzen oder sich mit Kohlendampf vergiften.“ Der kennt, daß sie, die selbstlos, nur dem Naturrecht der Leidenschaft
177 2314 585 2370 t ein beredter Bieder¬
575 2318 2912 2401 leichtblütige, in der eigentlichen Bedeutung des Wortes leicht=lfolgend, in dem Mann ihres Herzens ihr ganzes Sein gesucht
173 2356 591 2414 edler Charakter dürfe
586 2365 2903 2420 sinnige Grisetten=Typus Mussets erscheint in der Modistin Mizi] und gefunden, ihm nur ein flüchtiger Zeitvertreib gewesen, da
156 2385 584 2457 and zum Lebensbunde
576 2406 2903 2487 Schlager (Frl. Kallina) localisirt; die sentimentale, tragischer! reißt sie sich mit wildem Aufschrei von Freunden und Klug¬
158 2433 583 2503 en will, kußt ihm die
581 2450 2904 2516 Entschlüsse fähige „Kleine“ von den „enteren Gründen“ über= rednern, ja von dem vergebens begütigenden, verzweifelnden
157 2477 2905 2563 nntniß erschüttert den setzt Christine, die Tochter des Theatergeigers Weiring (Adele Vater los; zum Grab des Geliebten will sie angeblich; der alte
197 2529 2904 2604 er kämpft mit sich, Sandrock), aus dem Pariserischen der vierziger Jahre in das Weiring aber weiß besser, was sie damit sagen will; „sie kehrt
178 2556 1748 2642 in der Praxis erfaßt Wien unsrer Tage. Die Vorgänge entwickeln sich ungemein
1732 2593 2907 2668 nicht mehr zurück, sie kehrt nicht mehr zurück“, ist das Schluß¬
159 2613 2343 2694 Vergangenheit, daß er einfach, bis sie in bewußtem Gegensatz zu herkömmlicher Theater=wort des Bejammernswürdigen.
156 2658 1742 2740 er zum Verderber der mache naturgemäß aus dem Kleinleben des Alltags zu ergrei¬
1813 2674 2900 2735 Schlicht wie die Fabel, ist (scheinbar) auch die Technik;
157 2699 1329 2759 wirft sie sich ihm zu sendem tragischen Abschluß sich steigern.
1720 2704 2902 2786 immer — oft bis zur Gesuchtheit — ungesucht ist der Ton des
172 2739 590 2808 Dirnenthum preiszu¬
655 2763 2904 2803 Studiosus Fritz Lobheimer (Hr. Kutschera), ein in behag=gewöhnlichen Gespräches festgehalten; nirgends ist auf rednerischen
173 2783 585 2862 der letzten Scene er¬
573 2799 2896 2855 lichen Verhältnissen tändelnder Müßiggänger, bewirthet in oder scenischen Effect hingearbeitet. Welchen Abstand, welch
572 2842 2913 2886 seinem fröhlichen Junggesellenheim seinen Kameraden Theodor wohlthuenden Abstand bereitet uns also diese Talentprobe eines
199 2874 2917 2942 „Liebelei“ —, das Kaiser (Hr. Zeska) und die beiden zum Zeitvertreib geladenen! Neulings im Vergleich zu den unzähligen Jambentragödien, in
634 2975 1385 3239 Nuu 0.0,
2058 3128 2170 3225 2
