3392 4256
149 161 272 236 5
307 156 681 228 Liebelei
261 153 1269 256 Lassssas box 12/8
161 1068 1097 1155 nervig aufklingen. Immer spürt man den Hauc
175 1135 673 1200 einer träumerischen Welt.
451 1174 542 1207 n
200 1152 1101 1237 Diese feinen Tone konnte die Aufführung nich
158 1208 1101 1289 ganz herausbringen. Manchmal nur klangs wun
168 1261 1103 1342 derbar auf. Aber die Schwerfälligkeit der Kulisse
175 1321 1099 1376 und Kostümerie erstickte alle Grazie. Aus
175 1363 1108 1425 Szenen voll vibrierender Sensibilität wurde ein
170 1400 1109 1477 naturalistisches Schauspiel. Insbesondere war
174 1456 1107 1526 Elisaheth Bertram als Christine viel zu
164 1504 1114 1575 tragisch und viel zu wenig das reizende, süße
164 1551 1110 1620 Mädel, das nicht aus hysterischer Dramatik, son¬
172 1600 1115 1663 dern aus hilfloser Verlorenheit an dieser Liebelei,
170 1656 759 1732 die ihr Schicksal ist, zerbricht.
206 1714 1113 1765 Da war Liselotte Tawell als lebenspru¬
169 1762 1144 1811 delnde, unbekümmerte Mizzi viel glücklicher in der
166 1779 1118 1850 Darstellung. Mit nie übertriebener Lebhaftigkeit
176 1838 1112 1885 brachte sie manchmal Stimmungen von entzücken¬
172 1859 1109 1927 der Drolligkeit. Otto Ernst Lundt hat den Stil
171 1920 1116 1965 Schnitzlers ganz ausgezeichnet getroffen. Als
170 1943 1113 2001 Theodor Kaiser, der seinen Freund immer wieder
176 1984 1119 2044 aus der Träumerei in die Welt zurückreißt, brachte
172 2025 1132 2090 er mit besonderem Geschick und Takt dieses Ueber¬
178 2071 1112 2125 gleiten von der träumerischen Tragik in fein ab¬
173 2102 1116 2160 gestimmte Scherzhaftigkeit heraus. Walter Fel¬
174 2138 1123 2195 senstein war der hin= und hertaumelnde Lieb¬
182 2165 1125 2235 haber, der weich träumerische Fritz Lobheimer
171 2213 1127 2268 und versank mitunter in einer gewissen Mono¬
186 2252 1121 2320 tonie der Stimmung. Die Lyrik, die in seiner
187 2295 1117 2355 Rolle in besonderem Maße liegt blieb meist ge¬
185 2324 1128 2398 fesselt. Als Violinspieler brachte Friedrich Gnaf
175 2379 1120 2453 ganz diesen gütigen alten Menschen, den Schnitz¬
190 2406 1114 2470 ler hier mit vieler Liebe gezeichnet hat. Lotte
182 2452 1074 2520 Fuhst war als Katharina Binder prachtvoll.
236 2483 1124 2569 Im ganzen war die Aufführung zu dramatisch
178 2542 1130 2617 Am besten gelungen war der erste Akt, der einig
195 2592 1117 2661 Höhepunkte in Darstellungskunst und Stim¬
186 2644 627 2721 mungskolorit brachte.
239 2677 1122 2752 Hartlebens Komödie „Angele“ durfte au
185 2725 1113 2801 Veranlassung des Polizeipräsidiums anläßlich des
198 2761 1126 2830 Bußtages nicht aufgeführt werden. Ob die Kunst
187 2810 1124 2876 selbst in komödischem Gewande, einen ernsten Ta¬
187 2841 1126 2916 entweihen kann, das ist eine Angelegenheit, die be
966 2875 1112 2943 F. A.
198 2901 724 2960 uns die Polizei entscheidet.
2497 897 3322 968 , vonfzeräde diese Tatsache ist
1607 952 3339 1021 Etappe zu Etappe funrend, scheint der richtigere zu sein. Im Shaw's dichterischer Persö
1608 1007 1660 1075 8
1750 950 1836 1089 1
2810 1064 3332 1115 deutsche Protestant Thoma
1776 1070 2533 1164 Arthur Schnitzler.
2813 1105 3330 1161 Schnitzler. ich meine wo
2823 1142 3328 1209 und nach der notwendige
1750 1133 2678 1211 (Gelegentlich einer Aufführung von Liebelei.)
2826 1181 3303 1245 schöner sich- vollenden.
1686 1178 2832 1259 Schultzler’s Liebelei, im gleichen Jahre wie Puccini's
2829 1220 3305 1277 analytiker, schrieb ein
1613 1242 2823 1287 Bohème cntstanden, ist jetzt 30 Jahre alt. Auf beiden Werken
2816 1260 3337 1319 Psycholog, das er Profess
1604 1278 2823 1319 ruht also gleichsam schon die Patina der Klassizität. Würde
2823 1301 3345 1359 wohl also doch hinter Sch
1617 1302 2827 1377 ein unbefangener Theaterbesucher, unbelastet von Bildungs¬
2818 1337 3325 1388 ergründiges stecken, we
1602 1363 2819 1411 plunder, dieses Alter für möglich halten? Spürt man auch nur.
2818 1375 3335 1430 Autorität sich wissenschaft
1609 1394 2817 1433 die leiseste Spur von Staub, ist der Schmelz der beflügelten
2829 1416 3325 1475 Es hätte allerdings keiner
1600 1431 2821 1495 Dichtung antirgend einer Stelle verletzt? Gibt es Längen, stellt
2825 1451 3332 1509 Wissenschaft bedurft, de
1615 1461 2821 1518 sich Müdigkeit ein? Klingt irgend eine Stelle, wenn man daran.
2828 1489 3307 1539 heterogene Dinge. Aber
1604 1513 2812 1556 klopft, hohl, sicht man einen Sprung oder Knick, und ist eine
2829 1534 3289 1583 Schnitzler's ist der Dich
1612 1549 2824 1605 Gestalt blutarm geworden? Man nennt Schnitzler gern, wofern
2830 1573 3273 1626 gewesen, und die Bezir
1608 1593 2810 1638 man überhaupt geruht, ihn „ernst zu nehmen“, den-Dichter der
2832 1608 3241 1654 mann Freud wissens
1618 1621 2818 1683 Wiener Frauen, der süßen Mädels, des wiegenden Dreiviertel¬
2825 1646 3227 1697 künst -rische Intuitio
1611 1665 2810 1714 taktes, spricht von Charme und Esprit, läßt seinen gepflegten
1613 1707 2815 1750 Stil gelten und findet ihn liebenswürdig, aber im Grunde sagt er
2826 1721 3234 1783 Strindberg, und der
1609 1737 2815 1788 angeblich doch immer dasselbe. Eigentlich soll sein Horizont
2830 1763 3074 1811 Strindbergisc
1620 1780 2236 1848 nicht eben weit gespannt'sein.
2822 1801 3087 1850 am Schreibtis
1676 1822 2815 1867 ich kenne keinen Dichter, der mir mehr gegeben hätte, als
2825 1838 3076 1896 blasser Aeste
1614 1856 2820 1907 Arthur Schnitzler. Im Jahre 1914 sah ich im Kleigen Theater zu
2892 1881 3012 1933 Schni
1620 1896 2821 1948 Berlin als Sckundaner seine Liebelei. Von diesem Tage an
2826 1911 3027 1974 Als Junge
1613 1931 2817 1986 fühiltc ich mich Schnitzler's Wesen verhaftet. seinem Schaffen
2825 1964 3009 2017 buch: De
1626 1973 2818 2016 verbunden, und ich verschlang in wentgen Wochen die sieben
2820 2001 3027 2050 elegante
1619 2011 2814 2060 Bände, die sein Gesamtwerk damals umfaßte. Man ist älter
2823 2040 3006 2088 mehr sei
1616 2053 2817 2107 geworden, hat Weltkrieg und Weltrevolution erlebt und ver¬
2490 2082 2819 2140 Vor Jahresfrist
1608 2092 2490 2129 schiedene literarische Moden mitgemacht.
2831 2118 3028 2177 mann's ze#
1612 2126 2826 2176 schrieb ich an dieser Stelle gelegentlich einer Betrachtung
2894 2158 3009 2211 Schn
1617 2161 1925 2234 Klaus Mann's:
1680 2188 3023 2252 Wir, die bei Kriegsausbruch 15- und 16 jährig. in den Kampf sic
1612 2226 2995 2292 Traditionen Thomas Mann's aufgewachsen waren. uns wieder-] hatte mi
1618 2280 2817 2332 fanden in den Buddenbrook's. Tonio Kröger-und dem Tod in
2834 2317 3016 2383 strengung
1624 2318 2824 2385 Venedig, denen Steian George’s Dichtung Sinurdes Seins be¬
2835 2357 3010 2405 keit, die
1620 2358 2819 2405 deutete, waren durch Krieg und Revolution, dem letzten
2835 2392 3017 2443 spielerisch
1616 2396 2822 2437 Stückchen Erde, worin wir hafteten, entwurzelt worden. Die
2831 2433 3024 2479 Der Bildum
1614 2434 2816 2482 Brücken nach rückwärts waren äbgebrochen. Die 50- und
2832 2470 3044 2522 Gelegentlic
1609 2466 2819 2515 60 jährigen, Thomas Mann und Schnitzler., empfanden wohl selbst
2825 2510 3045 2564 einmal, daß
1611 2516 2818 2566 die Unmöglichkeit über das, was in den letzten’ 10 Jahren sich
2825 2549 3061 2597 Liebe und 7
1614 2545 2832 2603 ereignet hatte, hinwegzuschreiben, aber als edelste Ausläufer
1620 2587 3067 2626 einer alten Kultur konnten sie den neuen Ton nicht finden.j gehen bilde.
1604 2629 3092 2685 Darum schlossen ihre letzten, gegenwärtig beendeten Werke, 1 daß Schnitzle
2830 2664 3136 2713 nicht, was es de
1613 2662 2825 2721 Thomas Mann's Zauberberg und Schnitzler’s Komödie der Ver¬
2821 2699 3228 2754 kreist zwischen diese
1618 2702 2819 2753 führung, mit dem Ereignis des Kriegsausbruchs, im Grunde
2829 2741 3231 2806 regungen sind nur Au
1617 2737 2814 2788 tragisches Bekenntnis ihrer eigenen Unzulänglichkeit gegenüber
2894 2774 3285 2832 Liebelei ist mit das
1619 2778 2820 2833 der Zeit. Mit liebevollem Respekt nehmen wir diese Dokumente
2836 2805 3279 2872 ler's, das seinen Ruhm b
1613 2821 2814 2865 entgegen und grüßen verchrungsvoll die Ahnen. mit denen der
2832 2860 3292 2914 sprechlich Duft und Atn
1621 2851 2814 2917 Zusammenhang unterbrochen ist, zu denen wir indes wieder¬
2828 2896 3288 2950 klingt wie ein Liebeslic
1605 2895 1813 2962 kehren.“
2821 2933 3313 2989 auch wie ein Walzer von
1708 2911 2820 2984 Wenn wir Rückschau halten, dann bleiben uns von der
2822 2966 3305 3028 ender der Form, die mir
1611 2970 2818 3023 Gencration der Väter drei Dichter, grundverschieden in ihrem.
2824 3007 3281 3065 ich den ersten Akt von
1628 3010 2818 3055 Wesen, der Tradition und der Landschaft, der sie entstammen,
1623 3049 2828 3103 aber denhoch Grund, auf dem man bauen kann, Repräsentanten
2831 3053 3304 3102 Lied der Liebe von Mimi
1625 3094 3321 3151 alter Kultur: Der rheinische Katholik Stefan George. der nord-I schaft mit Anni und Fritz
1781 3156 2507 3344 Ka
1964 3291 2540 3469 Uin 24
1496 3377 1968 3504 9
