3436 4256
437 165 814 238 Liebelei
249 142 1402 283 5 box 10/4
1762 623 3212 701 wird eine und dieselbe Empfindung bis auf den letzten Tropfen selbst die klei
1769 680 3195 742 Saft ausgequetscht. Das ist aber nicht dramatisch, der Wellen= der Bayreuz
1765 729 3195 779 schlag der Handlung an sich ist so unbedeutend, daß diese Scenen licher Weise
2953 769 3207 825 müßten, lieg
1770 767 2955 826 ermüdend wirken. Christine, die Tochter eines Violinspielers am
2955 810 3200 868 können; abe
1763 815 2938 869 Josephstädter Theater, liebt den Fritz Lobheim, der sie auch
2956 855 3201 912 Musikdramer
1779 857 2941 910 wiederliebt, aber ganz nebenbei; sein Herz gehört einer ver¬
2968 898 3202 957 geworden sin
1778 902 2949 956 heiratheten Frau, der Gatte stellt ihn zur Rede, duellirt sich mit
2956 940 3208 998 in der Wied
1779 941 2948 991 ihm und erschießt ihn. Christine, die schon längst ahnt, daß
2965 982 3215 1042 nahme ausg
1779 990 2945 1040 Theodor's Herz nicht ihr gehört, geräth außer sich, als sie erfährt,
2960 1023 3213 1084 für die engere
1783 1032 2945 1093 daß er um einer Anderen willen in den Tod gegangen, und
2960 1069 3214 1128 Welt in paf
1779 1071 2950 1130 folgt ihm nach, wenigstens muß man des vermuthen. Vielleicht
2961 1109 3208 1173 zeigen, wie d
1770 1128 2942 1172 wird sie auch gerettet, wer weiß das? Darüber schweigt der
2964 1161 3217 1214 Bedeutung e
1766 1162 2949 1220 fallende Vorhang. Diese Christine denken wir uns aber gänzlich
2963 1202 3221 1261 und gleichzei
1768 1220 2955 1264 anders, als sie Frau Franck gespielt, sie ist eine zarre mimosen¬
2957 1243 3214 1306 Meister hier
1784 1247 2961 1296 hafte Weiblichkeit, Frau Franck aber gab ihr besonders im
2959 1291 3205 1345 Aufführunge
1784 1288 2950 1345 letzten Acte die Affecte einer Kraftnatur, sie war leidenschaftlich
2961 1332 3209 1390 häuser“ und
1785 1337 2949 1397 in ihrem ganzen Wesen, das waren fast die Accente einer
2961 1375 3232 1437 Bayreuth vei
1784 1381 2955 1427 Heroine, als solche anerkennenswerth, aber das Charakterbild
2969 1421 3218 1476 Momenten #
1769 1423 2954 1489 verzeichnend. Hr. Otto spielte den Theodor, der bisweilen auch
2969 1464 3209 1519 und waren¬
1780 1473 2943 1526 empfindsam ist und sich bei seinem beiläufigen Liebeshandel
2957 1503 3215 1564 Gesammteind
1776 1501 2955 1564 in eine tiefere Empfindung hineinzutäuschen sucht, den Intentionen
2968 1554 3210 1611 über den th
1785 1555 2947 1610 des Autors angemessen. Hr. Körner (Weiring) war kein polternder
1773 1611 2953 1663 Musikus Miller sondern ein zärtlicher Vater, Hr. Taeger (Ein
2973 1644 3215 1719 hier aus ges
1785 1629 2947 1713 Herr) war energisch und schroff, Frl. Lauterbach (Katharina Binder)
2970 1686 3187 1741 inscenirten,
1775 1684 2948 1736 eine gehässige Nachbarin. Doch was wäre das Stück ohne Fritz
1778 1723 3200 1773 Lobheimer und Mizi Schlager? Hr. Hänseler und Frl. Dalldorf Bayreuther
2968 1774 3201 1830 Angedenken
1777 1774 2958 1820 brachten den ersten Act, ein stark beleuchtetes Sittenbild, zu voller
2968 1817 3214 1887 Gesinnungen
1787 1818 2956 1867 Geltung. Hr. Hänseler ist uns in solchen Rollen wohlbekannt;
2968 1860 3198 1920 nach Golde
1776 1869 2947 1917 Frl. Dalldorf aber erwies sich durch ihr degagirtes köstliches Spiel
2963 1901 3212 1958 ständlich an¬
1789 1906 2954 1978 als ein neugewonnener werthvoller Zuwachs zu unserem Schau¬
2944 1938 3206 2005 in allen in
1783 1957 2054 2014 spielensemble.
2974 1987 3212 2064 „Nibelunger
1948 1986 2961 2051 Kunst=Ausstellung im königlichen Glaspalast
2967 2035 3178 2093 gehört, in
1781 2042 2961 2099 zu München. Es wurden angekauft: 1) von Sr. königl.
2968 2076 3195 2137 Bühnen, ar
1779 2090 2961 2140 Hoheit dem Prinz=Regenten: Tina Lang=Blau, Wien, Ein stiller
1788 2125 2960 2181 Winkel Wiens, Oelgemälde; George Smith, Edinburg, Rivalen,
1783 2168 3192 2225 Oelgemälde; 2) von der königl. bayerischen Staatsregierung: eher jedes,
1778 2232 3185 2284 Gregor v. Bochmann, Düsseldorf, Holländischer Strand, Oel= also aufs
2964 2244 3204 2315 epochemache:
1789 2273 2965 2317 gemälde; T. Austen Brown, London, Mademoiselle Plume Rouge,
2975 2300 3197 2368 wie das un
1785 2310 2960 2365 Oelgemälde; Alois Erdtelt, München, Mädchenkopf, Oelgemälde;
2964 2340 3168 2402 dargestellt
1779 2350 2969 2402 Karl Hartmann, München, Adam und Eva, Oelgemälde; Emil
1786 2389 3200 2442 Lugo, München, Naturstudie, Oelgemälde; Ph. Roeth, München= mögen die
2973 2419 3197 2500 Unterzeichm
1786 2436 2964 2488 Gera, Aus der Umgebung Münchens, Oelgemälde; August Split¬
3047 2480 3194 2539 Am ge
1788 2475 2973 2534 gerber, München, Abend, Oelgemälde; Ludwig Willroider, München,
2964 2513 3204 2584 diesjährigen
1780 2524 2962 2579 Dämmerung, Oelgemälde; Jos. Wind, München, Vasenträger,
2979 2568 3206 2621 des Nibel
1786 2577 2958 2625 Bronze; 3) von Privaten: A. Sherwood Calvert, Glasgow,
2967 2606 3197 2668 Aufführung
1794 2617 2957 2673 Cleering after rain, Oelgemälde; Adolf Eberle, München, Jetzt
2966 2655 3201 2722 der Wieden
1779 2663 2957 2723 gehen wir, Oelgemälde; Emil Lugo, München, Aus meinem
2974 2701 3179 2757 eigenartige
1788 2704 2948 2754 Fenster in Capri, Tempera; Ludwig Noster, Berlin, Stütze der
2973 2738 3197 2802 bedeutender
1794 2741 2958 2799 Hausfrau, Oelgemälde; Oscar Rex, Prag, Das letzte Lebewohl,
2975 2788 3219 2845 erkennen wi¬
1778 2795 2953 2849 Oelgemälde; Carl Seiler, München, Nach Tisch, Oelgemälde;
2947 2831 3204 2892 dingte künst
1775 2833 2665 2905 Wilhelm Schwar, München, Hund, Oelgemälde.
2973 2871 3200 2934 von dem ic
1934 2870 2965 2933 Der Künstler des im Auftrage der Wehner'schen
2966 2919 3168 2976 ließ über
1789 2918 2953 2980 Erben für das Leipziger Museum angekauften Gemäldes
2954 2963 3200 3023 Zunächst se
1788 2968 2550 3026 heißt nicht Musäus, sondern Neuhaus.
1871 2995 2956 3056 S. Notizen. Gerhart Hauptmann's 4actige Märchendichtung
2969 3005 3211 3065 und den D#
1794 3049 2956 3104 „Die versunkene Glocke“ soll im October im Deutschen Theater
2970 3037 3214 3111 Letzteren u
1791 3091 2953 3139 zu Berlin die Erstaufführung erleben. — Die Sommeroper in
2975 3097 3197 3154 kannte von
1785 3123 2956 3176 Berlin=Charlottenburg hat nun auch Heinrich Zöllner's Lactige
2968 3141 3185 3203 genannte 2
1785 3166 2950 3214 Oper „Der Ueberfall“ mit schönem Erfolg zur 1. Aufführung
3039 3183 3202 3248 die kle
1784 3209 2955 3249 gebracht. — Der Schriftsteller Dr. Zehlicke in Berlin hat für sein
2968 3219 3174 3281 Hr. Perron
1785 3241 2958 3284 Nationalepos „Heinrich der Obotrit oder der Kampf um das
2961 3259 3179 3324 her ist dies
1791 3279 2952 3328 Christenthum“ vom Großherzog von Mecklenburg=Schwerin ein
2962 3307 3183 3369 der Grinne
2558 3306 2955 3362 —— Das Schiebsgericht
1784 3323 2534 3373 außerordentliches Ehrengeschenk erhatten.
2966 3346 3184 3410 ausdrücklich
1795 3355 2955 3401 des Deutschen Bühnenvereins hat die Klage der General¬
2967 3392 3186 3450 gegen früh¬
1779 3382 2950 3455 intendanz zu Weimar gegen Frau Eugen d'Albert, vor¬
1794 3432 2951 3491 maliges Mitglied des Hoftheaters in Weimar, auf Zahlung von
2967 3431 3195 3493 Hr. Kamm
1787 3475 2900 3517 5000 M Conventionalstrafe wegen Vertragsbruches abgelehnt.
2968 3477 3190 3533 noch immer
1793 3500 2957 3571 Bei einer größeren Musikaufführung in Soest hat die dortige Lieder¬
2973 3518 3202 3579 recht anspri
1795 3541 2952 3601 tafel unter lebhaftem Beifall ein neues Chorwerk „Blücher“ von
2969 3562 3172 3619 Reinheit,
1787 3585 2951 3637 Gottfried Hawerkranz mit schönem Erfolg zur 1. Aufführung ge¬
2968 3610 3156 3665 der Froh
1791 3621 2951 3685 bracht. — Professor Uhthoff in Marburg hat einen Ruf an die
2977 3654 3183 3711 manierirten
2369 3660 2962 3721 In Bonn hat sich ein Ausschuß
1793 3679 2318 3725 Universität Breslau erhalten.
2976 3693 3184 3754 lischen“ D
1794 3700 2957 3764 gebildet, um die Mittel zur Errichtung eines Simrockdenkmals
2068 3738 2958 3791 — In den Gasteiganlagen zu München wurde
2971 3744 3193 3800 bedeutende
1787 3752 2067 3809 zu beschaffen.
1788 3774 2963 3834 am 19. Juli ein Denkmal des Dichters Franz v. Kobell
2977 3784 3188 3843 men); stre
2027 3812 2962 3880 Am 20. Juli ward die Gedenktafel an dem Wohn¬
1791 3829 1959 3886 enthüllt.
2959 3819 3194 3891 durch seine
1789 3858 2892 3919 hause von Friedrich Mosengeil in Meiningen enthüllt.
2973 3873 3185 3927 auch stelle:
1783 3897 2951 3946 Das werthvolle 25 Meter breite und 20 Meter lange Plafondgemälde
2971 3911 3177 3976 Wirkung 1
1794 3932 2960 3983 im ehemaligen Jesuitencolleg zu Wien, ein Werk des berühmten
2965 3958 3202 4028 daß er sich
1785 3974 2951 4025 Jesuitenpaters Andrea del Pozzo ist leider unrettbar dem Unter¬
2977 4003 3192 4056 Urtheil üb
1792 4009 2957 4069 gang geweiht; doch sind wenigstens die einzelnen Partien des großen
2977 4043 3181 4105 sich besser
1800 4050 2957 4103 Architekturbildes noch photographirt worden. — In Bologna starb
2798 4086 2950 4137 In der
2970 4090 3181 4146 züglicher #
1808 4094 2732 4142 Mitte Juli Professor Dr. Ignazio Cantalametta.
2897 4124 2949 4157 D
