3436 4224
449 150 790 222 iebelei
953 153 1383 251 box 10/3
261 149 825 266 5. An ien sheeche ich
2910 616 3121 683 Nr. 63.
2208 626 2561 693 4. März 1896.
1405 644 2043 710 Fremden-Blatt.
866 656 1253 727 Wien, Mittwoch
349 666 616 734 Seite 14.
1740 697 3153 757 konzerte theilzunehmen, wird unsere Stadt, die er seit mehr als 25 Jahren
1750 737 3144 804 nicht gesehen hat, wohl sehr verändert finden. Er besuchte Wien zum letztenmale
315 730 1728 790 ein dreister Faschingsulk, der stellenweise in brutale und fast dumme
1756 779 3148 841 im Jahre 1868 und trat hier als Komponist, Dirigent und Klavierspieler sowohl
329 773 1731 853 Rohheit übergeht; der Autor hatte den Ehrgeiz, die englische Pantomime
1747 816 3149 876 in einem Gesellschaftskonzerte als in einem Kammermusikabende Hellmesberger's
321 818 1738 918 zu übertrumpfen, aber sein guter, gallischer Geist blieb lebendig und
1741 858 3148 927 auf. Damals führte er seine Ouverture zu „König Manfred, ein Klavierquintett
327 865 1735 946 machte gerade die beiden Akte, auf die es Feydeau ersichtlich nicht an¬
1744 884 3138 965 und die Variationen über ein Händel'sches Thema vor; diesmal gilt seine An¬
328 909 1733 990 kam, zu den besten des Stückes. Der zweite dagegen versagte, obwohl
1749 920 3145 992 wesenheit hauptsächlich der Vorführung seiner neuen der Gesellschaft der Musik¬
1751 956 3155 1032 freunde gewidmeten Symphonie. Nach dieser wird Dr. Reinecke, der als Mozart¬
325 970 1733 1034 er auf einem Korridor spielt, der zu beiden Seiten von Hotelzimmern
1747 999 3152 1063 Spieler einen außerordentlichen Ruf genießt, Mozart's Krönungskonzert spielen.
332 1012 1740 1079 flankirt ist, obwohl er die wildesten Gliederverrenkungen, die wahn¬
1750 1036 3153 1091 Neben ihm treten im Gesellschaftskonzerte Frau Olga v. Türk=Rohn, Frau
328 1062 1740 1129 sinnigsten Requisitenspäße und gepfeffertsten Zötchen bringt. Mit der
1761 1078 3153 1139 Eisela Körner, Herr Anton Sistermans, der die Hauptpartie in Schn¬
333 1097 1741 1180 Kunstübung eines Labiche und den Gepflogenheiten der Pariser
1750 1102 3153 1170 mann's „Faust“ singt, Herr August Körner und Herr Max Edelbucher als
322 1150 1743 1208 Komödienmacher aus jener Zeit, da die urgallische Posse in Blüthe
1755 1171 2020 1232 Solisten auf.
1925 1164 3151 1245 Für das morgen Donnerstag im großen Musikvereinssaale unter dem
339 1186 1740 1271 stand, hat Feydeau's Affentheatertechnik nichts zu thun. Aber billig er¬
1752 1225 3151 1281 Protektorate der Frau Gräfin Kielmansegg stehende Wohlthätigkeitskonzert
334 1233 1739 1306 staunen muß man doch darüber, daß dieser Lustigmacher Sr. Hoheit
1759 1254 3154 1322 des Ferienkolonienvereines für kränkliche und unheilbare Kinder
334 1297 1742 1355 des Pöbels bei so traurigem Werk noch so viel sprühenden Witz, so
1760 1297 3165 1358 (ohne Unterschied der Religion) wurde folgendes Programm festgesetzt: Prolog,
1762 1351 3170 1395 verfaßt von Moriz v. Gutmann, gesprochen von Herrn Kutschera; Vorträge
319 1336 1696 1414 viel ursprüngliche Komik verfeuert. Richard Nordhausen.
1769 1385 3153 1437 des Pianisten Roderich Baß und des Kammervirtuosen Rossi; Lieder, ge¬
1763 1418 3165 1477 sungen von Frat v. Türk=Rohn; Deklamationen von Herrn Kutschera;
667 1417 1411 1507 Theater und Zunst.
1764 1448 3156 1515 Lieder, gesungen von Frl. Pagin; Bottesini: Konzert für Violine und Kontra¬
1768 1485 3169 1550 baß, die Herren Rossi und Simandl; Humoristische Vorträge von Fräulein
444 1482 1740 1551 — Im Hofoperntheater kommt Donnerstag „Walther von der
1760 1531 3166 1590 Niese. Die Begleitung der Gesangs= und Instrumentalvorträge hat Herr Sig¬
325 1541 1747 1594 Vogelweide“ mit den Damen Schläger, Walker und Elizza und den Herren
1766 1577 3172 1622 mund Grünfeld übernommen. Zu diesem Elitekonzert, eines der glänzendsten
336 1589 1626 1661 Winkelmann, Neidl, Grengg, Horwitz und Schittenhelm zur Aufführung.
1769 1598 3165 1664 dieser Saison, sind bereits sämmtliche Cercle= und Parterresitze vergriffen; die
2702 1634 3157 1688 fl. und 3 fl., Galeriesitze
511 1630 1736 1688 Die Sängerin Fräulein Sedlmayer aus Breslau, die in diesem
1757 1646 2659 1702 noch in weniger Anzahl vorhandenen Logensitze à
1757 1669 3173 1745 à 2 fl. und 1 fl., Parterre=Entrée à 50 kr. sind in Rosé's Musikalienhandlung
337 1667 1750 1743 Monat in der Wiener Hofoper als Gast auftritt, wird im Anfang des Sommers
1769 1721 2600 1776 und am Konzertabende an der Kasse zu haben.
341 1721 1743 1797 im königlich ungarischen Opernhause in Budapest in italienischer Sprache
1926 1741 3159 1806 Heute Mittwoch, Abends halb 8 Uhr, findet im kleinen Musikvereinssaale
338 1778 530 1856 gastiren.
1768 1797 3176 1859 das zweite (letzte) Konzert der Klaviervirtuosin Fräulein Klotilde Kleeberg
524 1792 1744 1877 Der Kapellmeister Dr. Felix vom Carl=Theater war während
1765 1845 2071 1913 aus Paris statt.
1922 1856 3159 1918 Herr Anton Simonelli gibt am 9. d. M. Abends im Bösendorfer¬
346 1854 1754 1932 der ersten Aufführungen der Operette „Der Gouverneur“ wegen eines Konfliktes
1763 1903 2632 1966 Saale einen Liederabend zu wohlthätigem Zwecke.
344 1903 1754 1975 mit der Direktion aus dem Verbande der Leopoldstädter Bühne getreten. Nun ist
1926 1928 3170 1992 Man schreibt uns aus Baden, 3. d.: „Comtesse Guckerl“ wurde
345 1953 1755 2032 noch vor der Abreise des Direktors Jauner eine Versöhnung zustande gekommen,
1761 1983 3176 2050 gestern am hiesigen Stadttheater zum erstenmale bei ausverkauftem Hause auf¬
347 1998 1750 2066 und Dr. Felix übernimmt vom Mai angefangen wieder sein Amt. Wie es heißt,
1764 2038 3172 2096 geführt und vom Publikum freundlichst aufgenommen. Fräulein Gusti Brand
1770 2047 3162 2107 in der Titelrolle, sowie die Mitwirkenden wurden durch lebhaften Beifall aus¬
353 2046 1748 2119 wird in dieser Saison noch eine Operette von Felix im Carl=Theater zur Auf¬
1776 2110 1972 2170 gezeichnet.
343 2113 700 2191 führung gelangen.
524 2138 1766 2212 Frau Julie Kopacsi=Karezag ersucht uns zu konstatiren, daß
1883 2151 3177 2233 (Volksthekter =Abend.) Fräulein A. v. Schönerer, Eigen¬
352 2193 1761 2259 ihr sogenanntes „Auftreten“ im Theater in der Josefstadt am vorigen
1776 2198 3174 2267 thümerin und Direktrice des Theaters an der Wien, sowie Hofoperndirektor
1765 2241 3173 2308 W. Jahn haben in liebenswürdigster Weise die Mitwirkung der Damen Frl.
349 2235 1762 2301 Samstag durch einen merkwürdigen Zufall bewirkt wurde. Die Künstlerin be¬
1769 2299 3182 2342 Vergé, Ellend, Schleinzer, der Herren Girardi, Hofkapellmeister Baier, Godlewsky,
350 2280 1750 2352 suchte im letzten Zwischenakte einige Bekanute auf der Bühne, sie überhörte das
1771 2321 2849 2390 Zulka, Pohl und Pagin für den Volkstheater=Abend gestattet.
347 2328 1749 2417 gegebene Glockenzeichen, der Vorhang wurde rasch aufgezogen und nun blieb ihr
1892 2375 3168 2428 (Volkskonzert des Wiener Männergesangvereines.)
347 2382 1759 2463 nichts Anderes übrig, als sich unter die tanzenden Paare zu mischen. Frau
1783 2399 3173 2462 Bei dem heute Mittwoch im großen Musikvereinssaale stattfindenden Volks¬
355 2432 1530 2507 Kopacsi ist bis zum April 1897 engagirter Gast des Carl=Theaters.
1773 2445 3179 2507 konzerte des Wiener Männergesangvereines haben ihre Mitwirkung freundlichst
1781 2479 3180 2543 zugesagt Konzertsängerin Frau Olga v. Türk=Rohn und Kammervirtuose
530 2470 1759 2537 Aus Berlin wird uns telegraphirt: Herzog Alfred von Sachsen¬
1776 2520 3172 2579 Herr Arnold Rosé. Die Chöre, die der Verein zur Aufführung bringt, gehören
347 2518 1764 2585 Coburg=Gotha ernannte den königlichen Hofopernsänger Franz Naval
1771 2553 3167 2613 zu den besten seines reichen Repertoires, wie Schubert's „Das Dörschen",
355 2565 1763 2646 von der Berliner Hofoper, einen Schüler des Wiener Konservatoriums, nach
1769 2589 3169 2648 Brahms' „Wiegenlied", Herbeck's „Werner's Lied aus Welschland",
347 2613 1762 2691 dessen mit außergewöhnlich glänzendem Erfolge beendigten Gastspiele am Hof¬
1775 2627 3177 2686 Kremser's „Wenn der Vogel naschen will“ Engelsberg's „Heini von
1772 2669 3178 2732 Steier“ Mendelssohn=Bartholdy's „Festgesang an die Künstler" und
359 2669 1504 2748 theater in Gotha zum herzoglich sächsischen Kammersänger.
1779 2704 3182 2758 Anderes. Karten in der Vereinskanzlei (1. Bezirk, Canovagasse 4, Halbstock) von
538 2717 1765 2776 Die Direktion des Stadttheaters in St. Pölten ist laut Gemeinde¬
1768 2743 2714 2824 4 bis 7 Uhr Nachmittags und Abends an der Kasse.
357 2761 1772 2823 Ausschußbeschlusses vom 2. März 1896 für die Spielzeit 1896/97 Herrn Franz
356 2807 1770 2867 Idsef Graselli, Mitglied des Josefstädter Theaters in Wien, verliehen worden.
1891 2801 3181 2885 (Repertoire des Hofburgtheaters.) Donnerstag den 5. März: „Die
561 2848 1769 2937 Im Deutschen Volkstheater wird heute das Lustspiel
2981 2863 3173 2908 Samstag
2319 2865 2975 2920 Freitag den 6.: „Maria Stuart“. —
1772 2874 2321 2936 Rose“. „Freudlose Liebe“. —
350 2894 1769 2967 „Untreu mit Frau Odilon und den Herren Christians und Giampietro,
1782 2902 3179 2960 den 7., zum erstenmal: „Der G’wissenswurm“. — Sonntag den 8., Mittags
347 2932 1769 2995 sowie „Die Venus von Milo“ von Paul Lindau gegeben.. — Morgen gelangt
1790 2930 3158 3002 halb 2 Uhr: „Der Sohn der Wildniß". Abends: Der G’wissenswurm". —
358 2963 1772 3037 als volksthümliche Vorstellung bei ermäßigten Preisen Anzengruber's Volksstück
1778 2965 3174 3050 Montagden 9.: „Ein Winterwärchen“ — Dinstag den 10.: „Der G’wissenswurm“.
359 3000 1762 3077 „Das vierte Gebot“ mit Herrn Tyrolt als Schalanter und den Herren
1892 3028 3180 3070 (Repertoire des Hofoperntheaters.) Donnerstag den 5. März: „Walther
356 3039 1773 3121 Eppens, Giampietro, Liebhardt, Martinelli, Russeck und Sachs, sowie den Damen
2270 3052 3188 3101 Freitag den 6.: „Der Evangelimann“. — Samstag
1791 3058 2205 3125 von der Vogelweide".
356 3080 1764 3154 Bauer, Gribl, Martinelli und Zampa in den übrigen Hauptrollen zur Dar¬
1772 3102 3188 3153 den 7.: „Die goldene Märchenwelt". (Anfang halb 8 Uhr.) — Sonntag den 8.:
353 3107 1767 3180 tellung. — Samstag den 7. d. kommt das Lustspiel „Zirkusleute“ von
1789 3142 2182 3207 „Margarethe“ (Faust).
367 3152 1763 3214 Kranz v. Schönthan zur ersten Aufführung. Die Rollenbesetzung des vom
1886 3167 3171 3229 (Repertoire des Deutschen Volkstheaters.) Donnerstag den 5. März,
357 3186 1773 3267 Mutor perstnlich inszenirten Stückes ist folgende: Gräfin Lehrbach — Frau Keller;
1789 3201 3178 3265 bei ermäßigten Preisen: „Das vierte Gebot". — Freitag den 6.: „Comtesse
353 3229 1768 3309 Robert — Herr Christians: Baron Bultara — Herr Wallner; Kasimir Lan¬
2994 3241 3182 3289 Sonntag
1777 3258 2943 3293 Guckerl“ — Samstag den 7., zum erstenmale: „Zirkusleute“.
2734 3282 2770 3308 „
526 3264 1764 3342 — Herr Tyrolt; Lilli — Fräulein Retty; Frau Lindemann — Fräulein
1775 3266 3188 3355 den 8., Nachmittags halb 3 Uhr: „Hasemann's Töchter. Abends halb 8 Uhr?
350 3294 519 3341 dowski
366 3306 1767 3383 Rampa;: Direktor Petermann — Herr Liebhardt: Agent Lehfeld — Herr Weiß;
1787 3310 3181 3404 „Zirkusleute“. — Montag den 9.: „Die Venus von Milo". Hierauf: „Untreu“.
364 3351 1766 3418 Ein Kellner — Herr Broda; Steinberg — Herr Retty; Ein Thierarzt — Herr
1881 3354 3191 3405 (Repertoire des Theaters an der Wien.) Donnerstag den 5. März,
365 3378 1768 3458 Weidinger: William — Herr Schamberg; Bülow — Herr Amon; Fernandez —¬
1787 3393 3189 3457 unter persönlicher Leitung des Komponisten, zum erstenmale: „Mister Menelaus .
3003 3428 3195 3486 Sonntag
372 3418 1763 3490 Fräulein Kalmar. — Sonntag Nachmittags halb 3 Uhr wird bei ermäßigten
1837 3431 2911 3498 Freitag den 6. und Samstag den 7.: „Mister Menelaus“
371 3454 1767 3546 Preisen das Volksstück „Hasemann's Töchter“ von Adolf L'Arronge gegeben.
1790 3450 3185 3533 den 8.: Nachmittags halb 3 Uhr, bei bis über die Hälfte ermäßigten
551 3498 1767 3550 Im Theater an der Wien gelangt heute Mittwoch die
1790 3494 2966 3582 Preisen: „Der Probekuß“. Abends halb 8 Uhr: „Mister Menelaus“.
361 3527 1768 3600 Millöcker'sche Operette „Der arme Jonathan“ mit Fräulein Reichsberg
1883 3527 3182 3598 (Repertoire des Raimund=Theaters.) Donnerstag den 5. März:
354 3572 1771 3636 von Budapest in der Partie der Harriet als Gast zur Aufführung. — Morgen
1783 3591 3191 3634 Wohlthätigkeitsvorstellung, veranstaltet vom Verein deutscher Bühnenmitglieder
364 3605 1764 3686 Donnerstag geht die Novität „Mister Menelaus“, komische Operette in drei
1790 3616 3190 3682 Oesterreichs zum Besten armer Schauspielerkinder unter gefälliger Mitwirkung
379 3647 1765 3703 Akten (mit Benützung eines fremden Sujets) von Pius Rivalier und A. Krakauer,
2002 3660 3195 3717 Hofschauspielers Herrn Karl v. Zeska und der Fr. Marie Schwarz
1786 3680 1880 3724 des
3025 3694 3190 3747 Freitag
367 3681 1768 3749 Musik von Josef Bayer, unter persönlicher Leitung der Komponisten zum
1795 3693 2966 3762 „Wohlthätige Frauen, Lustspiel in vier Akten von L'Arronge.
2203 3726 3189 3788 Samstag den 7., zum erstenmale: „Der Schönheitspreis“
368 3738 768 3801 erstenmale in Szene.
1791 3744 2159 3809 den 6.: „Heimat“. —
543 3739 1774 3812 Im Raimund=Theater kommt heute Mittwoch der lustige
2915 3756 3187 3821 v. Weinzierl.
1793 3769 2918 3840 Volksstück in vier Akten von Karl Costa, Musik von Max
369 3790 1749 3851 Wiener Schwank „Der kleine Mann“ von C. Karlweis zur Wiederholung. —
1862 3820 3189 3860 Sonntag den 8., Nachmittags halb 3 Uhr: „Der Pfarrer von Kirchfeld“.
2677 3850 3190 3913 Montag den 9.: „Bruder
363 3828 1777 3914 Morgen Donnerstag findet als Wohlthätigkeitsvorstellung zum Besten armer
1788 3842 2615 3913 Abends halb 8 Uhr: „Der Schönheitspreis“
367 3868 1773 3953 Schauspielerkinder eine Aufführung des Lustspiels „Wohlthätige Frauen“
1786 3873 2729 3956 Martin“ — Dinstag den 10.: „Der Schönheitspreis“.
376 3901 1774 3968 von Adolf L'Arronge unter gefälliger Mitwirkung des k. k. Hofschauspielers
1901 3924 3190 3978 (Repertoire des Carl=Theaters.) Donnerstag den 5. bis inklusive
372 3941 1782 4028 Herrn Karl v. Zeska und der Frau Marie Schwarz statt. — Samstag den
1798 3967 3192 4022 Samstag den 7. März: „Eine tolle Nacht“. — Sonntag den 8., Nachmittags
372 3981 1774 4047 7. März gelangt zum erstenmale „Der Schönheitspreis“, Vollsstück
1789 4011 3190 4054 halb 3 Uhr, volksthümliche Vorstellung bei ermäßigten Preisen: „Wiener
375 4017 1777 4096 mit Gesang in vier Akten von Costa, Musik von Max v. Weinzierl, mit
1810 4035 3204 4099 Humor“, Quoblibet in vier Abtheilungen. (Herr Ludwig Gottsleben als Gast.)
374 4058 1778 4125 den Damen Furlani, Marlist, Niese, Reinhardt und Werthheim, sowie den
1794 4074 2499 4141 Abends halb 8 Uhr: „Eine tolle Nacht“.
667 4083 1796 4180 Wiröben, Godai, Böstl, Kirschner, Kreith, Frug, Lucas, Schild¬
2145 4096 3187 4177 #h#aters in der Josefstadt.) Donnerstag den 5. März,
