3484 4224
300 161 712 236 Liebelei
842 153 1282 249 box 13/1
295 215 720 272 beriene eneeen eee e ne
427 694 2161 848 FILMBESPRECHUNG
2365 819 3319 957 Woraufwarte.
1068 893 1524 1067 Liebelei
2720 1026 3302 1126 Das Gebot der St
783 1052 1798 1160 Hegewald-Film im Primus-Palast
2637 1106 3318 1207 jeden klugen Theate
391 1126 1286 1220 Artur Schnitzlers holdes Meister¬
1296 1135 2216 1217 meisterhaft. Man sieht die Gegner zum
354 1185 1278 1259 werk im Film einzufangen, war keine
1293 1205 2215 1266 Duelle fahren, sieht den Großindustriellen
355 1251 1277 1314 leichte Aufgabe. Und wer seinerzeit die
1292 1261 2223 1321 die Pistole visieren und sieht die Wagen
356 1299 1275 1357 dänische Verfilmung miterlebt hat, wird
1293 1312 2224 1365 wieder zurückfahren, aber in dem einen ist
2809 1209 3315 1375 Abschl
349 1349 1276 1408 staunend gesehen haben, welche Fülle von
1295 1332 2229 1411 jetzt ein Platz leer. Der Zuschauer weiß
358 1408 1282 1461 Ausdrucksmöglichkeiten sich der Film in
1293 1395 2213 1478 alles, und die Banalität des oft gesehenen
2601 1403 3324 1508 der sorgfältigst au
1298 1445 1769 1515 Duells ist umgangen.
351 1446 1275 1503 ein paar Jahren erobert hat. Denn was
2709 1479 3304 1575 8 Kassenschlager
346 1494 1286 1559 gestern auf der Leinwand erschien, nahm
1340 1480 2208 1576 Ebenso diskret ist die Darstellung be¬
363 1542 1281 1611 von dem Kunstwerk des Dichters nicht
1294 1545 2205 1620 handelt. Um es gleich vorweg zu sagen:
355 1593 1268 1660 nur die grobe Handlung, sondern brachte
1289 1597 2216 1671 nach diesem Film ist Evelyn Holt eine
358 1642 1264 1708 auch die Stimmung, brachte das Wehe und
1284 1656 2215 1718 der Hoffnungen der deutschen
2366 1587 3338 1754 Zwischenproe
357 1690 1131 1756 Keusche einer ersten jungen Liebe.
1281 1690 2209 1775 Kinematographie. (Ubrigens bleibt
396 1727 1265 1804 Fritz Lobheimer, ein junger Student, hat
1280 1746 2210 1818 sie der Herstellerin des Films, der Hege¬
350 1795 1272 1846 ein Verhältnis mit der eleganten, mon¬
1295 1804 2206 1862 wald-Film, für die kommende Produktion
2610 1804 3332 1902 FILMHAUS BRUCKMANN &
342 1838 1280 1898 dänen Frau eines Großindustriellen. Sein
1282 1827 2215 1911 als Hauptdarstellerin erhalten.) Die natür¬
336 1876 1266 1940 Freund warnt ihn vor den Folgen und ver¬
1282 1898 2204 1960 liche Schlichtheit ihrer Christine bezaubert
355 1941 1266 2000 mittelt durch seine Freundin, eine reizende
1287 1945 2203 2010 jedes Herz. Ganz unsentimental, ganz
349 1987 1268 2043 Sängerin, die Bekanntschaft mit Christine,
1281 1999 2214 2045 natürlich erscheint diese Gestalt, und mit
351 2032 1277 2092 der Tochter eines Cellisten der Hofoper,
1279 2038 2192 2100 der gleichen keuschen Unberührtheit ent¬
2211 2062 3122 2145 bestimmtes Genre alles mitbringt. Den
3149 2054 3326 2140 nicht.
343 2082 1280 2142 Christine verliebt sich mit der ganzen
1284 2093 2193 2158 wickelt sich ihr Schicksal. Es waren keine
2218 2123 3120 2196 Studenten spielt Louis Lerch mit Hin¬
346 2119 1270 2188 Kraft einer jungen Liebe in Fritz, der von
3140 2119 3339 2191 lächelne
1278 2125 2198 2198 kleinen Aufgaben, die Evelyn Holt gestellt
3152 2178 3330 2241 Wasser
2206 2165 3132 2249 gabe und Uberzeugung, ohne allerdings
350 2185 1263 2236 der überlegenen Frau lassen möchte, aber
1289 2192 2200 2251 wurden: erhebliche Teile des Films leben
2208 2218 3130 2289 alles für diese schwierige Rolle zu haben.
3142 2226 3346 2290 mensch
346 2225 1266 2280 nicht kann. Irgendwo spürt er die Rein¬
1294 2230 2202 2306 von ihren Großaufnahmen. Aber sie wirkt
2216 2272 3127 2334 Immerhin ist es eine sehr beachtliche
3141 2274 3314 2342 lische
341 2275 1262 2336 heit und Größe von Christines Liebe, er
1263 2282 2194 2349 I im Tragischen wie im Heiteren mit der
2209 2321 3128 2387 Leistung, besonders die tragischen Szenen
341 2322 1270 2382 schreibt der verwöhnten Weltdame den
3145 2321 3348 2398 eines g#
1288 2335 2199 2399 gleichen Natürlichkeit, sie ist wirklich das
2214 2367 3136 2445 lassen die Begabung Lerchs erkennen. Der
3141 2369 3355 2437 Wunder
1289 2384 2195 2436 junge Mädchen, das ihrer ersten Liebe zum
2206 2412 3125 2466 Gatte ist Robert Scholz, gut, aber
3135 2416 3344 2494 ihm ent
1281 2437 2196 2495 Opfer fällt. Vivian Gibson ist die
2210 2452 3125 2523 manchmal zu pathetisch, der Freund
342 2434 1270 2547 Dieschwalben kehren wieder
3140 2468 3347 2530 ein gar
1282 2472 2184 2534 mondäne Frau von Welt, sie spielt ihre
2210 2510 3128 2567 Henry Stuart, schlicht und an¬
3134 2513 3347 2581 wenn e
1282 2526 2195 2588 Salonschlange ohne in die so nahe liegen¬
376 2517 1260 2588 Lil Dagover und Max Reinhardt werden
2210 2561 3134 2637 sprechend. Der Vater wird von Jaro¬
3136 2558 3348 2638 ihn von
1281 2581 2194 2645 den Ubertreibungen zu verfallen und
337 2582 1265 2652 in Berlin erwartet, Rudolf Lothar ist schon
2200 2618 3129 2675 Fürth mit großer innerer Wärme dar¬
3138 2610 3339 2683 pathetise
1277 2617 2186 2691 macht die Figur menschlich verständlich.
343 2630 1265 2690 eingetroffen. Er hat in Hollywood drei
2206 2650 3119 2729 gestellt — eine in sich geschlossene Cha¬
3121 2660 3280 2727 nicht.
1280 2677 2191 2743 Und man sieht mit Vergnügen die natür¬
333 2683 1268 2743 Manuskripte fertiggestellt, konnte aber
2218 2706 3112 2785 rakterstudie ist der alte Diener Carl
3127 2712 3244 2774 eine
1266 2730 2194 2781 liche Eleganz ihrer Bewegungen, man
331 2728 1266 2801 nur eins davon placieren. Wie er zu be¬
2200 2750 2488 2820 Platens.
3245 2763 3296 2817 h:
1272 2780 2196 2851 empfindet die Koketterie einer routinierten
334 2773 1266 2849 richten weiß, werden Lubitsch, Krähly
1277 2817 2192 2887 Großstadtdame, aber auch die Tragik
337 2834 1263 2889 und Pommer vermutlich schon im näch¬
2246 2813 3111 2904 Die Photographie von Eduard Hoesch
1268 2862 2192 2925 ihres Zusammenbruchs kommt wirksam
333 2873 1259 2947 sten Monat, spätestens aber im Mai, ihre
2204 2869 3120 2952 ist gut, aber warum die vielen Uberblen¬
1278 2921 2187 2984 zum Ausdruck. Hilde Maroff fällt
334 2924 1265 2999 Reise nach Deutschland antreten, aller¬
2207 2922 3114 2995 dungen? Jack Rotmils Bauten sind
1278 2964 2183 3036 in einer kleineren Rolle wieder auf: die
339 2974 1256 3039 dings um bald wieder nach Amerika
2199 2981 3113 3049 geschmackvoll und unaufdringlich. Alles
1278 3017 2188 3072 gerade, frisch zugreifende Art ihres Spiels
332 3018 714 3091 zurückzukehren.
2192 3021 3110 3086 in allem ein ausgezeichneter Film, dessen
1286 3068 2184 3140 fesselt immer, und man kann wieder kon¬
2206 3076 3117 3149 Wirksamkeit unvergleichlich größer wäre,
3134 3099 3180 3162 d
1277 3109 2179 3186 statieren, daß hier eine wirkliche Film¬
2191 3114 3120 3194 wenn die letzten hundertfünfzig Meter in
334 3138 1249 3201 Abschiedsbrief, aber sie kommt in seine
3139 3151 3244 3209 wer
1270 3151 3058 3239 künstlerin herangewachsen ist, die für ein der Versenkung verschwinden würden.
332 3193 1263 3257 Wohnung und zerreißt lächelnd den Brief.
3128 3183 3283 3263 handel
320 3238 1251 3318 Doch dieser Besuch wird zum Verhäng¬
3130 3248 3283 3309 und al
331 3287 1259 3369 nis: der Gatte erfährt das heimliche Lie¬
3133 3295 3356 3361 Die Baute
985 3340 1268 3407 er fordert
322 3343 928 3401 besabenteuer seiner Frau
3139 3344 3280 3406 viel S
327 3398 1266 3447 Fritz. Und nach einem schweren Ab¬
3134 3392 3182 3445 P
1667 3272 2742 3475 Die Nacht der Liebe
331 3422 1257 3507 schied von Christine stellt er sich und
3123 3437 3176 3507 B
329 3481 1260 3546 fällt. Christine erfährt es, als sie ihn
1725 3454 2670 3557 United Artists-Film im Capitol
3136 3496 3181 3555 e
330 3534 1273 3616 ahnungslos von einer Reise zurückerwurteg
1302 3547 2184 3641 Der amerikanische historische Film ist
336 3582 703 3642 und nimmt Gift.
2201 3562 3110 3651 komplizierten Handlung nicht wenig be¬
3126 3585 3269 3651 möglic
1264 3617 2182 3687 immer in Gefahr Ausstattungsstück zu
375 3626 1245 3692 Schnitzlers Meisterwerk ist von Herbert
2192 3632 3105 3692 deutet. Man spürt überall die geschmack¬
3123 3638 3340 3703 in den H
1279 3669 2181 3737 werden. In Europa entzieht man sich
329 3675 1249 3742 Juttke und Georg C. Klaren taktvoll
2204 3675 3109 3765 volle und erfahrene Hand, auch wo man
3128 3684 3319 3755 lich-Ergr
1273 3702 2177 3781 dieser Drohung ein wenig mehr. Die
318 3722 1251 3781 ins Filmische übersetzt worden. Das Psy¬
2191 3733 2807 3804 gefühlsmäßig nicht mitgeht.
3133 3737 3351 3805 für Prun
1277 3759 2179 3836 „Nacht der Liebe“ ist ein großer Aus¬
323 3773 1244 3838 chologische ist zugunsten des Bildhaften
3124 3780 3352 3854 gültig ve
2232 3775 3108 3867 Es ist zunächst eine Uberraschung,
1273 3814 2177 3896 stattungsfilm, mit allen Requisiten des
330 3819 1258 3890 zurückgedrängt, und das ist gut so. Die
2198 3814 3111 3912 Ronald Colman im Kostüm zu
3118 3841 3340 3910 szene, C
1266 3864 1934 3934 großen historischen Dramas.
328 3865 1258 3920 seelische Handlung kommt in einfachen,
3121 3886 3353 3957 zauberne
2201 3877 3112 3965 sehen. Dieser Typus des modernen, ele¬
328 3914 1252 3984 klaren Linien heraus und sie würde mit
1311 3911 2180 3992 Die Handlung ist etwas kompliziert. Ein
3120 3931 3359 4001 nicht ein
2190 3947 3110 4010 ganten, überlegenen Schauspielers als
320 3962 1244 4032 ungleich stärkerer Schlagkraft wirken,
1270 3960 2175 4044 spanischer Herzeg macht von seinem jus
2193 3992 3111 4054 Zigeunerheld ist gewiß eine paradoxe Vor¬
3125 3987 3339 4053 fühlt. V
322 4018 1248 4073 wenn die Autoren auf den Schluß ver¬
1275 4022 2184 4089 primae noctis, dem Recht auf die erste
2201 4034 3110 4098 stellung. Man wird auch das Gefühl nicht
3120 4031 3346 4098 wert ist
314 4065 1238 4120 zichtet hätten. Der Film ist mit Christines
1261 4063 2181 4132 Nacht jeder Frau seines Herzogtums in
2203 4074 3103 4137 los, daß hier ein zweiter Douglas
3125 4087 3336 4137 geschick
