3344 4224
235 105 607 176 Liebeler
793 101 1222 199 box 13/5
434 1910 1170 2047 Ne e Der GRATIS
240 2061 1179 2157 Estc de: un
250 2152 1320 2247 Adeesse: aH
245 2243 1140 2365 Date. 6 SEPTEIABNE 1933.
262 2395 495 2460 Signature:
262 2483 484 2552 Exposition
474 2518 1170 2595 C’est avec Liebelei, d’Arthur
416 2569 1169 2662 Schnitzler, que la Compagnie Pi¬
425 2639 1164 2729 toeff ouvrira sa saison au Vieux¬
430 2700 1176 2785 Colombier. La répétition genéra¬
432 2753 1178 2836 le aura lieu le jeudi 28 septem¬
431 2822 770 2899 bre, en soirée.
432 2911 698 2975 CHATELET.
496 2967 1182 3043 M. Romberg, le compositeur
435 3021 1187 3111 de Wina Rosa et de Rose de
430 3091 1190 3160 France, est arrivé à Paris pour
432 3141 1174 3212 diriger les répétitions de ce der¬
446 3197 1186 3276 mer ouvrage qui passera prochal¬
420 3263 919 3380 nemsent au Chätelet.
1588 609 2052 681 N· DE DEBIT
1289 708 1619 794 — Ertrait de
1685 673 2177 792 PARIS-IIID
1660 771 2137 837 RUE ROYALE, 25,
1292 784 1581 869 # Adrestz
1287 853 1389 924 ∆
1295 906 1531 968 9— Dale
1699 879 2149 979 G SEPTEMBHE
1391 999 1746 1073 Signature
1379 1099 1683 1165 Exposition: —
1522 1178 2125 1261 Coulisses
1457 1310 2170 1364 Liebelei, la pièce céléhre d’Arthur
1439 1357 2181 1408 Schnitzler qui fut créée à Vienne par
1429 1389 2175 1436 les'solns de Max Reinhardt, sera créé###
1436 1419 2178 1480 le 28 septembre au Vieux-Colombier, par
1439 1452 1875 1502 la Compagnie Pitoëff.
1466 1481 2175 1552 C’est Mmne Ludmilla Pitoéff qui crée¬
1439 1523 1896 1579 ra le röle de Christine.
1471 1550 2175 1624 L’adaptation est de Mme Suzanne
1431 1588 1635 1649 Clauser.
1471 1615 2181 1682 Un acte de Schnitzler, Littérature,
1435 1659 2181 1714 également joué par Mme Pitoéff, fera
1436 1702 1936 1753 partie du mème spectacle.
1740 1736 1885 1783 A
1470 1759 2170 1820 L'Avare, de Molière, et l’Epreuve, de
1435 1814 2173 1863 Marivaux, formeront le programme du
1443 1851 2180 1887 premier spectacle classique de la sai¬
1439 1885 2160 1940 son, à l’Odéon, lundi prochain 11 sep¬
1435 1914 1798 1965 tembre, en soirée.
1746 1942 1869 1999 444
1458 1968 2166 2029 M. Camille Cholsy vient de prendre
1437 2022 2166 2076 la direction du Théätre de la Poti¬
1440 2055 2165 2101 nière, pour y présenter, à partir du 1er
1437 2088 2166 2136 octobre, des spectacles coupés comme
1431 2121 2129 2182 il l’a. falt déjäsur d’autres scènes.
1753 2157 1878 2209 ur
1459 2175 2183 2234 C’est dimanche, en matinée, que
1436 2231 2168 2281 M. Albert Lambert fera sa rentrée
1442 2270 2170 2314 à la Comédie-Française, dans le röle
1433 2305 2168 2357 d’Oreste d’Andromaque. II paraitra le
1439 2329 2168 2381 lendemain, dans la Mégère Apprivoisée,
1436 2370 1954 2430 avec Mme Mary Marquet.
1743 2410 1886 2458 A
1452 2427 2183 2487 La réouverture du Gymnase aura lien
1433 2489 2181 2524 mardi prochain, 12 septembre, avec Le.
1433 2518 2088 2571 Bonheur de M. Henry Bernstein.
1473 2560 2166 2602 Le Bonheur reparaitra sur Taffiche
1429 2587 2169 2635 avec tous ses créateurs: Mme Yvonne
1433 2626 2157 2678 Printemps, MM. Charles Boyer, Michel
1431 2652 2164 2710 Simon, Debucourt, Jacques Grétillat,
1433 2687 2168 2742 Berthier, Jacques Dumesnil, Arvel, Ma¬
1428 2730 2170 2776 ria Fromet, Simone Renant, Lucy Lé¬
1429 2752 2007 2815 ger, Pally, Ray-Roy, Adeline.
1752 2796 1867 2839 ##
1478 2831 2177 2868 Mlle Françia-Rohl a regu pour 1e
1430 2864 2175 2921 Théätre du Discobole L'Amour chez les
1432 2897 2178 2940 Lions, trois actes de M. Rodo-Mahert,
1429 2922 2180 2998 dont M. Etier.ne-Armand fera la mise
1438 2960 1627 3021 en scène.
1741 2978 1885 3048 Aur
1460 3027 2177 3087 C’est demain, en soirée, qu’aurs lien
1437 3071 2170 3122 au Théätre national de l’Odéon, la re¬
1439 3107 2178 3162 prise de la comédie de M. Edmond Gui¬
1431 3145 2179 3196 raud: Le Poussin; la piéce fut créée en
1431 3180 2182 3214 novembre 1908, sur cette mème scène
1440 3214 2182 3261 du second théätre français, par Mmes
1431 3248 2183 3291 Augustine Leriche, André Méry, Véniat,
1431 3275 2169 3327 Luce Colas, MM. Marcel Levéque, Léon
1431 3317 2171 3370 Bernard, Chambreuil, Harry Baur, Sa¬
1442 3348 2183 3388 turnin Fahre, auxquels succéderont
1433 3387 2175 3434 pour cette reprise Mmes Suzanne
1430 3415 2183 3453 Courtal, Eva Reynal, Janine Press,
1431 3449 2186 3492 Blanche Dars, MM. Raymond Girard¬
1435 3487 2184 3540 Harry James, Chamarat, Louls Seigner,
1428 3518 1731 3569 André Wasley.
1461 3554 2162 3602 Dans Les Bleus de Pamour, que le
2062 3582 2091 3599 4
1429 3590 2163 3636 Théätre National de l’Odéon affiche
1438 3617 2166 3658 jeudi en soirée, Mme Suzanne Cour¬
1431 3658 2161 3703 tal jouera pour la première fois le röle
1421 3683 2171 3748 de la comtesse de Simières et M. Jean
1414 3717 2072 3782 Francey le röle d’Alfred Brunin.
1886 3780 1932 3859 1
2226 326 2937 384 Après avoir passé ses vacances à
2199 361 2939 414 Port-Cros, Alice Field a traversé l'Ita¬
2195 403 2936 464 lie et la Suisse. Elle se repose actuelle¬
2621 1458 2758 1511 S
2424 1626 2671 1710 Alice Field
2191 1701 2933 1773 ment à Deauville avant de reprendre,
2192 1746 2929 1800 lundi prochain, au Inéätre Saint-Geor¬
2183 1778 2753 1844 ges, son röle dans 3 et une.
2489 1821 2628 1880 A4
2213 1861 2924 1918 Depuis samedi, le petit Jean Bara,
2176 1902 2919 1955 le jeune créateur de II etdit une
2179 1946 2917 1979 Vois, interprête dans Rosette, le röle
2190 1979 2912 2014 de Dédé aux côtés de: Jeanne Fusier¬
2189 2012 2915 2057 Gir, Carjol, Renée Simonnot et Jeanne
2188 2045 2916 2083 Loury avec Christian Gérard, Jeannine
2184 2080 2912 2124 Mirande, Hubert Daix, Claire Gérard,
2176 2116 2913 2158 André Numès, Josette France et Ar¬
2176 2141 2338 2199 montel.
2480 2173 2625 2224 4#
2205 2206 2929 2275 Al’occasion de la parution du deuxié¬
2190 2271 2921 2309 me fascicule de la collection & Témol¬
2180 2296 2918 2341 gnages de notre temps d. Les juifs, no¬
2178 2335 2917 2380 tre confrère, le journal Vu organisera
2173 2371 2911 2413 demain, à 21 h. 30, par Radio-Paris,
2173 2411 2916 2454 une demi-heure de musique, chansons
2183 2432 2477 2484 et récits juifs.
2482 2468 2611 2524 1n
2209 2509 2913 2583 Mmes Adrienne Beer et Bella Frank
2177 2565 2913 2610 viennent d’étre engagées pour créer des
2182 2600 2913 2637 röles importants dans le Contröleur de
2186 2633 2928 2671 Cataillon, comédie en trois actes de
2180 2668 2918 2722 M. Robert La Peyrade, qul sera re¬
2176 2704 2805 2762 prise au Moulin de la Chanson.
