<?xml version="1.0" encoding="UTF-8" standalone="yes"?>
<PcGts xmlns="http://schema.primaresearch.org/PAGE/gts/pagecontent/2013-07-15" xmlns:xsi="http://www.w3.org/2001/XMLSchema-instance" xsi:schemaLocation="http://schema.primaresearch.org/PAGE/gts/pagecontent/2013-07-15 http://schema.primaresearch.org/PAGE/gts/pagecontent/2013-07-15/pagecontent.xsd">
    <Metadata>
        <Creator>prov=University of Rostock/Institute of Mathematics/CITlab/Gundram Leifert/gundram.leifert@uni-rostock.de:name=ONB_Newseye_GT_M1+(htr_id=10810)::::v=2.4.2
prov=University of Rostock/Institute of Mathematics/CITlab/Tobias Gruening/tobias.gruening@uni-rostock.de:name=de.uros.citlab.module.baseline2polygon.B2PSeamMultiOriented:v=2.4.2
prov=University of Rostock/Institute of Mathematics/CITlab/Tobias Gruening/tobias.gruening@uni-rostock.de:name=/mnt/transkribus/LA/DEA/URO/LA_news_onb_att.pb:de.uros.citlab.segmentation.CITlab_LA_ML:v=2.4.2
Transkribus</Creator>
        <Created>2019-10-07T11:53:48.394+02:00</Created>
        <LastChange>2019-10-09T05:46:59.234+02:00</LastChange>
        <TranskribusMetadata docId="223992" pageId="9508007" pageNr="629" tsid="16623489" status="IN_PROGRESS" userId="40391" imgUrl="https://files.transkribus.eu/Get?id=MVGLINEYCUGIMCBDGEVYENNP&amp;fileType=view" xmlUrl="https://files.transkribus.eu/Get?id=TSGXFJKHIJBVDHKNDFMSUQFE" imageId="6197521"/>
    </Metadata>
    <Page imageFilename="223992_0629.jpeg" imageWidth="3436" imageHeight="4224">
        <ReadingOrder>
            <OrderedGroup id="ro_1711445923176" caption="Regions reading order">
                <RegionRefIndexed index="0" regionRef="r1"/>
                <RegionRefIndexed index="1" regionRef="r2"/>
                <RegionRefIndexed index="2" regionRef="r3"/>
                <RegionRefIndexed index="3" regionRef="r4"/>
                <RegionRefIndexed index="4" regionRef="r5"/>
            </OrderedGroup>
        </ReadingOrder>
        <TextRegion orientation="0.0" id="r1" custom="readingOrder {index:0;}">
            <Coords points="0,1808 0,2031 70,2031 70,1808"/>
            <TextLine id="r1l1" custom="readingOrder {index:0;}">
                <Coords points="-10,1867 10,1865 20,1855 26,1857 30,1853 41,1853 45,1857 55,1847 61,1853 67,1851 71,1855 81,1855 81,1808 65,1810 45,1796 34,1802 26,1798 12,1804 -10,1800"/>
                <Baseline points="0,1844 35,1844 70,1844"/>
                <TextEquiv>
                    <Unicode>zilti</Unicode>
                </TextEquiv>
            </TextLine>
            <TextLine id="r1l2" custom="readingOrder {index:1;}">
                <Coords points="0,1968 12,1967 18,1972 33,1971 41,1980 49,1975 62,1978 68,1923 54,1922 52,1919 46,1921 31,1913 22,1921 4,1921"/>
                <Baseline points="10,1959 54,1963"/>
                <TextEquiv>
                    <Unicode>Ag</Unicode>
                </TextEquiv>
            </TextLine>
            <TextLine id="r1l3" custom="readingOrder {index:2;}">
                <Coords points="-9,2026 15,2027 29,2035 39,2028 47,2028 51,2032 68,2031 67,1984 53,1983 41,1975 15,1978 1,1967 -11,1967"/>
                <Baseline points="0,2018 29,2017 58,2016"/>
                <TextEquiv>
                    <Unicode>En</Unicode>
                </TextEquiv>
            </TextLine>
            <TextEquiv>
                <Unicode>zilti
Ag
En</Unicode>
            </TextEquiv>
        </TextRegion>
        <TextRegion orientation="0.0" id="r2" custom="readingOrder {index:1;}">
            <Coords points="20,2566 20,2720 53,2720 53,2566"/>
            <TextLine id="r2l1" custom="readingOrder {index:0;}">
                <Coords points="7,2686 16,2687 21,2683 27,2686 29,2684 32,2687 43,2684 46,2689 60,2688 67,2632 57,2631 54,2626 45,2633 35,2632 25,2618 15,2617"/>
                <Baseline points="20,2666 53,2670"/>
                <TextEquiv>
                    <Unicode>2</Unicode>
                </TextEquiv>
            </TextLine>
            <TextEquiv>
                <Unicode>2</Unicode>
            </TextEquiv>
        </TextRegion>
        <TextRegion orientation="0.0" id="r3" custom="readingOrder {index:2;}">
            <Coords points="199,174 199,3538 844,3538 844,174"/>
            <TextLine id="r3l1" custom="readingOrder {index:0;}">
                <Coords points="477,208 842,211 841,134 782,160 714,138 681,160 616,142 567,159 539,139 476,125"/>
                <Baseline points="487,203 513,202 539,200 566,199 592,199 619,198 645,198 672,197 698,197 725,197 751,196 778,196 804,196 831,195"/>
                <TextEquiv>
                    <Unicode>Liebelei</Unicode>
                </TextEquiv>
            </TextLine>
            <TextLine id="r3l2" custom="readingOrder {index:1;}">
                <Coords points="291,202 407,226 443,216 489,251 551,260 582,242 636,258 704,231 797,245 853,229 854,192 817,177 763,204 544,203 487,147 419,162 357,135 294,145"/>
                <Baseline points="302,194 329,199 356,203 383,208 410,211 437,214 464,217 491,219 518,220 545,222 573,223 600,224 627,224 654,225 681,224 708,224 735,224 762,223 789,222 816,221 844,220"/>
                <TextEquiv>
                    <Unicode>5. I a4</Unicode>
                </TextEquiv>
            </TextLine>
            <TextLine id="r3l3" custom="readingOrder {index:2;}">
                <Coords points="207,1049 357,1043 383,1056 463,1033 532,1048 558,1031 601,1041 633,1032 632,971 574,962 535,985 482,987 438,972 385,971 360,986 334,974 275,1005 206,988"/>
                <Baseline points="217,1027 242,1028 267,1029 293,1029 318,1029 343,1029 369,1029 394,1029 420,1028 445,1027 470,1026 496,1025 521,1025 546,1024 572,1023 597,1023 623,1023"/>
                <TextEquiv>
                    <Unicode>ffen, gnädige Frau</Unicode>
                </TextEquiv>
            </TextLine>
            <TextLine id="r3l4" custom="readingOrder {index:3;}">
                <Coords points="200,1118 265,1095 346,1111 421,1092 466,1105 494,1087 514,1100 703,1095 702,1048 649,1050 625,1033 540,1053 199,1055"/>
                <Baseline points="209,1091 234,1091 259,1090 285,1090 310,1089 336,1089 361,1088 387,1087 412,1087 438,1086 463,1085 489,1084 514,1084 540,1083 565,1083 591,1083 616,1083 642,1083 667,1084 693,1085"/>
                <TextEquiv>
                    <Unicode>kommen und sind am</Unicode>
                </TextEquiv>
            </TextLine>
            <TextLine id="r3l5" custom="readingOrder {index:4;}">
                <Coords points="207,1166 311,1153 339,1170 386,1153 404,1169 449,1156 518,1173 589,1156 652,1167 697,1161 697,1107 592,1091 527,1092 504,1110 381,1094 348,1111 293,1117 267,1098 206,1117"/>
                <Baseline points="217,1148 243,1148 269,1147 295,1147 321,1146 347,1146 373,1145 399,1145 425,1144 452,1143 478,1143 504,1143 530,1142 556,1142 582,1142 608,1142 634,1142 660,1142 687,1142"/>
                <TextEquiv>
                    <Unicode>und an ihr sonderbares</Unicode>
                </TextEquiv>
            </TextLine>
            <TextLine id="r3l6" custom="readingOrder {index:5;}">
                <Coords points="199,1301 263,1276 333,1297 399,1270 445,1285 498,1266 537,1281 608,1260 640,1279 705,1264 704,1226 601,1201 532,1224 512,1209 349,1222 320,1250 197,1213"/>
                <Baseline points="208,1266 233,1266 259,1266 284,1265 310,1265 335,1265 361,1264 387,1264 412,1263 438,1262 463,1262 489,1261 514,1261 540,1260 566,1260 591,1259 617,1259 642,1258 668,1258 694,1258"/>
                <TextEquiv>
                    <Unicode>gen ll, ich hatte sie</Unicode>
                </TextEquiv>
            </TextLine>
            <TextLine id="r3l7" custom="readingOrder {index:6;}">
                <Coords points="189,1350 281,1328 345,1346 399,1327 447,1346 484,1331 524,1344 547,1327 668,1330 710,1306 710,1280 475,1292 426,1271 341,1293 308,1282 290,1300 247,1287 188,1311"/>
                <Baseline points="199,1329 224,1329 249,1328 274,1328 299,1327 324,1327 349,1327 374,1326 399,1326 424,1325 450,1324 475,1324 500,1323 525,1322 550,1322 575,1321 600,1320 625,1319 650,1318 675,1318 701,1317"/>
                <TextEquiv>
                    <Unicode>gur, weil die Luft mir</Unicode>
                </TextEquiv>
            </TextLine>
            <TextLine id="r3l8" custom="readingOrder {index:7;}">
                <Coords points="201,1407 278,1388 298,1400 349,1388 363,1401 387,1403 420,1390 501,1386 501,1354 477,1358 434,1334 375,1336 318,1352 272,1338 201,1336"/>
                <Baseline points="212,1382 237,1384 262,1385 288,1386 313,1386 339,1387 364,1386 390,1386 415,1385 441,1385 466,1384 492,1383"/>
                <TextEquiv>
                    <Unicode>Karten spiele</Unicode>
                </TextEquiv>
            </TextLine>
            <TextLine id="r3l9" custom="readingOrder {index:8;}">
                <Coords points="209,1452 304,1470 344,1447 455,1463 587,1438 711,1459 710,1402 670,1383 596,1408 550,1387 521,1402 469,1385 446,1402 422,1388 371,1409 292,1395 255,1416 208,1411"/>
                <Baseline points="219,1443 244,1445 269,1445 295,1446 320,1446 345,1446 371,1445 396,1445 421,1443 447,1442 472,1441 498,1440 523,1439 548,1438 574,1437 599,1437 624,1437 650,1437 675,1438 701,1439"/>
                <TextEquiv>
                    <Unicode>rn Ihren Splvester nicht</Unicode>
                </TextEquiv>
            </TextLine>
            <TextLine id="r3l10" custom="readingOrder {index:9;}">
                <Coords points="208,1521 277,1507 307,1528 388,1508 457,1530 508,1508 729,1516 728,1463 675,1452 470,1451 413,1469 334,1453 299,1471 208,1458"/>
                <Baseline points="218,1501 243,1501 268,1502 293,1502 318,1503 343,1503 368,1503 393,1502 418,1502 443,1502 468,1502 493,1501 518,1501 543,1500 568,1500 593,1500 618,1500 643,1500 668,1500 693,1501 718,1502"/>
                <TextEquiv>
                    <Unicode>wo Sie eigentlich sein</Unicode>
                </TextEquiv>
            </TextLine>
            <TextLine id="r3l11" custom="readingOrder {index:10;}">
                <Coords points="205,1643 226,1647 274,1624 305,1640 392,1622 402,1632 434,1624 465,1633 465,1571 440,1569 428,1581 404,1583 373,1573 329,1581 312,1569 276,1565 237,1588 205,1582"/>
                <Baseline points="215,1622 241,1620 268,1619 295,1619 321,1619 348,1619 375,1620 401,1621 428,1621 455,1621"/>
                <TextEquiv>
                    <Unicode>entlich ein!</Unicode>
                </TextEquiv>
            </TextLine>
            <TextLine id="r3l12" custom="readingOrder {index:11;}">
                <Coords points="208,1698 334,1704 371,1689 415,1710 446,1692 525,1705 604,1684 647,1705 726,1683 725,1624 636,1624 599,1650 569,1639 544,1653 445,1627 392,1644 271,1626 207,1643"/>
                <Baseline points="217,1680 243,1681 269,1682 295,1682 321,1682 348,1681 374,1681 400,1680 426,1679 452,1679 479,1678 505,1677 531,1677 557,1676 583,1676 610,1675 636,1675 662,1675 688,1676 715,1676"/>
                <TextEquiv>
                    <Unicode>mit ihm, wenn er nicht</Unicode>
                </TextEquiv>
            </TextLine>
            <TextLine id="r3l13" custom="readingOrder {index:12;}">
                <Coords points="199,1883 221,1891 274,1862 365,1864 394,1886 531,1857 602,1875 730,1871 730,1794 687,1796 661,1819 503,1803 440,1819 373,1803 351,1819 200,1818"/>
                <Baseline points="210,1852 235,1854 261,1855 286,1856 312,1857 337,1857 363,1858 388,1858 414,1858 439,1859 465,1859 490,1858 516,1858 541,1858 567,1858 592,1857 618,1857 643,1857 669,1856 694,1856 720,1856"/>
                <TextEquiv>
                    <Unicode>Stunde am liebsten zu¬</Unicode>
                </TextEquiv>
            </TextLine>
            <TextLine id="r3l14" custom="readingOrder {index:13;}">
                <Coords points="232,1994 297,2001 323,1979 349,1992 431,1979 507,2006 636,1975 733,1995 732,1924 647,1913 510,1937 363,1915 332,1947 273,1932 232,1945"/>
                <Baseline points="242,1970 267,1971 292,1972 317,1973 343,1973 368,1973 393,1973 418,1973 444,1972 469,1972 494,1971 519,1971 545,1970 570,1969 595,1968 620,1968 646,1967 671,1967 696,1967 722,1967"/>
                <TextEquiv>
                    <Unicode>da drin sitzt er und</Unicode>
                </TextEquiv>
            </TextLine>
            <TextLine id="r3l15" custom="readingOrder {index:14;}">
                <Coords points="212,2107 296,2115 342,2096 385,2114 424,2102 498,2117 535,2099 602,2098 637,2074 637,2056 583,2025 465,2046 444,2062 388,2037 345,2055 321,2039 288,2058 211,2046"/>
                <Baseline points="222,2092 247,2094 272,2095 298,2096 323,2097 348,2097 374,2096 399,2096 425,2095 450,2095 475,2094 501,2093 526,2093 551,2093 577,2092 602,2092 628,2093"/>
                <TextEquiv>
                    <Unicode>ist ja Ihr Mann.</Unicode>
                </TextEquiv>
            </TextLine>
            <TextLine id="r3l16" custom="readingOrder {index:15;}">
                <Coords points="206,2290 353,2273 379,2292 489,2267 610,2284 680,2266 679,2207 614,2213 550,2189 497,2190 464,2213 428,2204 386,2232 204,2235"/>
                <Baseline points="215,2268 240,2270 265,2270 291,2271 316,2271 341,2271 367,2270 392,2270 417,2269 443,2268 468,2267 493,2267 519,2266 544,2264 569,2263 595,2262 620,2261 645,2261 671,2260"/>
                <TextEquiv>
                    <Unicode>lvester feiern möchte</Unicode>
                </TextEquiv>
            </TextLine>
            <TextLine id="r3l17" custom="readingOrder {index:16;}">
                <Coords points="208,2346 338,2333 389,2346 499,2321 533,2340 584,2323 624,2342 718,2332 717,2289 674,2276 599,2288 412,2276 375,2299 337,2276 207,2289"/>
                <Baseline points="217,2334 242,2333 268,2332 294,2331 320,2329 346,2329 372,2328 398,2327 424,2326 450,2326 475,2326 501,2325 527,2325 553,2324 579,2324 605,2324 631,2323 657,2323 683,2323 709,2322"/>
                <TextEquiv>
                    <Unicode>Friedmann. Uebrigens</Unicode>
                </TextEquiv>
            </TextLine>
            <TextLine id="r3l18" custom="readingOrder {index:17;}">
                <Coords points="220,2408 287,2395 303,2411 346,2393 478,2409 535,2388 593,2409 646,2390 685,2410 724,2397 724,2338 670,2329 617,2347 556,2331 509,2361 446,2332 219,2347"/>
                <Baseline points="229,2386 254,2387 280,2388 305,2388 331,2389 356,2388 382,2388 408,2388 433,2387 459,2387 484,2386 510,2385 535,2385 561,2384 587,2383 612,2383 638,2383 663,2383 689,2383 715,2383"/>
                <TextEquiv>
                    <Unicode>Gesicht sähe. Ich bin</Unicode>
                </TextEquiv>
            </TextLine>
            <TextLine id="r3l19" custom="readingOrder {index:18;}">
                <Coords points="192,2466 387,2458 442,2475 473,2452 534,2449 669,2464 734,2449 733,2405 589,2412 533,2388 414,2416 334,2396 315,2414 252,2408 211,2375 190,2386"/>
                <Baseline points="201,2453 227,2453 253,2453 279,2452 305,2452 331,2451 357,2451 383,2450 409,2449 435,2449 462,2448 488,2447 514,2446 540,2446 566,2445 592,2444 618,2444 644,2444 670,2444 696,2444 723,2444"/>
                <TextEquiv>
                    <Unicode>meine todte Freundin war.</Unicode>
                </TextEquiv>
            </TextLine>
            <TextLine id="r3l20" custom="readingOrder {index:19;}">
                <Coords points="189,2552 237,2540 286,2554 396,2522 465,2537 483,2523 538,2549 585,2525 617,2541 658,2517 731,2522 731,2469 652,2460 613,2474 554,2460 487,2496 404,2463 335,2486 189,2469"/>
                <Baseline points="199,2515 225,2516 251,2517 277,2518 303,2518 329,2518 355,2518 382,2518 408,2518 434,2517 460,2517 486,2517 512,2517 538,2516 565,2516 591,2516 617,2515 643,2515 669,2516 695,2516 722,2516"/>
                <TextEquiv>
                    <Unicode>ie ja. Das ist einfach</Unicode>
                </TextEquiv>
            </TextLine>
            <TextLine id="r3l21" custom="readingOrder {index:20;}">
                <Coords points="232,2658 407,2632 487,2648 542,2637 567,2653 632,2634 739,2642 738,2563 637,2553 614,2577 519,2604 488,2587 425,2590 405,2608 347,2577 306,2600 273,2584 231,2597"/>
                <Baseline points="241,2633 266,2634 292,2634 318,2635 343,2635 369,2635 395,2634 420,2634 446,2634 472,2633 497,2632 523,2632 549,2631 574,2631 600,2630 626,2629 651,2629 677,2629 703,2628 729,2628"/>
                <TextEquiv>
                    <Unicode>Ihnen, daß es keinen</Unicode>
                </TextEquiv>
            </TextLine>
            <TextLine id="r3l22" custom="readingOrder {index:21;}">
                <Coords points="221,2702 284,2719 388,2697 416,2719 507,2698 534,2711 581,2689 655,2706 731,2695 731,2653 689,2658 636,2633 569,2654 405,2634 317,2671 275,2652 220,2668"/>
                <Baseline points="231,2691 256,2692 282,2692 308,2693 334,2693 360,2693 386,2693 411,2692 437,2692 463,2691 489,2690 515,2690 541,2688 566,2688 592,2688 618,2687 644,2687 670,2687 696,2688 722,2689"/>
                <TextEquiv>
                    <Unicode>als mein Mann — ja.</Unicode>
                </TextEquiv>
            </TextLine>
            <TextLine id="r3l23" custom="readingOrder {index:22;}">
                <Coords points="212,2770 245,2755 332,2772 571,2771 586,2755 679,2769 742,2744 741,2696 211,2715"/>
                <Baseline points="221,2753 246,2753 272,2753 297,2753 323,2753 349,2753 374,2753 400,2752 425,2752 451,2751 477,2750 502,2750 528,2749 553,2748 579,2748 605,2747 630,2746 656,2746 681,2745 707,2745 733,2745"/>
                <TextEquiv>
                    <Unicode>n einmal so. Ich sage</Unicode>
                </TextEquiv>
            </TextLine>
            <TextLine id="r3l24" custom="readingOrder {index:23;}">
                <Coords points="190,2827 340,2811 407,2832 551,2835 630,2812 701,2828 740,2808 740,2756 639,2777 316,2763 273,2780 190,2760"/>
                <Baseline points="201,2812 227,2811 254,2810 280,2810 307,2810 333,2809 360,2809 386,2809 413,2809 439,2809 466,2809 492,2809 519,2809 545,2809 572,2809 598,2809 625,2808 651,2808 678,2807 704,2806 731,2805"/>
                <TextEquiv>
                    <Unicode>men bleiben, so kommt</Unicode>
                </TextEquiv>
            </TextLine>
            <TextLine id="r3l25" custom="readingOrder {index:24;}">
                <Coords points="216,2885 303,2898 338,2866 441,2888 463,2874 567,2880 591,2898 634,2869 703,2884 739,2870 738,2834 675,2815 644,2834 580,2819 553,2835 362,2838 215,2818"/>
                <Baseline points="227,2867 252,2869 277,2871 302,2872 327,2873 352,2873 377,2874 402,2874 427,2873 452,2873 478,2872 503,2872 528,2871 553,2869 578,2868 603,2867 628,2867 653,2866 678,2866 703,2865 729,2865"/>
                <TextEquiv>
                    <Unicode>Und man verzeiht ein¬</Unicode>
                </TextEquiv>
            </TextLine>
            <TextLine id="r3l26" custom="readingOrder {index:25;}">
                <Coords points="195,2975 264,2943 358,2964 392,2939 528,2940 575,2975 670,2945 741,2946 740,2883 711,2877 689,2893 545,2882 490,2899 464,2881 340,2874 275,2900 194,2861"/>
                <Baseline points="204,2930 230,2931 256,2931 283,2932 309,2932 335,2932 362,2932 388,2932 414,2931 441,2931 467,2931 493,2930 520,2930 546,2930 572,2929 599,2929 625,2929 651,2929 678,2929 704,2929 731,2929"/>
                <TextEquiv>
                    <Unicode>nverzeihliches giebt, wenn</Unicode>
                </TextEquiv>
            </TextLine>
            <TextLine id="r3l27" custom="readingOrder {index:26;}">
                <Coords points="196,3081 234,3063 346,3075 370,3059 569,3053 600,3071 744,3071 744,3012 649,3019 609,2982 568,2996 538,2977 485,3007 363,2975 322,3001 270,2984 241,3000 195,2977"/>
                <Baseline points="205,3045 231,3046 258,3046 284,3046 311,3046 337,3046 364,3046 390,3045 417,3045 443,3044 470,3043 496,3043 523,3042 549,3042 576,3042 602,3041 629,3041 655,3041 682,3042 708,3042 735,3043"/>
                <TextEquiv>
                    <Unicode>itlich so melancholisch am</Unicode>
                </TextEquiv>
            </TextLine>
            <TextLine id="r3l28" custom="readingOrder {index:27;}">
                <Coords points="197,3135 557,3109 603,3132 622,3112 744,3114 744,3068 446,3060 340,3075 320,3057 249,3070 196,3054"/>
                <Baseline points="207,3105 233,3106 259,3107 286,3108 312,3109 339,3109 365,3110 391,3110 418,3110 444,3110 471,3109 497,3109 523,3109 550,3108 576,3108 603,3107 629,3106 655,3105 682,3104 708,3104 735,3103"/>
                <TextEquiv>
                    <Unicode>wei Stunden später feiern,</Unicode>
                </TextEquiv>
            </TextLine>
            <TextLine id="r3l29" custom="readingOrder {index:28;}">
                <Coords points="217,3194 276,3210 459,3169 717,3178 747,3168 747,3112 670,3135 520,3110 457,3136 352,3113 216,3137"/>
                <Baseline points="226,3165 251,3166 277,3167 302,3167 328,3167 354,3167 379,3167 405,3167 430,3167 456,3166 482,3166 507,3165 533,3165 558,3164 584,3164 610,3164 635,3164 661,3164 686,3165 712,3165 738,3167"/>
                <TextEquiv>
                    <Unicode>mit Ihrem Mann nach</Unicode>
                </TextEquiv>
            </TextLine>
            <TextLine id="r3l30" custom="readingOrder {index:29;}">
                <Coords points="206,3293 326,3304 468,3288 551,3309 598,3286 697,3301 746,3278 745,3223 666,3220 605,3251 564,3234 444,3251 364,3232 306,3251 232,3204 204,3209"/>
                <Baseline points="215,3283 241,3284 267,3285 293,3286 319,3286 345,3286 371,3286 397,3286 423,3285 449,3285 475,3284 501,3283 527,3283 553,3282 579,3281 605,3281 631,3280 657,3280 683,3280 709,3280 736,3280"/>
                <TextEquiv>
                    <Unicode>die schönere. Denn bei</Unicode>
                </TextEquiv>
            </TextLine>
            <TextLine id="r3l31" custom="readingOrder {index:30;}">
                <Coords points="206,3347 301,3363 334,3349 384,3373 468,3341 677,3369 756,3359 756,3311 681,3292 531,3312 393,3288 348,3317 309,3288 271,3316 206,3296"/>
                <Baseline points="217,3343 243,3344 270,3344 296,3344 323,3344 349,3344 376,3344 402,3344 429,3344 455,3343 482,3343 508,3343 535,3343 561,3343 588,3342 614,3343 641,3343 667,3343 694,3344 720,3345 747,3346"/>
                <TextEquiv>
                    <Unicode>darum giebt es nur Feste,</Unicode>
                </TextEquiv>
            </TextLine>
            <TextLine id="r3l32" custom="readingOrder {index:31;}">
                <Coords points="222,3494 312,3470 444,3487 474,3469 693,3485 762,3470 750,3415 695,3428 512,3408 474,3428 429,3406 381,3435 314,3441 222,3415"/>
                <Baseline points="231,3460 257,3460 283,3460 309,3460 335,3460 361,3461 387,3461 413,3461 439,3462 465,3462 491,3462 517,3462 543,3462 569,3462 595,3462 621,3462 647,3462 673,3462 699,3461 725,3461 751,3460"/>
                <TextEquiv>
                    <Unicode>so — man kann Ihnen</Unicode>
                </TextEquiv>
            </TextLine>
            <TextLine id="r3l33" custom="readingOrder {index:32;}">
                <Coords points="215,3537 371,3526 552,3565 623,3542 745,3546 745,3479 345,3487 313,3471 215,3486"/>
                <Baseline points="225,3519 250,3520 276,3521 301,3523 327,3523 352,3524 378,3524 403,3524 429,3524 454,3524 480,3524 505,3524 531,3523 556,3523 582,3522 607,3521 633,3521 658,3520 684,3519 709,3518 735,3517"/>
                <TextEquiv>
                    <Unicode>erden! Sie wissen ja gar</Unicode>
                </TextEquiv>
            </TextLine>
            <TextEquiv>
                <Unicode>Liebelei
5. I a4
ffen, gnädige Frau
kommen und sind am
und an ihr sonderbares
gen ll, ich hatte sie
gur, weil die Luft mir
Karten spiele
rn Ihren Splvester nicht
wo Sie eigentlich sein
entlich ein!
mit ihm, wenn er nicht
Stunde am liebsten zu¬
da drin sitzt er und
ist ja Ihr Mann.
lvester feiern möchte
Friedmann. Uebrigens
Gesicht sähe. Ich bin
meine todte Freundin war.
ie ja. Das ist einfach
Ihnen, daß es keinen
als mein Mann — ja.
n einmal so. Ich sage
men bleiben, so kommt
Und man verzeiht ein¬
nverzeihliches giebt, wenn
itlich so melancholisch am
wei Stunden später feiern,
mit Ihrem Mann nach
die schönere. Denn bei
darum giebt es nur Feste,
so — man kann Ihnen
erden! Sie wissen ja gar</Unicode>
            </TextEquiv>
        </TextRegion>
        <TextRegion orientation="0.0" id="r4" custom="readingOrder {index:3;}">
            <Coords points="859,111 859,271 975,271 975,111"/>
            <TextLine id="r4l1" custom="readingOrder {index:0;}">
                <Coords points="851,237 873,238 888,251 909,257 935,244 944,233 971,221 987,221 978,131 960,133 938,149 906,150 875,135 842,143"/>
                <Baseline points="859,221 888,221 917,217 946,214 975,211"/>
                <TextEquiv>
                    <Unicode></Unicode>
                </TextEquiv>
            </TextLine>
            <TextEquiv>
                <Unicode></Unicode>
            </TextEquiv>
        </TextRegion>
        <TextRegion orientation="0.0" id="r5" custom="readingOrder {index:4;}">
            <Coords points="1006,170 1006,3494 2943,3494 2943,170"/>
            <TextLine id="r5l1" custom="readingOrder {index:0;}">
                <Coords points="995,191 1097,223 1145,210 1235,228 1287,212 1324,226 1366,209 1427,215 1428,140 1381,145 1354,122 1304,143 1265,126 1217,159 1081,158 1042,139 996,154"/>
                <Baseline points="1006,197 1031,198 1057,199 1083,200 1109,201 1134,202 1160,202 1186,203 1212,204 1237,205 1263,206 1289,206 1315,206 1340,206 1366,206 1392,205 1418,205"/>
                <TextEquiv>
                    <Unicode>box 11/1</Unicode>
                </TextEquiv>
            </TextLine>
            <TextLine id="r5l2" custom="readingOrder {index:1;}">
                <Coords points="1301,983 2779,956 2893,939 2892,884 1299,914"/>
                <Baseline points="1311,972 1389,971 1468,970 1546,968 1625,967 1704,965 1782,964 1861,962 1939,960 2018,958 2097,956 2175,954 2254,952 2332,950 2411,948 2490,946 2568,944 2647,942 2725,940 2804,938 2883,937"/>
                <TextEquiv>
                    <Unicode>nicht, wie jung Sie sind. Während Sie die Geschichte Ihrer verstorbenen</Unicode>
                </TextEquiv>
            </TextLine>
            <TextLine id="r5l3" custom="readingOrder {index:2;}">
                <Coords points="1315,1049 1630,1047 1771,1013 1827,1040 2111,1036 2194,1027 2195,975 2144,998 1919,964 1820,998 1314,980"/>
                <Baseline points="1324,1024 1367,1025 1410,1025 1453,1025 1496,1024 1539,1024 1582,1023 1625,1023 1668,1022 1711,1021 1754,1020 1797,1019 1840,1018 1883,1018 1926,1017 1969,1016 2012,1016 2055,1015 2098,1015 2141,1015 2185,1015"/>
                <TextEquiv>
                    <Unicode>Freundin erzählten — o gnädige Frau ..</Unicode>
                </TextEquiv>
            </TextLine>
            <TextLine id="r5l4" custom="readingOrder {index:3;}">
                <Coords points="1428,1088 2382,1095 2524,1064 2509,1003 1427,1039"/>
                <Baseline points="1437,1086 1490,1085 1544,1084 1598,1083 1652,1082 1706,1080 1759,1079 1813,1078 1867,1076 1921,1075 1975,1073 2028,1071 2082,1070 2136,1068 2190,1067 2244,1067 2297,1066 2351,1066 2405,1065 2459,1066 2513,1066"/>
                <TextEquiv>
                    <Unicode>Agathe (auf den Himmel weisend): Sie vergessen -</Unicode>
                </TextEquiv>
            </TextLine>
            <TextLine id="r5l5" custom="readingOrder {index:4;}">
                <Coords points="1444,1148 2834,1131 2897,1110 2896,1055 1443,1105"/>
                <Baseline points="1453,1139 1524,1140 1596,1141 1667,1141 1739,1140 1811,1140 1882,1139 1954,1138 2026,1136 2097,1135 2169,1133 2241,1131 2312,1129 2384,1127 2456,1126 2527,1123 2599,1122 2671,1120 2742,1118 2814,1117 2886,1116"/>
                <TextEquiv>
                    <Unicode>Emil: Nein gnädige Frau; wenn Sie vom Alter reden, das ist</Unicode>
                </TextEquiv>
            </TextLine>
            <TextLine id="r5l6" custom="readingOrder {index:5;}">
                <Coords points="1305,1220 1331,1219 1342,1227 1367,1208 1380,1221 1394,1217 1407,1232 1434,1213 1481,1225 1514,1216 1517,1165 1491,1174 1469,1161 1463,1165 1448,1156 1426,1162 1411,1153 1392,1168 1373,1159 1361,1167 1347,1156 1308,1161"/>
                <Baseline points="1316,1201 1342,1202 1369,1202 1396,1202 1423,1202 1450,1204 1477,1207 1504,1211"/>
                <TextEquiv>
                    <Unicode>wirklich</Unicode>
                </TextEquiv>
            </TextLine>
            <TextLine id="r5l7" custom="readingOrder {index:6;}">
                <Coords points="1425,1267 2896,1257 2894,1172 1424,1220"/>
                <Baseline points="1434,1261 1506,1259 1579,1257 1651,1256 1724,1254 1796,1253 1869,1251 1941,1250 2014,1249 2086,1248 2159,1246 2232,1245 2304,1244 2377,1243 2449,1241 2522,1240 2594,1238 2667,1236 2739,1234 2812,1231 2885,1229"/>
                <TextEquiv>
                    <Unicode>Agathe: Koketterie — natürlich. Ja, ich weiß schon, wenn ich</Unicode>
                </TextEquiv>
            </TextLine>
            <TextLine id="r5l8" custom="readingOrder {index:7;}">
                <Coords points="1534,1345 2904,1292 2763,1244 1533,1293"/>
                <Baseline points="1544,1319 1611,1318 1679,1317 1746,1316 1814,1315 1881,1313 1949,1312 2016,1310 2084,1309 2151,1308 2219,1307 2286,1305 2354,1304 2421,1302 2489,1301 2556,1300 2624,1299 2691,1297 2759,1296 2826,1295 2894,1294"/>
                <TextEquiv>
                    <Unicode>o gewiß, es kostete mich nicht viel Mühe, einen jungen Mann</Unicode>
                </TextEquiv>
            </TextLine>
            <TextLine id="r5l9" custom="readingOrder {index:8;}">
                <Coords points="1315,1345 1362,1328 1376,1340 1435,1329 1453,1337 1474,1336 1475,1282 1452,1282 1442,1288 1422,1277 1416,1283 1401,1271 1391,1271 1316,1287"/>
                <Baseline points="1324,1321 1352,1320 1380,1321 1408,1321 1436,1322 1464,1323"/>
                <TextEquiv>
                    <Unicode>wollte</Unicode>
                </TextEquiv>
            </TextLine>
            <TextLine id="r5l10" custom="readingOrder {index:9;}">
                <Coords points="1321,1398 2570,1380 2669,1368 2668,1334 2517,1302 1319,1339"/>
                <Baseline points="1329,1377 1395,1378 1462,1378 1528,1378 1595,1377 1661,1376 1728,1375 1794,1373 1861,1372 1927,1370 1994,1368 2060,1366 2127,1364 2193,1363 2260,1361 2326,1360 2393,1359 2459,1358 2526,1358 2592,1358 2659,1359"/>
                <TextEquiv>
                    <Unicode>vom großen Bären herunterzuholen— vielleicht nur ein Wort.</Unicode>
                </TextEquiv>
            </TextLine>
            <TextLine id="r5l11" custom="readingOrder {index:10;}">
                <Coords points="1437,1452 2834,1402 2756,1355 1436,1399"/>
                <Baseline points="1446,1439 1518,1438 1591,1437 1663,1436 1736,1434 1808,1432 1881,1430 1954,1428 2026,1427 2099,1425 2171,1423 2244,1421 2316,1419 2389,1417 2462,1415 2534,1414 2607,1412 2679,1411 2752,1409 2825,1408"/>
                <TextEquiv>
                    <Unicode>Emil: Ja, nur ein Wort, nur einen Blick. Diesen zum Beispiel.</Unicode>
                </TextEquiv>
            </TextLine>
            <TextLine id="r5l12" custom="readingOrder {index:11;}">
                <Coords points="1323,1497 2890,1474 2889,1426 2802,1420 1322,1443"/>
                <Baseline points="1332,1497 1409,1497 1486,1497 1564,1496 1641,1494 1718,1493 1796,1492 1873,1490 1950,1489 2028,1487 2105,1485 2182,1483 2260,1481 2337,1479 2414,1477 2492,1475 2569,1473 2646,1471 2724,1469 2801,1467 2879,1466"/>
                <TextEquiv>
                    <Unicode>Warum gestehen Sie mir 's denn nicht ein, gnädige Frau? Sie sind es,</Unicode>
                </TextEquiv>
            </TextLine>
            <TextLine id="r5l13" custom="readingOrder {index:12;}">
                <Coords points="1311,1576 2901,1520 2825,1473 1310,1528"/>
                <Baseline points="1320,1558 1398,1557 1477,1557 1555,1556 1634,1554 1713,1553 1791,1551 1870,1549 1948,1547 2027,1545 2106,1543 2184,1540 2263,1538 2341,1536 2420,1534 2499,1532 2577,1530 2656,1528 2734,1527 2813,1526 2892,1526"/>
                <TextEquiv>
                    <Unicode>Sie waren es, die in einer Nacht wie heute mit ihrem Geliebten durch den</Unicode>
                </TextEquiv>
            </TextLine>
            <TextLine id="r5l14" custom="readingOrder {index:13;}">
                <Coords points="1317,1651 2903,1589 2825,1530 2773,1568 1316,1572"/>
                <Baseline points="1326,1616 1404,1615 1482,1614 1561,1613 1639,1612 1717,1610 1796,1609 1874,1608 1952,1606 2031,1605 2109,1603 2187,1602 2266,1600 2344,1598 2422,1596 2501,1595 2579,1593 2657,1591 2736,1588 2814,1586 2893,1584"/>
                <TextEquiv>
                    <Unicode>Schnee fuhr, während zu Hause die Leute tanzten und Karten spielten. Und</Unicode>
                </TextEquiv>
            </TextLine>
            <TextLine id="r5l15" custom="readingOrder {index:14;}">
                <Coords points="1317,1674 2296,1695 2908,1658 2907,1585 1317,1643"/>
                <Baseline points="1327,1675 1405,1675 1484,1675 1562,1674 1641,1673 1720,1672 1798,1670 1877,1668 1955,1666 2034,1664 2113,1662 2191,1659 2270,1657 2348,1655 2427,1653 2506,1651 2584,1649 2663,1647 2741,1645 2820,1644 2899,1643"/>
                <TextEquiv>
                    <Unicode>während Sie die Geschichte erzählt haben, glühten Ihre Augen in der Er¬</Unicode>
                </TextEquiv>
            </TextLine>
            <TextLine id="r5l16" custom="readingOrder {index:15;}">
                <Coords points="1327,1748 1513,1751 1538,1735 1667,1761 1721,1733 1826,1749 1861,1729 1861,1695 1792,1677 1660,1704 1628,1689 1603,1711 1522,1712 1480,1686 1327,1694"/>
                <Baseline points="1336,1732 1361,1733 1387,1733 1413,1732 1439,1732 1465,1732 1490,1731 1516,1731 1542,1730 1568,1730 1594,1729 1619,1729 1645,1728 1671,1728 1697,1727 1723,1727 1748,1727 1774,1727 1800,1728 1826,1728 1852,1729"/>
                <TextEquiv>
                    <Unicode>innerung an jene Nacht.</Unicode>
                </TextEquiv>
            </TextLine>
            <TextLine id="r5l17" custom="readingOrder {index:16;}">
                <Coords points="1447,1803 2913,1771 2912,1720 2819,1701 1446,1744"/>
                <Baseline points="1457,1791 1529,1792 1601,1792 1673,1791 1746,1790 1818,1789 1890,1787 1963,1785 2035,1783 2107,1780 2180,1778 2252,1775 2324,1773 2396,1771 2469,1769 2541,1768 2613,1767 2686,1766 2758,1766 2830,1767 2903,1769"/>
                <TextEquiv>
                    <Unicode>Agathe: Sie irren sich ganz gewiß. Im übrigen ist das ganz</Unicode>
                </TextEquiv>
            </TextLine>
            <TextLine id="r5l18" custom="readingOrder {index:17;}">
                <Coords points="1329,1866 2610,1868 2696,1843 2695,1772 1328,1833"/>
                <Baseline points="1339,1854 1406,1854 1473,1853 1541,1852 1608,1852 1676,1850 1743,1849 1810,1848 1878,1847 1945,1845 2013,1843 2080,1842 2147,1840 2215,1838 2282,1836 2350,1834 2417,1832 2484,1830 2552,1829 2619,1827 2687,1824"/>
                <TextEquiv>
                    <Unicode>gleichgiltig, — ob eigene oder fremde Vergangenheit, es ist fern.</Unicode>
                </TextEquiv>
            </TextLine>
            <TextLine id="r5l19" custom="readingOrder {index:18;}">
                <Coords points="1447,1917 1544,1936 1929,1897 2078,1926 2105,1903 2265,1910 2282,1868 1962,1843 1911,1874 1704,1874 1672,1851 1446,1875"/>
                <Baseline points="1457,1910 1497,1911 1538,1912 1579,1911 1620,1911 1661,1910 1701,1910 1742,1908 1783,1907 1824,1905 1865,1903 1905,1903 1946,1901 1987,1900 2028,1899 2069,1898 2109,1898 2150,1898 2191,1899 2232,1900 2273,1902"/>
                <TextEquiv>
                    <Unicode>Emil: Aber es kann wiederkommen.</Unicode>
                </TextEquiv>
            </TextLine>
            <TextLine id="r5l20" custom="readingOrder {index:19;}">
                <Coords points="1453,1988 2503,1969 2651,1946 2651,1898 1451,1927"/>
                <Baseline points="1462,1970 1521,1969 1580,1969 1639,1968 1698,1966 1757,1965 1816,1964 1875,1962 1934,1960 1993,1959 2052,1957 2111,1956 2170,1954 2229,1952 2288,1951 2347,1950 2406,1949 2465,1948 2524,1948 2583,1947 2642,1948"/>
                <TextEquiv>
                    <Unicode>Agathe: Was fällt Ihnen ein. Nichts kommt wieder.</Unicode>
                </TextEquiv>
            </TextLine>
            <TextLine id="r5l21" custom="readingOrder {index:20;}">
                <Coords points="1460,2055 2905,2015 2915,1951 1459,1988"/>
                <Baseline points="1469,2026 1540,2025 1612,2024 1684,2023 1756,2022 1828,2021 1900,2020 1972,2019 2044,2017 2116,2016 2188,2014 2259,2013 2331,2011 2403,2009 2475,2008 2547,2005 2619,2003 2691,2001 2763,1998 2835,1995 2907,1992"/>
                <TextEquiv>
                    <Unicode>Emil: Aber Neues kommt. Wie sagten Sie, gnädige Frau? Bei</Unicode>
                </TextEquiv>
            </TextLine>
            <TextLine id="r5l22" custom="readingOrder {index:21;}">
                <Coords points="1342,2108 2915,2076 2898,2009 1341,2043"/>
                <Baseline points="1351,2093 1428,2091 1506,2090 1584,2088 1661,2087 1739,2085 1817,2083 1894,2081 1972,2080 2050,2078 2128,2076 2205,2075 2283,2072 2361,2071 2438,2069 2516,2067 2594,2065 2671,2063 2749,2061 2827,2059 2905,2057"/>
                <TextEquiv>
                    <Unicode>jedem Fest kommt es auf das Morgen an; so könnte dieses das schönste sein,</Unicode>
                </TextEquiv>
            </TextLine>
            <TextLine id="r5l23" custom="readingOrder {index:22;}">
                <Coords points="1341,2177 1511,2160 1548,2171 1625,2150 1698,2168 1834,2145 1833,2110 1811,2099 1756,2112 1655,2094 1642,2108 1541,2102 1524,2116 1450,2100 1340,2116"/>
                <Baseline points="1351,2146 1377,2148 1403,2148 1429,2149 1456,2149 1482,2149 1508,2149 1534,2148 1561,2147 1587,2147 1613,2145 1640,2145 1666,2143 1692,2142 1718,2142 1745,2141 1771,2141 1797,2141 1824,2142"/>
                <TextEquiv>
                    <Unicode>das ich je erlebt habe.</Unicode>
                </TextEquiv>
            </TextLine>
            <TextLine id="r5l24" custom="readingOrder {index:23;}">
                <Coords points="1459,2211 1560,2229 1582,2217 1631,2227 1690,2200 1718,2215 1806,2211 1827,2194 1849,2198 1848,2148 1689,2169 1675,2159 1641,2174 1614,2163 1547,2173 1495,2164 1458,2179"/>
                <Baseline points="1469,2207 1495,2207 1521,2207 1548,2206 1574,2206 1601,2205 1627,2203 1654,2202 1680,2201 1706,2200 1733,2199 1759,2199 1786,2199 1812,2199 1839,2200"/>
                <TextEquiv>
                    <Unicode>Agathe: Aber!</Unicode>
                </TextEquiv>
            </TextLine>
            <TextLine id="r5l25" custom="readingOrder {index:24;}">
                <Coords points="1458,2267 2925,2255 2923,2187 2848,2179 1457,2226"/>
                <Baseline points="1467,2262 1539,2262 1611,2261 1684,2261 1756,2260 1829,2259 1901,2258 1973,2256 2046,2255 2118,2254 2191,2251 2263,2250 2335,2248 2408,2245 2480,2243 2553,2240 2625,2238 2697,2235 2770,2233 2842,2231 2915,2227"/>
                <TextEquiv>
                    <Unicode>Emil (faßt ihre Hand): Sie wissen ja nicht, wie schön Sie sind! 0</Unicode>
                </TextEquiv>
            </TextLine>
            <TextLine id="r5l26" custom="readingOrder {index:25;}">
                <Coords points="1353,2356 2614,2332 2870,2305 2912,2251 1351,2297"/>
                <Baseline points="1363,2329 1440,2328 1517,2326 1594,2324 1671,2322 1748,2320 1825,2319 1902,2317 1979,2315 2056,2313 2133,2311 2210,2309 2287,2307 2364,2305 2441,2303 2518,2301 2595,2298 2672,2295 2749,2292 2826,2290 2903,2287"/>
                <TextEquiv>
                    <Unicode>glauben Sie mir! Wenn man von Jemand geliebt würde wie Sie, da wär'</Unicode>
                </TextEquiv>
            </TextLine>
            <TextLine id="r5l27" custom="readingOrder {index:26;}">
                <Coords points="1344,2392 2282,2387 2469,2367 2468,2328 1538,2331 1343,2364"/>
                <Baseline points="1354,2385 1409,2384 1464,2383 1519,2382 1575,2381 1630,2380 1685,2379 1740,2378 1796,2377 1851,2376 1906,2375 1961,2374 2017,2373 2072,2371 2127,2370 2182,2369 2238,2368 2293,2366 2348,2365 2403,2364 2459,2362"/>
                <TextEquiv>
                    <Unicode>es wohl der Mühe wert, Alles auf's Spiel zu setzen.</Unicode>
                </TextEquiv>
            </TextLine>
            <TextLine id="r5l28" custom="readingOrder {index:27;}">
                <Coords points="1458,2452 1559,2465 1694,2438 1750,2458 1895,2439 1943,2450 2007,2440 2006,2377 1843,2405 1630,2386 1457,2409"/>
                <Baseline points="1467,2444 1493,2443 1520,2443 1546,2443 1573,2442 1599,2442 1626,2441 1652,2441 1679,2440 1705,2440 1732,2439 1758,2438 1785,2437 1811,2437 1838,2436 1864,2435 1891,2434 1917,2433 1944,2432 1970,2432 1997,2431"/>
                <TextEquiv>
                    <Unicode>Agathe: Glauben Sie?</Unicode>
                </TextEquiv>
            </TextLine>
            <TextLine id="r5l29" custom="readingOrder {index:28;}">
                <Coords points="1471,2505 2731,2493 2923,2471 2921,2410 1469,2452"/>
                <Baseline points="1480,2500 1551,2500 1623,2499 1695,2498 1766,2497 1838,2496 1910,2494 1981,2492 2053,2489 2125,2487 2197,2484 2268,2482 2340,2480 2412,2477 2483,2475 2555,2473 2627,2470 2698,2468 2770,2466 2842,2465 2914,2464"/>
                <TextEquiv>
                    <Unicode>Emil: Ich weiß es, ich fühle es! (Sie sind nah nebeneinander; ihre</Unicode>
                </TextEquiv>
            </TextLine>
            <TextLine id="r5l30" custom="readingOrder {index:29;}">
                <Coords points="1359,2580 2833,2554 2933,2537 2931,2468 1357,2517"/>
                <Baseline points="1368,2564 1445,2564 1523,2563 1601,2562 1679,2560 1757,2558 1834,2556 1912,2553 1990,2551 2068,2548 2146,2545 2223,2543 2301,2539 2379,2537 2457,2535 2535,2532 2612,2530 2690,2528 2768,2526 2846,2525 2924,2524"/>
                <TextEquiv>
                    <Unicode>Lippen begegnen sich, wie zufällig. — In diesem Moment hört das Klavier¬</Unicode>
                </TextEquiv>
            </TextLine>
            <TextLine id="r5l31" custom="readingOrder {index:30;}">
                <Coords points="1345,2639 2633,2619 2708,2557 1344,2605"/>
                <Baseline points="1355,2626 1422,2624 1489,2622 1556,2620 1623,2618 1691,2616 1758,2614 1825,2612 1892,2611 1959,2609 2027,2607 2094,2605 2161,2603 2228,2601 2295,2599 2363,2598 2430,2596 2497,2594 2564,2592 2631,2590 2699,2588"/>
                <TextEquiv>
                    <Unicode>spiel im Nebenzimmer auf; Emil sieht besorgt nach der Thüre).</Unicode>
                </TextEquiv>
            </TextLine>
            <TextLine id="r5l32" custom="readingOrder {index:31;}">
                <Coords points="1466,2698 2410,2661 2409,2628 2320,2612 1465,2655"/>
                <Baseline points="1475,2683 1521,2680 1567,2678 1613,2675 1659,2674 1706,2673 1752,2672 1798,2671 1844,2670 1890,2670 1937,2669 1983,2669 2029,2668 2075,2668 2121,2667 2168,2666 2214,2665 2260,2663 2306,2660 2352,2658 2399,2655"/>
                <TextEquiv>
                    <Unicode>Agathe: Nein, es hat's Niemand gesehen.</Unicode>
                </TextEquiv>
            </TextLine>
            <TextLine id="r5l33" custom="readingOrder {index:32;}">
                <Coords points="1471,2734 1552,2763 1623,2742 1660,2755 1731,2739 1779,2756 1871,2730 1920,2745 1956,2734 1954,2685 1903,2676 1811,2696 1710,2677 1685,2693 1602,2687 1586,2703 1470,2694"/>
                <Baseline points="1481,2735 1506,2736 1532,2737 1558,2737 1584,2737 1609,2737 1635,2737 1661,2736 1687,2735 1713,2734 1738,2733 1764,2732 1790,2731 1816,2730 1841,2730 1867,2729 1893,2728 1919,2728 1945,2728"/>
                <TextEquiv>
                    <Unicode>Emil (verlegen): O</Unicode>
                </TextEquiv>
            </TextLine>
            <TextLine id="r5l34" custom="readingOrder {index:33;}">
                <Coords points="1464,2799 2702,2796 2940,2764 2939,2719 1463,2758"/>
                <Baseline points="1474,2798 1546,2796 1619,2795 1692,2793 1765,2791 1838,2790 1910,2788 1983,2786 2056,2784 2129,2782 2202,2781 2274,2778 2347,2776 2420,2774 2493,2772 2566,2770 2638,2767 2711,2765 2784,2762 2857,2760 2930,2757"/>
                <TextEquiv>
                    <Unicode>Agathe: Im übrigen — wir könnten beschwören, daß es gar nichts</Unicode>
                </TextEquiv>
            </TextLine>
            <TextLine id="r5l35" custom="readingOrder {index:34;}">
                <Coords points="1361,2875 1420,2882 1436,2865 1469,2864 1570,2875 1625,2858 1653,2879 1712,2857 1759,2862 1758,2822 1702,2800 1606,2821 1549,2823 1517,2806 1478,2821 1436,2812 1360,2832"/>
                <Baseline points="1370,2864 1395,2863 1420,2860 1445,2860 1470,2859 1496,2857 1521,2856 1546,2856 1571,2855 1596,2855 1622,2854 1647,2854 1672,2853 1697,2853 1722,2853 1748,2852"/>
                <TextEquiv>
                    <Unicode>zu bedeuten hatte.</Unicode>
                </TextEquiv>
            </TextLine>
            <TextLine id="r5l36" custom="readingOrder {index:35;}">
                <Coords points="1481,2919 1712,2954 2553,2890 2639,2933 2953,2892 2952,2845 2521,2813 2388,2863 1480,2878"/>
                <Baseline points="1491,2912 1563,2913 1636,2914 1708,2914 1781,2914 1854,2913 1926,2912 1999,2911 2071,2909 2144,2907 2217,2905 2289,2903 2362,2900 2434,2897 2507,2894 2580,2891 2652,2889 2725,2885 2797,2882 2870,2879 2943,2876"/>
                <TextEquiv>
                    <Unicode>Emil: Nun ja . . . . gnädige Frau .... (Er will wieder ihre</Unicode>
                </TextEquiv>
            </TextLine>
            <TextLine id="r5l37" custom="readingOrder {index:36;}">
                <Coords points="1362,2999 1394,2987 1439,3004 1457,2988 1554,2997 1593,2980 1603,2988 1617,2980 1631,2994 1674,2985 1673,2946 1652,2948 1632,2931 1604,2933 1588,2921 1555,2940 1525,2934 1500,2944 1482,2933 1441,2943 1405,2924 1362,2932"/>
                <Baseline points="1372,2977 1398,2978 1425,2978 1451,2978 1478,2978 1504,2977 1531,2977 1557,2976 1584,2975 1610,2975 1637,2975 1664,2976"/>
                <TextEquiv>
                    <Unicode>Hand fassen).</Unicode>
                </TextEquiv>
            </TextLine>
            <TextLine id="r5l38" custom="readingOrder {index:37;}">
                <Coords points="1475,3031 2940,3007 2938,2952 2469,2935 1475,2997"/>
                <Baseline points="1485,3032 1557,3032 1629,3031 1701,3030 1773,3029 1846,3028 1918,3026 1990,3024 2062,3022 2134,3020 2207,3018 2279,3016 2351,3014 2423,3012 2495,3009 2568,3007 2640,3005 2712,3003 2784,3000 2856,2998 2929,2996"/>
                <TextEquiv>
                    <Unicode>Agathe (sie ihm leicht entziehend): Oder bilden sie sich am Ende</Unicode>
                </TextEquiv>
            </TextLine>
            <TextLine id="r5l39" custom="readingOrder {index:38;}">
                <Coords points="1363,3116 2951,3058 2907,3012 1362,3059"/>
                <Baseline points="1373,3099 1451,3098 1529,3096 1608,3094 1686,3092 1765,3090 1843,3088 1921,3086 2000,3083 2078,3081 2157,3078 2235,3076 2313,3074 2392,3072 2470,3069 2549,3067 2627,3066 2705,3063 2784,3062 2862,3060 2941,3059"/>
                <TextEquiv>
                    <Unicode>ein, daß Sie es waren, den ich geküßt habe? (Sie tritt vom Fenster weg,</Unicode>
                </TextEquiv>
            </TextLine>
            <TextLine id="r5l40" custom="readingOrder {index:39;}">
                <Coords points="1357,3160 2706,3163 2953,3135 2952,3080 1356,3133"/>
                <Baseline points="1367,3152 1445,3152 1524,3152 1603,3151 1682,3150 1761,3149 1839,3147 1918,3145 1997,3144 2076,3142 2155,3139 2233,3137 2312,3134 2391,3132 2470,3129 2549,3126 2627,3124 2706,3121 2785,3118 2864,3115 2943,3113"/>
                <TextEquiv>
                    <Unicode>geht zur Thüre, und ohne sich noch einmal umzuwenden, tritt sie in den</Unicode>
                </TextEquiv>
            </TextLine>
            <TextLine id="r5l41" custom="readingOrder {index:40;}">
                <Coords points="1361,3243 1397,3241 1428,3222 1448,3224 1458,3234 1470,3228 1480,3234 1503,3222 1529,3236 1568,3232 1569,3171 1527,3167 1498,3181 1488,3173 1468,3179 1460,3171 1440,3184 1409,3172 1393,3184 1361,3186"/>
                <Baseline points="1372,3216 1398,3214 1425,3213 1451,3213 1478,3213 1504,3214 1531,3215 1558,3215"/>
                <TextEquiv>
                    <Unicode>Salon.)</Unicode>
                </TextEquiv>
            </TextLine>
            <TextLine id="r5l42" custom="readingOrder {index:41;}">
                <Coords points="2106,3422 2138,3425 2155,3409 2171,3422 2187,3410 2261,3447 2284,3435 2300,3446 2333,3438 2367,3449 2432,3439 2430,3368 2364,3330 2165,3333 2153,3344 2104,3337"/>
                <Baseline points="2116,3425 2141,3426 2166,3425 2192,3425 2217,3424 2243,3424 2268,3423 2293,3422 2319,3421 2344,3420 2370,3420 2395,3419 2421,3419"/>
                <TextEquiv>
                    <Unicode>Sag N.</Unicode>
                </TextEquiv>
            </TextLine>
            <TextLine id="r5l43" custom="readingOrder {index:42;}">
                <Coords points="1907,3439 1938,3438 1981,3456 2005,3443 2038,3452 2069,3481 2115,3465 2121,3309 2093,3312 2079,3301 2067,3313 2041,3316 2026,3305 2004,3310 1987,3296 1959,3311 1912,3303"/>
                <Baseline points="1916,3433 1943,3431 1970,3431 1997,3431 2024,3433 2051,3435 2078,3436 2105,3439"/>
                <TextEquiv>
                    <Unicode>200</Unicode>
                </TextEquiv>
            </TextLine>
            <TextLine id="r5l44" custom="readingOrder {index:43;}">
                <Coords points="2104,3523 2163,3518 2173,3524 2245,3524 2255,3514 2287,3523 2303,3519 2302,3440 2266,3431 2247,3443 2187,3408 2168,3422 2154,3410 2134,3426 2103,3418"/>
                <Baseline points="2112,3474 2137,3478 2163,3481 2189,3482 2214,3482 2240,3481 2266,3477 2292,3472"/>
                <TextEquiv>
                    <Unicode>28</Unicode>
                </TextEquiv>
            </TextLine>
            <TextEquiv>
                <Unicode>box 11/1
nicht, wie jung Sie sind. Während Sie die Geschichte Ihrer verstorbenen
Freundin erzählten — o gnädige Frau ..
Agathe (auf den Himmel weisend): Sie vergessen -
Emil: Nein gnädige Frau; wenn Sie vom Alter reden, das ist
wirklich
Agathe: Koketterie — natürlich. Ja, ich weiß schon, wenn ich
o gewiß, es kostete mich nicht viel Mühe, einen jungen Mann
wollte
vom großen Bären herunterzuholen— vielleicht nur ein Wort.
Emil: Ja, nur ein Wort, nur einen Blick. Diesen zum Beispiel.
Warum gestehen Sie mir 's denn nicht ein, gnädige Frau? Sie sind es,
Sie waren es, die in einer Nacht wie heute mit ihrem Geliebten durch den
Schnee fuhr, während zu Hause die Leute tanzten und Karten spielten. Und
während Sie die Geschichte erzählt haben, glühten Ihre Augen in der Er¬
innerung an jene Nacht.
Agathe: Sie irren sich ganz gewiß. Im übrigen ist das ganz
gleichgiltig, — ob eigene oder fremde Vergangenheit, es ist fern.
Emil: Aber es kann wiederkommen.
Agathe: Was fällt Ihnen ein. Nichts kommt wieder.
Emil: Aber Neues kommt. Wie sagten Sie, gnädige Frau? Bei
jedem Fest kommt es auf das Morgen an; so könnte dieses das schönste sein,
das ich je erlebt habe.
Agathe: Aber!
Emil (faßt ihre Hand): Sie wissen ja nicht, wie schön Sie sind! 0
glauben Sie mir! Wenn man von Jemand geliebt würde wie Sie, da wär'
es wohl der Mühe wert, Alles auf's Spiel zu setzen.
Agathe: Glauben Sie?
Emil: Ich weiß es, ich fühle es! (Sie sind nah nebeneinander; ihre
Lippen begegnen sich, wie zufällig. — In diesem Moment hört das Klavier¬
spiel im Nebenzimmer auf; Emil sieht besorgt nach der Thüre).
Agathe: Nein, es hat's Niemand gesehen.
Emil (verlegen): O
Agathe: Im übrigen — wir könnten beschwören, daß es gar nichts
zu bedeuten hatte.
Emil: Nun ja . . . . gnädige Frau .... (Er will wieder ihre
Hand fassen).
Agathe (sie ihm leicht entziehend): Oder bilden sie sich am Ende
ein, daß Sie es waren, den ich geküßt habe? (Sie tritt vom Fenster weg,
geht zur Thüre, und ohne sich noch einmal umzuwenden, tritt sie in den
Salon.)
Sag N.
200
28</Unicode>
            </TextEquiv>
        </TextRegion>
    </Page>
</PcGts>
