3436 4256
125 117 999 217 Wien I. Schmurgenn ne
1709 198 2128 268 Liebelei
1541 168 2695 303 5. LreeI#: box 13/8
130 264 636 368 „ORSFRVER“
369 287 1026 394 1. Ssteer, behördlich konzessionierten
367 345 1022 433 Unternehmen für Zeitungs-Ausschnitte
372 387 1027 466 Wien i. Wollzsile 1. Telephon N-23-0-43
150 556 946 687 Ausschnitt aus: seizaslturg. Wir.
439 660 723 817 8A0V.
172 801 338 892 vom:
168 850 3287 911 Speidel. Der Baron Berger sei außerdem andern, unvergessenen, sehr begabten Lotte, sich auch durch die Jahr
1002 811 3286 954 noch ein so geistvoller Plauderer, der vor= dem Fräulein Witt nämlich, zur Hofschau= heit bis in die jetzigen
2773 923 3293 996 Familie, deren Heim er
108 939 3298 1050 Hlüizner Theateribaltuf nehmste Geiellschafter im damals beliebtsten spielerin ernannt. Keine Dame des Burg= Meluncholie leuchtet steic
118 976 2799 1089 — Jounalisten=Bierhaus „zum Winter“ Loktestheaters hatte bis dahin so jung (mit
1892 976 2796 1057 17½ Jahren!) das Dekret erhalten. Als das
1004 996 1914 1102 gehorchte und ist dabei nicht schlecht gefahren.
2818 1008 3299 1081 Kann ein Publikum je
1011 1012 2809 1128 Denn das Ehepaar Berger=Hohenfels erwies Fräulein Medelsky kurze Zeit darauf zitternd
140 1050 1025 1124 In zwei Wochen könnte eine gewisse Lotte
2782 1056 3274 1135 Schauspielerin, wie es
1010 1058 2808 1181 sich später der Medelsky gegenüber als be¬ vor Franz Josef stand, um ihm den Dank
111 1085 1028 1172 Medelsky ihr vierzigjähriges Burgtheater¬
1878 1094 2713 1211 zu unterbreiten, da sagte ihr der Kaiser:
2780 1105 3297 1181 jenem Maß danken, w
116 1127 1017 1227 jubiläum feiern — wenn sie wollte! Aber die
1935 1126 2796 1219 „Liebes Fräulein Medelsky, vor einigen
1025 1156 1332 1234 sonders gütig.
2792 1154 3296 1216 Sie, die das Leid so viel
116 1170 1021 1258 Künstlerin hat sich noch nicht zu einem Fest¬
2801 1198 3293 1269 folgter Frauen getragen
1041 1183 2795 1309 So kam es also im Jänner 1897 zur Tagen sah ich Sie auf der Bühne des Burg¬
116 1208 1034 1310 abend entschließen können, in dessen Mittel¬
2791 1228 3264 1307 ihr eigenes wäre?
1019 1217 2798 1354 „Wildente“=Premiere auf dem Franzensring. theaters. Sie husteten damals einigemal!
111 1256 1039 1345 punkt sie selbst steht und nicht eine Gestalt, die
1910 1269 2797 1347 Ists ein Katarrh? Sie müssen sich schonen,
2788 1268 3301 1353 Schmerz ins eigene Blu
121 1313 1035 1396 sie darstellt. Sie meint (eigentlich ganz
2796 1323 3237 1400 es ist nicht möglich!
1917 1329 2281 1407 liebes Fräulein.“
1031 1319 1924 1404 Es war ein künstlerischer Sieg. Das wichtigste
125 1347 1041 1431 richtig), derlei sei nicht schauspielerisch. Eine
1940 1329 2802 1437 Wie stolz war die Künstlerin auf solche
2824 1359 3305 1432 Nur ein kleines Beis
1024 1368 1933 1440 aber für Burckhard — da ihn doch der
582 1386 1031 1464 Es war Dr. Max
1912 1393 2814 1479 Fürsorge der höchsten Person, die doch wahr¬
128 1412 577 1478 feine Empfindung!
2838 1390 3307 1482 Eines Tages spielt die
1027 1409 1869 1490 Triumph Mitterwurzers als sicher galt —
589 1422 1042 1502 damalige blutjunge
1925 1431 2823 1542 haftig auch an andre Dinge zu denken hatte.
133 1442 615 1517 Burckhard, der die
2794 1445 3272 1528 burger Theater als E
1022 1439 1928 1534 war der Erfolg der Medelsky. Am Schluß des
134 1476 1044 1557 Konservatoristin dem Burgtheater zugeführt
2802 1479 3255 1568 Schnitzlers Liebele“
130 1495 1926 1601 hat. Welche Angst stand er damals für seinen vierten Aktes nach der großen Szene mit
1943 1529 3246 1606 Man kann ich heute kaum vorstellen, welch fünern: Am Schluße#
132 1537 1929 1640 Schützling aus! Im allgemeinen hat man Gregers Werle, der der jungen Hedwig rät,
1031 1565 1932 1660 dem Vater zuliebe die Wildente zu erschießen,
1042 1587 3315 1704 hatten die Sandrock und die Medelsky fast tiefen Eindruck das Gretchen der Medelsky das ahnungslose Mädche
134 1599 1040 1686 diesen persönlich eigenartigsten Direktor des
1041 1598 3311 1745 gleichzeitig abzugehen. Stürmischer Beifall seinerzeit in Wien übte. Die Darstellerin war dem sie ihre ganze Seel
128 1654 1045 1730 Burgtheaters für eine burschikose Natur
2808 1659 3316 1729 Aber das ist noch nicht
1932 1671 2825 1754 wirklich so alt wie die Leidensheldin Goethes.
564 1691 1048 1756 kühles Temperament,
126 1696 567 1773 gehalten, für ein
1033 1709 1927 1784 stieg vom Parkett auf und kam von der Galerie
2813 1716 3313 1787 sei im Duell gefallen, im
1924 1709 2818 1799 Um jene Zeit hatte der große Billroth eine
136 1730 1049 1809 wurstig, wie der Wiener sagt Aber wie er für
2812 1751 3312 1819 einer andern Frau! Und
1039 1749 1929 1835 herab. Und die Medelsky tritt, nachdem der
1931 1770 2836 1840 Aeußerung gegen das Medizinstudium von
134 1781 1046 1864 ein junges, begahtes Wesen sorgte, das an
1043 1786 1941 1879 Vorhang gefallen war, auf die Sandrock zu,
2814 1784 3314 1878 schon begraben, ohne an
1926 1803 2828 1894 Frauen fallen lassen. Sie klang dahin aus, als
138 1813 1052 1890 seiner Hand den Weg zur Höhe nehmen sollte,
2809 1844 3322 1915 nur zu denken! Mit de
1044 1833 1934 1917 um sie zu dieser großen Beifallskundgebung zu
1931 1853 2699 1949 wären sie überhaupt zu wenig begabt.
144 1867 900 1942 das beweist der Fall Lotte Medelsky.
2811 1891 3312 1960 laßt mich!“ stürzt das a
1958 1873 2832 1962 Bei einer Vorstellung mit der Medelsky als
1052 1899 1407 1973 beglückwünschen.
180 1882 1057 1981 Vom Konservatorium sofort ins Burg¬
1071 1902 1953 2009 Da kommt Dr. Burckhard auf die beiden
2829 1933 3294 2014 Wohnung des Vaters
1933 1927 2831 2014 Gretchen saß ein bekannter Nervenarzt, Dozent
148 1937 1066 2024 theater zu kommen, ohne vorher jemals auf
2833 1975 3034 2050 Donau.
1050 1966 1941 2047 Damen zu und sagte der Medelsky: „Aber,
1933 1963 2830 2056 Dr. Holländer, neben mir. Ergriffen sagte er:
153 1991 1003 2068 einer andern Bühne aufgetreten zu sein -
1827 1992 1954 2062 Der
2847 2005 3312 2082 Als die Medelsky a
1057 2006 1817 2089 Tschapperl, was reden Sie denn da?
1938 2013 2847 2100 „Die Leistung dieses jungen Mädchens, das. da
153 2011 1059 2107 nach der Medelsky hat derlei niemand erlebt!
1043 2056 1954 2128 Beifall hat ja Ihnen gegolten! Sie haben
2822 2062 3327 2133 letzten Worte ihrer Roll
1935 2051 2826 2146 die Margarete in solch schüchternem, zurück¬
152 2071 1058 2164 Höchstens Iphi Buchmann. Aber sie blieb nicht
2836 2113 3324 2177 mächtigte sich des Hauses
1049 2066 1791 2189 Ihre Szene ausgezeichnet gespielt!“
1943 2102 2836 2188 haltendem Ton anlegt und immer inniger
162 2142 327 2216 lang.
1089 2116 1946 2217 Die Debütantin erschrickt ob dieser Worte
2838 2149 3322 2220 liche Erregung! Ein Her
1950 2151 2836 2229 wird, um zum Schluß den Höhepunkt
1065 2179 1956 2262 des Direktors. Denn sie glaubt, die Sandrock
2836 2199 3329 2261 sprang mitten im To
1940 2185 2830 2269 dramatischer Kraft zu erreichen — diese
191 2203 1077 2288 Als erste so eigentlich ausschlaggebende
2825 2236 3318 2304 und lief auf die Bühne
1951 2229 2841 2315 Steigerung allein zeugt von bewunderns¬
166 2220 1952 2342 Rolle sollte die Novize die Hedwig in Ibsens werde beleidigt sein. Aber die schon berühmte
2835 2285 3328 2345 die Darstellerin, um die
1944 2277 2845 2365 werter Feinheit des Geistes; davon nicht zu
163 2260 1962 2370 Wildente“ spielen. Mitterwurzer hatte zur Kollegin sagt: „Der Direktor hat ganz recht!“
2861 2295 3319 2394 „Gnädige Frai¬
1069 2321 1695 2405 und küßt die junge Partnerin.
1950 2314 2855 2401 sprechen, wie ein kaum flügge gewordenes
170 2330 1079 2421 Aufführung dieses „oben“ nicht ganz freund.
1086 2338 1963 2430 Da, wie schon erwähnt, die Frau Mitter¬
2836 2360 3328 2430 Sie bis nun nicht geka
1951 2361 2848 2451 Mädchen die Verse eines Goethe so tief erfaßt
165 2384 1082 2469 lich erwarteten Stückes gedrängt. Aber da er
1080 2392 1970 2474 wurzer die Sörby spielte, zeigte Friedrich
2845 2406 3321 2477 des Hauses Sie haben
1954 2410 2855 2484 Angesichts dieses Gretchens würde Billroth
159 2429 1073 2514 selbst den Hialmar spielen wollte mußten alle
1068 2427 1969 2518 Mitterwurzer an jenem Abend besondere
2843 2446 3324 2515 aber all das spielt kein
1949 2450 2856 2547 wohl andrer Meinung über die Frauen
165 2460 1090 2543 Bedenken schweigen. In welch berühmter
1072 2478 1969 2563 Erregung. Obwohl von seiner Frau längst ge¬
2841 2490 3333 2561 Sorge, die ich für Ihrel
1967 2514 2183 2592 werden!“
163 2511 1088 2606 Besetzung konnte da die kleine Absolventin des
1076 2512 1977 2608 schieden, hatte er, wie stets, wenn er mit ihr
2844 2528 3325 2614 selbst müssen ja furcht
177 2555 1086 2637 Konservatoriums dem Publikum sich zeigen!
1075 2563 1799 2665 auftrat, Blumen für sie mitgebracht.
2879 2574 3328 2645 Und der Arzt zieh
1989 2569 2863 2680 Damals genoß die Medelsky ihre glücklichste
170 2601 1091 2684 Man braucht nur die Namen aufzuzählen, um
1117 2584 1984 2686 Aber er übergab sie ihr nicht während der
2845 2612 3330 2688 deren Wangen noch gl
1959 2643 2872 2730 Zeit. Zum jungen Ruhm, der um sie blühte.
187 2633 1100 2719 den wohl kaum mehr erreichbaren Glanz von
1083 2644 1985 2735 Vorstellung, sondern nach Schluß. Da wartete
2855 2656 3222 2720 der Bühne weg —
1966 2683 2866 2752 gesellte sich das Glück der Liebe. Da hatte
178 2670 1092 2770 damals zu schildern: Werle war Lewinsky,
1092 2689 1977 2770 er beim Bühnenausgang an der Volksgarien¬
2857 2701 3338 2774 fühlt ihr den Puls un
454 2724 1096 2795 Reimers, Eckdal — Schöne,
1965 2728 2870 2792 Burckhard einen reichsdeutschen Schauspieler
1084 2731 1970 2823 seite, bis Frau Mitterwurzer in den Theater¬
175 2739 417 2815 Gregers
2865 2744 3278 2822 voller Stimme zu:
180 2761 1097 2837 Hjalmar — Mitterwurzer, Gina — Adele
1974 2759 2868 2842 für das Burgtheater gewonnen Eugen
1096 2760 1978 2857 wagen zur Nachhausefahrt einsteigen wollte.
2893 2768 3331 2857 „Ihr Zustand ist ja
1976 2796 2877 2892 Frank, das Bild jungmännlicher Schönheit:
191 2802 1101 2887 Sandrock, Frau Sörby — Frau Mitterwurzer,
1087 2811 1985 2901 Diese viersitzigen, geschlossenen Landauer, die
2853 2828 3326 2906 sich beruhigen — Ihr
180 2844 1118 2935 Relling — Ernst Hartmann und Molvig —
2891 2869 3329 2946 Er will ihr dieses u
1083 2859 1966 2936 damals den Künstlern zur Verfügung ge¬
236 2902 2869 3008 Welcher Kampf hatte sich um: die Hedwig halten wurden, waren in Wien als humpelige #adelloser, zum Heldischen neigender Wuchs,
177 2919 513 3004 Huge Thimig.
2862 2909 3327 2980 mittel geben, er hat
1974 2940 2872 3019 blauen Augen geradezu erleuchtet, eine
194 2941 2879 3065 abgespielt! Die Reinhold wollte sie spielen, Straßenungeheuer geradezu berühmt! Und ersträchtiger Kopf, ein helles Antlitz, durch die
2868 2962 3328 3019 der Medikamententasch
1980 2977 2874 3067 Fülle blonden Haares. Kollege und Kollegin
2864 3007 3344 3081 lehnt mit mildem Lächeh
202 2989 1987 3100 aber auch eine viel mächtigere Schauspielerin die alten, bequemen Pferde! Man daute an die
1978 3020 2876 3094 reichten einander alsbald die Hand zum
2907 3039 3352 3111 „Der Puls wird sich
201 3032 1998 3136 von damuals: die Hohenfels! Sie glaubte an Vehikel aus den Hackländerschen Romanen
1988 3053 2889 3143 Bund. Eine wahrhaft glückliche Ehe nahm
1108 3078 1994 3161 des gemütlichen Hoftheaterlebens.... War
2869 3071 3331 3159 ruhigen. Lissen Sie
197 3103 1114 3190 die Möglichkeit, trotz ihrem Alter ein noch in
1985 3107 2875 3183 ihren Anfang. Man weiß ja: die Tochter und
1102 3113 1988 3197 nun der Wagen für Frau Mitterwurzer vor¬
2866 3121 3252 3212 stündchen ruhen.“
201 3140 1110 3222 der Entwicklung begriffenes Mädchen wie die
1996 3153 2885 3228 der Sohn, Lieselotte Medelsky und Hans
1106 3159 1988 3243 gefahren, so schob ihr ehemaliger Gatte den
2914 3152 3343 3236 „Aber Sie verspre#
218 3170 1113 3272 vierzehnjährige Hedwig spielen und als Tochter
1984 3196 2890 3285 Frank, haben die schauspielerische Laufbahn
1112 3199 2001 3290 Portier, der die Tür öffnen wollte, zur Seite
2869 3205 3346 3274 der Arzt die Künstlerin
223 3217 911 3335 der Sandrock auftreten zu können!
1116 3238 1998 3325 und bemächtigte sich selbst des Wagenschlages.
1998 3242 2431 3337 mit Erfolg betreten.
2880 3261 3337 3321 aus der Seele und
251 3252 1121 3354 Aber Burckhard blieb unbedingt bei der
2023 3266 2877 3350 Leider aber kam mit dem Krieg das
1121 3283 2003 3369 War die Gattin da, so riß er die Tür auf und
2874 3299 3336 3378 Herzen herauszuschöpfe
214 3297 1127 3406 Medelsky. Als vorsorglicher Protektor riet er
1999 3323 2888 3408 Unglüc' ins Haus. Eugen Frank wurde von
1112 3327 2006 3415 legte erst jetzt die Blumen feierlich in ihren
2912 3331 3352 3409 „Es ist unser Beruf,
226 3358 1131 3441 ihr, zu Frau Hohenfels und ihrem Gatten
1991 3370 2893 3449 einer Kriegspsychose erfaßt. Als Sohn eines
2873 3373 3342 3460 lerin mit bitterem Läch
1118 3372 2008 3450 Schoß, küßte der Gattin die Hand und ließ sie
217 3403 1127 3497 Baron Berger nach Hietzing zu fahren, um
1988 3417 2882 3495 Landwirtes im gesündesten Milien auf¬
2907 3432 3340 3494 Und nochmals stür
1117 3425 1862 3517 dann schon allein nach Hause fahren.
223 3437 1125 3531 deren künstlerischen Rat zu bitten und die Er¬
1977 3454 2890 3551 gewachsen, geriet er durch die Schreckens¬
2887 3455 3356 3544 das Schicksal Christinels
225 3492 1138 3582 laubnis, ihnen eventuell die Hedwig vor¬
2910 3510 3316 3581 Und nun, nach
1141 3497 2887 3621 Der Erfolg mit der Hedwig beschleunigte nachrichten vom Kriegsschauplatz aus dem
226 3527 1144 3614 sprechen zu dürfen. Das würde die Frau
1120 3530 2898 3666 die Karriere der Medelsky und als sie erst scelischen Gleichgewicht. Die Aerzte geboten
231 3573 1141 3664 Baronin versöhnen und auch ihren Gemahl,
236 3602 3348 3759 Denn ihn verbinde alte Freundschaft mit den mit dem Greichen im „Faust“ 1 Sensation aufs strengste: Aufgabe aller Tätigkeit. Aber Wirkens, feiert man ei
224 3610 1145 3712 der eine besonders wichtige Persönlichkeit sei.
242 3623 2931 3814 meisten Kritikern, besonders mit Ludwig übte, da wurde sie gleichzeitig mit einer die Liebenswürdigkeit seiner Natur bewährte
