3392 4320
248 222 799 306 5. Liebelei
407 229 1375 339 . box 11/4
1972 186 2963 264 „Liebelei“ von Schnitzler, „Der zer¬
2069 234 2827 320 brochen— Kleist.
2049 291 2963 377 Nach mehrjähriger Pause brachte unsere
1957 357 2952 419 Bühnenleitung wieder einmal die erste und wir¬
1958 408 2959 474 kungsvollste dramatische Arbeit Arthur Schnitz¬
1959 455 2967 520 lers „Liebelei“ auf die Bühne. Es war einer
1962 506 2970 560 der seltenen Premieren=Abende im Abonnement,
1945 537 2962 610 bei welchen erfahrungsgemäß die Stimmung
1949 597 2960 654 immer um einige Grade wärmer ist, wie bei
1946 651 2961 714 dem eigentlichen Premieren=Publikum. Aber
1951 709 2962 767 auch dieses wäre bei einer Darstellung der Chri¬
1947 737 2952 804 stine, wie wir sie gestern sahen, warm gewor¬
1952 793 2969 860 den. Hatte das im Vormonate aufgeführte
1946 827 2968 889 Schauspiel „Die fremde Frau“ des Franzosen
1948 893 2955 938 Bisson dem Fräulein von Effner Gelegen¬
1945 944 2955 1007 heit gegeben, das Gefühlsleben einer vom ge¬
1943 989 2965 1045 raden Lebenswege abgeirrten, unglücklichen Frau
1951 1039 2953 1100 in künstlerisch geradezu vollendeter Weise zum
1952 1086 2957 1153 Ausdruck zu bringen, so wurde es der schätzens¬
1950 1140 2963 1185 werten Künstlerin gestern in dem Schnitzlert.
1948 1186 2974 1248 schen Schauspiele „Liebelei“ ermöglicht, dem Pu¬
1946 1243 2973 1301 blikum dieses Trauerspiel eines Mädchens, das
1942 1274 2951 1339 sich ganz gegeben und dafür die Liebe des von
1940 1330 2958 1402 ihr vergötterten Mannes eingetauscht zu ha¬
1937 1378 2952 1439 ben glaubt, durch die Tötung des Geliebten
1937 1431 2953 1501 im Duell aber erfahren muß, daß es ihm nur
1940 1481 2959 1537 eine Liebelei war, in wirklich ergreifender Weise
1941 1536 2962 1599 vor Augen zu führen. Fräulein von Effner
1949 1579 2960 1627 gehört zu jenen echten Künstlerinnen, welche
1937 1617 2966 1684 die Handlung des Stückes bei jeder Aufführung
1948 1673 2954 1734 mitleben und nicht nur selbst in ihrer Rolle
1947 1725 2951 1781 aufgehen, sondern auch das Publikum in deren
1950 1768 2955 1846 Bannkreis ziehen. Kein Wunder daher, wenn
1951 1817 2959 1890 diese hochbegabte Schauspielerin auch gestern
1939 1876 2963 1932 wieder, insbesondere nach der brillant durch¬
1948 1922 2959 1986 geführten Schlußszene durch rauschenden, sich
1944 1972 2949 2035 immer wieder erneuernden Beifall ausgezeich¬
1946 2013 2196 2075 net wurde.
2032 2054 2945 2133 Ganz vorzüglich traf auch Fräulein Rob¬
1946 2117 2962 2170 ba als Mizzi Schlager den Ton des „süsten
1951 2160 2963 2230 Mädels“ und trug dadurch zur Belebung der
1945 2215 2621 2279 Szene ganz hervorragend bei.
2030 2260 2956 2322 Herr Kunst in der Rolle des Hans Wei¬
1943 2319 2949 2370 ring und Herr Flemming als Fritz Lob¬
1938 2373 2947 2440 heimer boten sehr anerkennenswerte Leistungen,
1951 2424 2951 2481 auch Herr Strahl wußte den leichtlebigen.
1950 2462 2958 2539 Theodor Kaiser recht wirksam darzustellen bie¬
1935 2533 2950 2607 zur Schlußszene, in der er als Totenvogel
1934 2590 2940 2653 erscheint; da konnte er den geborenen Komi¬
1933 2637 2940 2693 ker nicht verleugnen und wirkte in Haltung
1933 2694 2938 2760 und Miene auf die Lachmuskeln geradezu auf¬
1943 2738 2156 2805 reizend.
2041 2766 2958 2851 Der etwas längliche Einakter „Derzer¬
1930 2833 2952 2897 brochene Krug“ von Kleist, der dem Schau¬
1932 2885 2958 2950 spiele nachfolgte, wirkte dadurch, daß er nach¬
1935 2949 2942 3005 felgte, wie auch durch die ein wenig gezwun¬
1930 2972 2949 3053 gene Komik des Richters Adam ermüdend. Herr
1938 3026 2947 3094 Lübau, sonst eine sehr schätzenswerte Kraft
1941 3076 2945 3143 unseres Schauspielensembles, gab sich ja auch
1932 3128 2942 3197 gestern sichtlich alle Mühe, aus dem Richter
1941 3195 2946 3245 Adam etwas zu machen, aber es wollte ihm
1937 3240 2947 3302 doch nicht so recht gelingen, über das Durch¬
1939 3280 2944 3341 schnittsmaß derartiger Adams hinauszukom¬
1937 3327 2953 3390 men, obwohl gerade die Figur dieses komischen
1938 3368 2948 3441 Hallunken hervorragendste Schauspielgrößen zu
1938 3426 2941 3493 ihrer Ausgestaltung als Glanzrolle aneiferte¬
1948 3479 2942 3543 Gestern sah man wohl die Rolle, aber der
1939 3505 2951 3593 Glanz fehlte. Recht resolut gab Frau Becker
1941 3554 2951 3639 die Bäuerin Martha und auch Herr Flem¬
1939 3623 2946 3696 ming stellte den jungen Bauernburschen Rup¬
1940 3673 2953 3737 recht flott und lebensfrisch auf die Bühne. Al¬
1937 3719 2942 3782 lerliebst war Fräulein Jalda als Evchen.
1936 3771 2944 3841 Herr Burian als Schreiber Licht und Herr
1941 3831 2942 3878 Eghart als Gerichtsrat Walter vervollstän¬
1943 3880 2943 3935 digten das Ensemble in zufriedenstellendster
1944 3910 2955 3979 Weise. Der Diener des Gerichtsrates steckte
1940 3958 2953 4042 in einer furchtbar modernen Livrée; der dama¬
1947 4020 2938 4072 lige Gerichtsschneider muß ein Prophet auf
1944 4062 2948 4147 dem Gebiete der Bekleidungskunst gewesen sein.
2750 4139 2898 4214 Bgst.
