3484 4256
424 181 822 254 Liebelei
255 180 829 301 5. Aennnnn
972 174 1406 267 box 12/3
1537 1041 1872 1123 burg, Toronto.
1483 1110 1900 1169 (Quellenangabe ohne Gewähr.)
1132 1168 2210 1267 Ausschnitt aus: Der Humorist, Wien
1397 1230 1702 1327 1-MlASiE
1298 1323 2161 1432 Diesdester Theaterbrief.
1996 1408 2321 1495 27. April 1912.
1119 1456 2344 1537 Im Königl. Schauspielhause wurde als sehr ver¬
1010 1511 2341 1578 spätete Neuigkeit Artur Schnitzlers dreiaktiges Schauspiel „Liebelei“.
997 1570 2347 1618 zum ersten Male augesheStück wurde vor ungefähr
1010 1615 2362 1688 15 Jahren, als es neu war, im Residenztheater gegeben, Agnes
1002 1666 2349 1738 Sorma gastierte als Christine. Der Erfolg war groß. Galt doch
1002 1719 2357 1760 Schnitzler seit seinem Anatol=Zyklus für einen der hoffnungsvollsten
1004 1760 2348 1817 Vertreter des modernen Wienertums. Er brachte einen neuen Typus:
1010 1822 2348 1875 „das süße Mädel“, auf die Bühne und eroberte damit das Pu¬
996 1867 2351 1938 blikum. Aber es dauerte nicht lange, da gab es in allen wiener
1003 1908 2354 1979 Stücken und in den zahllosen Operetten „süße Mädel“ in Menge.
1000 1972 2367 2038 Der Reiz der Neuheit ist dahin. Immerhin war es interessant,
998 2011 2353 2081 Schnitzlers bestes Werk, und das ist „Liebelei“ geblieben, im
994 2047 2348 2129 Rahmen des Hoftheaters zu sehen. Auf wiener Lokalkolorit konnte
1003 2108 2351 2173 man zwar nicht rechnen, aber daß die poetischen und dramatischen
999 2161 2363 2230 Werte des Stückes zu eindringlicher Wirkung kommen würden,
992 2215 2352 2283 konnte man mit Sicherheit annehmen und hatte sich auch nicht
999 2258 2359 2323 getäuscht. Alice Verden schuf aus der Christine eine Gestalt von
1012 2309 2344 2374 mädchenhafter, rührender Zartheit. Da war jeder Ton echt, menschlich
1014 2348 2353 2420 wahr und schlicht. Christinens Vater, den alten Geiger Weiring,
1014 2408 2349 2476 gab Hans Fischer ganz prächtig. Er war der rechte Vater für
998 2460 2350 2527 diese Tochter. Für den unglücklichen Liebhaber Fritz, auf dessen
1018 2499 2349 2581 Stimmung das bevorstehende Duell einen düsteren Schatten wirft,
1025 2552 2339 2625 setzte Herr Wierth seine sympathische Persönlichkeit ein. Brillante
985 2605 2349 2677 Kypen aus dem lebenslustigen Wien stellten Rudolf Weinmann
1006 2654 2344 2722 und Poldi Müller. Weinmann gab wieder eines seiner schau¬
997 2693 2340 2745 spielerischen Kabinettstücke und es ist nur zu bedauern, daß dieser
1007 2741 2349 2814 feine Charakteristiker so wenig beschäftigt wird. Weinmann hat
995 2789 2390 2863 viel Originalität und seine Gestalten vergißt man nicht. Poldi j
991 2847 2340 2914 Müller, eine neu gewonnene Kraft, gab die lustige Mizzi frisch
1042 2942 2385 3024 und munter und im unverfälschten wiener Dialekt. Bleiben noch
1045 2971 2397 3067 Ida Bardou=Müller, die einer Kleinbürgerin manchen
1058 3025 2391 3127 treffenden Zug gab, und Lothar Mehnert, der die erschreckende
1045 3082 2412 3179 Unerbittlichkeit des Verhängnisses, in diesem Drama den in seiner,
1058 3126 2400 3243 Ehre tödlich verletzten Ehemann, mit tragischer Wucht verkörge#e.
