3436 4224
374 179 762 256 Liebelei
923 178 1349 275 box 10/7
213 181 787 304 5. M e 4
1077 1592 2079 1656 Schicksal nicht mehr aus den Fingern läßt.
134 1611 1054 1671 ische Schuld? Der Geliebte mag untergehen, er
1064 1648 2083 1706 Während die Modistin Mizi Schlager in Folge
137 1662 1065 1722 s nicht besser verdient, die Heldin des Stückes
1067 1685 2074 1750 ihrer „Erfahrungen“ das Verhältniß mit Theodor
174 1700 1064 1746 das treuliebende, aufrichtige Mädchen,
1070 1729 2082 1783 Kaiser nicht zu hoch anschlägt, setzt es sich ihre
144 1751 1069 1810 dem Vater ihre ganze Liebe reuig eingesteht,
1067 1775 2083 1833 Freundin Christine Weiring in den Kopf. „ihren
151 1799 1059 1844 Selbstmord in die Arme getrieben zu sehen,
1067 1821 2083 1878 Fritz“ möglichst lange an sich zu fesseln, da er ihre
138 1827 1059 1885 mag ja naturalistisch und dem modernen
1070 1863 2084 1926 erste und einzige Liebe sein soll. Fritz scheint auch
134 1881 1059 1930 n entsprechend sein, wirkte trotz alledem aber
1064 1911 2081 1972 nicht gänzlich abgeneigt, jedenfalls spielt er in un¬
138 1911 1071 1977 emein niederschmetternd und verstimmend.
1077 1947 2079 2013 verantwortlicher Weise mit den ehrlich gemeinten
141 1970 1064 2022 fehlte es denn doch zum guten Theile an der
1077 1995 2087 2053 Gefühlen des schlichten Mädchens. Es folgt ein
142 1997 1064 2064 pivoraussetzung eines Dramas, der tragischen
1071 2039 2081 2114 kleines reizendes Souper zu Vieren in Lobheimers
139 2042 1072 2115 #ld, denn unmöglich kann eine erste Liebe
1079 2088 2090 2151 Wohnung. Der Becher kreist, man tanzt und
161 2097 1067 2156 zu einem Mann, der auf einer höheren
1067 2128 2081 2188 musicirt, kurz, man amüsirt sich prächtig, da
137 2144 1067 2202 lschaftlichen Stufe steht, als ein Verbrechen,
1072 2170 2083 2230 taucht der beleidigte Gatte auf und unterbricht
149 2188 1062 2238 Sühne verdient, angesehen werden. Ferner
1070 2212 2084 2276 die kleine Feier. Schnell werden die Mädel in
125 2218 1073 2272 ißt man in dem Drama jeden ver¬
1077 2255 2094 2317 ein anderes Zimmer geführt und aus der Unter¬
142 2253 1070 2325 enden und idealistischen Zug, es baut sich auf
1079 2299 2091 2355 redung zwischen Lobheimer und dem fremden
154 2317 1064 2375 runsittlichen Basis auf und kann, grausam
1080 2349 2087 2402 Herrn ist so viel ersichtlich, daß ein Duell nicht
151 2356 1072 2423 kalt, wie das menschliche Leben, das so
1075 2389 2099 2447 mehr vermieden werden kann. Statt nun dem
132 2395 1071 2454 chen zertritt, niemanden erwärmen. Das
1072 2435 2089 2500 Duell auszuweichen und sich in frischem Lebens¬
145 2443 1066 2500 Theaterstück gehört daher, trotzdem es sauber
1077 2475 2086 2537 muth ein gesundes, kräftiges Glück mit dem ge¬
146 2493 1067 2544 beitet und klug zugespiht ist, zu dem Schlage
1079 2522 2091 2577 liebten Mädchen zu ertroßen, vertraut Lobheimer
572 2532 1073 2582 eman gern verzichtet,
147 2533 540 2603 Neuheiten, auf
1086 2564 2097 2624 auf die brutalste Gewalt und wird so zum
135 2583 1068 2639 n es auch nicht unter dem Niveau dessen
1312 2608 2097 2667 an dem Vertrauen, das ihm
1081 2602 1317 2677 Verräther
158 2618 1068 2680 ,was der Zuschauer sich bieten lassen kann.
1082 2660 2096 2721 Christine entgegenbringt. Am Abend vor dem
139 2669 1064 2716 er Inhalt des Stückes ist dald wiedergegeben.
1079 2702 2103 2758 verhängnißvollen Duell sucht Fritz seine Geliebte
157 2709 1065 2764 Lobheimer, Reserveoffizier von den gelben
1080 2744 2099 2814 in ihrer ärmlichen, aber doch anheimelnden
138 2755 1068 2826 gonern, hat ein bedenkliches Liebesverhältniß
1078 2773 2101 2861 Häuslichkeit auf, echt gentlemanlike kommt nicht
141 2798 1066 2850 einer verheiratheten Frau unterhalten, das
1090 2835 2101 2885 eine Silbe von der bevorstehenden Gefahr über
153 2843 1061 2895 nachgerade doch zu aufregend und gefährlich
1081 2872 2093 2930 seine Lippen, aber die Lust, noch weiter zu leben,
258 2890 1067 2944 a er sich von dem Gatten beobachtet
1082 2920 2091 2985 und die Sehnsucht nach einem stillen, wenn auch
128 2915 1075 2989 bi. Um ihn von der „interessanten“ Frau
1077 2963 2099 3019 nicht übergroßen Glück spricht aus allen seinen
141 2981 1069 3028 ceriren, die aus dem lebensfrohen jungen
1085 3005 2099 3066 Worien. Ein Weiterleben ist dem Ehebrecher
139 3021 1078 3083 n einen nervösen Kopfhänger gemacht, hat
1082 3044 2105 3105 aber nicht vergönnt, er fällt im Duell. Der dritte
157 3066 1067 3125 Freund Theodor Kaiser ein paar fesche
1086 3093 2108 3153 Act bringt dann eine erschütternde Aussprache
143 3101 1068 3164 nerinnen aufgestöbert, mit denen nun eine
1079 3136 2118 3199 zwischen Dater und Tochter, die verzweifelt, da
144 3141 1068 3206 ne Liebelei regelrecht in Scene gesetzt wird.
143 3174 2141 3254 er zu spät für Lobheimer, den das rächende  ihr Geliebter nichts von sich hören läßt. Schließlich 1
2095 1584 3104 1646 holt Mizi den Freund Lobheimers, und jetzt er¬
2103 1646 3109 1688 räth die Unglückselige aus den Zügen und dem
2095 1676 3109 1737 schwarzen Anzug Kaisers den Tod des Geliebten.
2099 1707 3118 1776 Nach überaus peinlichen Jammerscenen stürzt sie
2091 1761 3113 1825 fort an sein Grab, und in richtiger Dorahnung
2098 1803 3117 1868 seufst ihr schwergebeugter Dater: „Sie hommt
2097 1849 2948 1923 nicht wieder!“ Dann fällt der Vorhang.
2128 1872 3120 1966 Die Darstellung war auch diesmal eine
2090 1933 3023 1998 recht gute zu nennen. Zwar glänzte
2097 1970 3124 2043 nicht, wie es vielleicht in der Intention des
2097 2021 3118 2083 Dichters gelegen hätte, durch eine Fülle geeigneter
2103 2078 3114 2125 Wiener Typen, im Gegentheil nur Fräul. Rosel
2094 2122 3120 2168 van Born als Mizi Schlager und Kmalie König
2103 2159 3117 2209 als Frau des Strumpfwirkers Binder fanden sich
2098 2208 3114 2261 mit dem Wiener Dialekt gut ab, aber die Gestalten
2107 2251 3123 2305 der Wiener Lebewelt wurden von den Herren
2095 2287 3139 2356 Berthold (Fritz Lobheimer) und Meltzer (Theodor
2105 2320 3158 2390 Kaiser) ganz prächtig ausgearbeitet. Durch sicht—
2097 2375 3126 2437 liche Hingabe an ihre Rolle und warmen Ton
2101 2416 3128 2482 verdient auch Margarethe Voigt, der die Haupt¬
2103 2455 3127 2538 rolle der Christine zugefallen war, ehrenvolle
2102 2497 3124 2568 Ermähnung. Ihrem Organe fehlte es allerdings
2115 2553 3139 2615 an Wohllaut und mädchenhafter Weiche des
2101 2589 3123 2660 Klanges, vielleicht war aber die Künstlerin weniger
2112 2637 3131 2701 gut in Bezug auf ihre Stimme disponirt.
2106 2682 3127 2744 Desgleichen gelang der Violinspieler Weiring des
2109 2726 3123 2794 Herrn Wallis garnicht übel, während Herr
2113 2763 3128 2841 Schieke mit der Studie des beleidigten Ehemannes
2107 2815 3124 2877 nicht viel anzufangen wußte und den rächenden
2115 2857 3137 2921 Gatten etwas zu steif und norddeutsch anlegte.
2098 2904 3131 2966 Irl. van Born, deren Komik es nicht an Witz und
2117 2945 3136 3009 Schärfe fehlte, trug dagegen in der Betonung des
2108 2987 3132 3050 Brisettenhaften etwas zu starhe Farben auf; ein
2112 3032 3144 3094 Weniger hätte sie viel sympathischer erscheinen
2111 3085 3155 3151 lassen, der Absicht des Dichters aber wohl nicht
2112 3136 2500 3207 gans entsprochen.
