3436 4256
274 203 1263 283 Liebelei box 13/4
260 260 623 322 L SSU
1060 500 1484 724 ASERVER‘
1201 675 1577 775 itzeile Nr. 11
1236 742 1460 819 52.61-4
810 891 1293 982 Sonn- u. Krndamannühtung
944 962 1172 1054 21. F
710 991 2636 1171 Filme, wie sie wirklich sind
477 1156 2838 1224 K
1639 1209 2844 1286 doch irgendwie milden, frühlingsahnenden Winterabend das
1622 1255 2842 1307 Kino verläßt, nicht ganz allein, spürt man in der Nähe
875 1243 1287 1332 „Liebelei“.
821 1292 910 1350 HMEArme
592 1329 2842 1361 Es ist — das wollen wir gleich festgchalten haben —des Stadtparks mehr von dem Hauch Schnitzlerscher Luft
486 1347 2838 1426 eine preußische Liebelei. Liebelei: das ist ja bloß das hoch-aln in der ganzen filmischen „Liebelei“. Im Jahre 1933, zu
485 1384 2846 1443 deutsches Wort für „Gspusi“. Oder für Techtmechtl. (Schreibt einer Zeit, da es gar keine Dragoner mehr gibt. Bei dem
1666 1413 2842 1463 Wiener Schnitzler berührt das Unausgesprochene. Ein
487 1443 1663 1494 man las so?) Die Tonfilmautoren, der Regisseur, auch die
486 1448 2838 1524 Darsteller nahmen die deutsche Uebersetzung unseres wiene- Handedruck im Halbdunkel. Fin leises Gespräch an einem
1651 1499 2619 1570 Sommerabend. Manches, das nicht gesagt wird.
491 1515 1667 1563 rischesten Gspusis zu ernst. Das Gspusi — ihnen fehlt der
492 1559 1665 1619 Sinn für die Beschwingtheit dieses Wortes. Für das Leicht¬
1748 1544 2846 1633 Das jedoch sind literarische Einwände. Der Film
486 1611 1662 1656 sinnige und Oberflächliche und Verwehende und Träumerische.
1656 1605 2839 1661 selbst, jenseits der Literatur, ist sauberste Mache. Ein
611 1641 1653 1699 Heurigenfilme — die können sie inszenieren. In Neu¬
1666 1646 2842 1704 sauberes Opus von Ophuls. Mit wunderbaren Aufnahmen.
475 1663 1654 1730 babelsberg. Schrammel ist umzuinstrumentieren auf Berliner
1660 1681 2853 1746 Mit einer braven Vermeidung des Ateliers. Daz Erlebnis des
489 1720 1662 1779 Jazz. Aber ein Gspusi“ avon versteht Ihr nichts. Das ist
1660 1730 2850 1788 Abends jedoch: die herbe Bubenhaftigkeit des jungen
487 1761 1657 1810 nicht zu vergröbern, zu verhärten, zu verkörpern. Wenn die
1661 1756 2852 1819 Liebeneiner. Auch er ist unwienerisch. Aber hier
480 1801 1668 1860 Berliner ein Gspusi haben, so gibt’s Ehescheidung, Alimenta¬
1662 1793 2849 1860 triumphiert das Menschliche. Hier verzichtet man auf orts¬
496 1837 1661 1900 tionsprozeß und den berlinischen § 144. Das Techtmechtl
1659 1826 2838 1907 gebundene Atmosphäre. Auch Schnitzler wuchs ja über
495 1880 1666 1938 nennen sie gleich Verhältnis. „Darf denn eine Frau kein Ver¬
1663 1878 2845 1934 Wien hinaus. Auch der junge Liebeneiner wächst, mit
485 1926 1273 1976 hältnis haben? .“ Zum Auswachsen.
1648 1914 2853 1983 seinen irrenden Kinderaugen, mit seiner schwanken
612 1960 1660 2011 Kurz: diese „Liebelei“ hat ka Schnitzler g’schrieb'n
1668 1954 2856 2018 Schwäche, mit seiner erschrockenen Fahlheit, über das
491 1991 1673 2059 und ka Weaner 'dicht't. Er ist auch ka Weaner Madl, das zu
1656 1986 2850 2069 Lokalgebundene empor. Wie das Gesicht verfällt, wie dieser
1652 2028 2840 2092 [Prinz Homburg aus Sievering — d un das ist ja
491 2043 974 2111 ihrem Liebsten spricht.
1660 2077 2853 2131 Schnitzlers Fritz — plötzlich zusammenknickt und sich doch
608 2104 2840 2171 In dem stummen und nun schon vergessenen „Liebelei“-aufrechterhält: das ist ein schauspielerisches und mensch¬
481 2165 2845 2209 Film war manches gestufter. Die Regie der Brüder Fleckiliches Erlebnis. Nicht mehr auszulöschen die Szene, als Fritz
499 2202 2851 2243 war nicht fleckenlos, ja, sie unternahmen das Merkwürdige, nach der Flucht aus dem Haus des Barons heimkehrt. Hief
1678 2225 2839 2294 spürt man, wie einer davongelaufen ist. Vor dem Er¬
484 2239 1680 2291 Liebelei in ein Jazz-Zeitalter zu verpflanzen und das Wort
1672 2255 2852 2337 lebnis. Vor dem Gatten. Vor einer Frau. Vor Liebe,
486 2274 1668 2333 Liebelel einfach mit „Flirt“ zu übersetzen. Aber diese Ueber¬
1660 2300 2851 2376 die keine Liebelei ist. Solches Davonlaufen schafft nur ein
491 2321 1664 2382 setzung ist, schließlich, doch noch verwandter als die Uever¬
1670 2337 2847 2414 Großer. Neben ihm die abgerundete, aber auch kühle Leistung
485 2349 1670 2408 setzung von Gspusi mit Leidenschart. Die braven Deutschen
1673 2396 2852 2450 der Magda Schneider. Man empfindet bei ihr die Liebelei
482 2392 1667 2450 gehen eben aufs Janze. Sie verwechseln Wiener Schnitzler mit
1679 2418 2848 2487 nicht, an der sie zugrunde geht. Fritz sieht in einen reflex¬
495 2430 1669 2488 Berliner Pudding. In dem stummen Film spielte Evelyne
1682 2459 2855 2528 losen Spiegel. Bezaubernd das Kleinludertum der Ullrich,
498 2471 1669 2533 Holt das Wiener Mädl. Mit ihrer Henny-Porten-Blondheit,
1676 2490 2855 2572 prachtvoll die Männlichkeit Eichbergers. Hörbiger
496 2514 1672 2566 ein Donaugretchen. Und Jaro Fürth, unvergeßlich mit
1675 2538 2863 2608 ist ein junger Weyring. Kein Vater. Vor dem Tonfilm, bei
492 2546 1668 2610 seinen gütigen Vateraugen. All das ist jetzt, schon
1676 2584 2616 2654 Jaro Fürth, bei Schnitzier, las man’s anders.
491 2584 1674 2639 durch den Ton, durch den keß-berlinerischen Ton, weniger
1774 2596 2860 2679 Ein sehenswerter Film. Für alle, die Schnitzler nicht
492 2631 1683 2701 still, weniger verhalten. In dem, was ausgesprochen wird, liegt
1676 2653 2861 2729 gelesen haben. Lehrreich für jene, die Schnitzler lieben. Hier
512 2677 1676 2726 die Unzucht wider die Literatur. In dem himmlischen
1687 2688 2857 2763 zeigt sich der Unterschied zwischen der Verlogenheit der
492 2712 1665 2770 Schnitzler-Spiel von Liebe und Liebelei erscheint der Baron,
1684 2729 2855 2803 Heurigenstimmung. Kopierbar in jedem Atelier in Neu¬
496 2749 1675 2801 der den Fritz erschießt in einer einzigen Szene. Das ist kein
1683 2773 2860 2842 babelsberg. Und der Wiener Wirklichkeit. Erfaßt von
501 2800 1674 2842 Zufall. Wir stammen nicht von jenen Asra, welche schießen,
1680 2806 2845 2881 Schnitzler. Nicht nachzuahmen jenseits des Döblinger
503 2827 1677 2877 wenn sie lieben. Der aufgeregte Gatte fällt aus dem Liebelei¬
1681 2874 1886 2935 Cottage.
495 2868 1685 2925 Rahmen. Und Gustav Gründgens, ein fast peinlich guter
1782 2857 2863 2961 Sie haben, in Berlin, die Heurigen aufgetan, die bei
499 2908 1690 2974 Sprecher, spielt hier einen Baron, der die Hand stets am Hahn
1670 2922 2864 3006 uns gesperrt haben. Sie mögen mit ihnen glücklich werden.
507 2949 1672 3006 des Revolvers hält. Unter dem Frack glänzt eine wilhelmi¬
1670 2964 2859 3029 Schnitzler können sie uns, bei all ihrer Geschäftigkeit, nicht
505 2984 1679 3043 nische Uniform. (Bel Schnitzler spürt man noch Schmerz¬
1674 3029 1873 3090 nehmen.
504 3036 1321 3110 empfinden, wenn einer Schmerzen gibt.)
1798 3019 2835 3110 Und für Liebelei gibt es kein deutsches Wort. (b.)
623 3102 1698 3163 Uebrigens: die Uniformen. Sie sind preußisch knapp.
505 3143 1704 3208 und wenn die in gen Offiziere miteinander sprechen, dann geht
498 3176 1706 3250 es stramm zu. Stramm statt leger. Keß statt fesch. Knorke
507 3229 1689 3293 statt ulli. (Knorke statt tulli — da liegt’s.) Auch der Hinter¬
501 3268 1707 3342 grund ist eher berlinerisch als schnitzlerisch. Nur dort,
508 3309 1704 3379 wo es still wird auf der Leinwand, in der Szene auf
501 3342 1707 3413 dem Kasernenhof, in der Szene vor dem Duell, empfindet
496 3385 1706 3439 man einen leisen Gruß an den großen Toten von Wien.
497 3436 1728 3517 Aber wenn man dann an einem solchen verschneiten und
