3484 4256
1334 814 1385 867 —
656 914 734 977 941
808 1396 1414 1468 Hans Thimig und Pauia Wessel)
530 1487 1706 1543 Fritz: „Jerzt bin ich im Garten gewesen und hab’ dich nicht
505 1543 1711 1585 gefunden, und hab’ wieder nach Hause gehen wollen. Aber plötz¬
503 1579 1716 1626 lich hat mich eine solche Schnsucht gepackt, eine solche Sehnsucht
509 1614 1084 1675 nach diesem süßen Gesichterl —
537 1657 963 1719 Cbristine: „Is’ wahr?“
1398 2202 1524 2286 Prec
591 2922 1619 3009 Hugo Thimig (Weiring) und Annie Rosar (Frau Binder)
540 3034 1724 3091 Weiring. „ und ich hätt’ mich ja am liebsten vor ihr auf
513 3088 1716 3140 die Knie hingeworfen, sie um Verzeihung bitten, daß ich sie so
515 3120 1657 3196 gut behütet hab’ vor allen Gefahren — und vor allem Glück!“
923 3251 1269 3326 Photos Otio Skall
505 3410 1745 3490 Rechts: Heinrich Schnitzler (Tbeodor), Paula Wessely und Hans 1 bimig
558 3509 1562 3584 Tbeodor: „Also adieu. Na, was wulst du denn noch?“
554 3567 1332 3627 Fritz: „Da kann man sich kaum trennen.“
546 3612 1332 3679 Christine: „Gch’, mach’ dich nur lustig.
977 3650 1317 3718 Adieu, Christine.“
561 3657 979 3708 Tbeodor: „Komm. —
551 3687 933 3747 Fritz: „Leb’ wohl!“
537 3715 1117 3803 Cbristine: „Auf Wiedersehen!“
1654 3770 1796 3886 18
1848 380 2836 518 Vee
1875 442 2837 577 une thh hen
1897 518 2851 643 I G . SS
1858 660 2872 806 TI T
1855 735 2878 863 a  1 7
1863 804 2823 926 E
1837 927 2852 1086 A
1842 1024 2853 1177 TT R LA
2747 1138 2795 1194 05
1860 1085 2825 1249 A
2777 1129 2826 1203 2
1861 1188 2378 1319 ut P
2554 1294 2654 1360 A
2265 1364 2592 1440 rige. Prige. M Wananr
2101 1475 2581 1546 Erste Notiz zur „Liebelei“
1817 1542 2927 1606 Das arme Mülel. Das sag’ ich dir gleich: viel kann ich mich
1784 1590 2938 1642 nicht mit Dir a“ geben ... sagt er ihr gleich im Anfang. — Sie
1774 1626 2934 1679 licbt ihn käthchenhaft, abgöttisch. Er sitzt im Parquet; sie auf
1782 1674 2938 1727 der Gallerie. — Beim Kommen sicht sie ihn mit jener schönen
1780 1709 2937 1770 Dame sprechen — mit der er ein Verhältnis hat... Er hat
1785 1758 2939 1801 wegen jener anderen ein Duell... Den Abend vorher bei dem
1791 1789 2922 1847 „armen Mädel“... Am nächsen Tag wird er erschossen
1796 1837 2935 1889 Sie stcht fern, wie er begraben wird; weiß nichts. Jetzt erst
1792 1865 2948 1917 erfährt sie, daß er — wegen einer anderen gestorben... Und
1785 1922 2829 1966 wankt nach Hause.. Er war ihr noch einmal gestorben!
2589 2014 2679 2087 1
2656 1956 2801 2113 A.
1861 2077 2027 2181 50-
2047 2140 2292 2252 400—
2506 2197 2560 2265 □
1886 2172 2002 2282 N
2264 2287 2474 2386 S
1902 2284 1977 2380 2
2261 2368 2508 2469 8
1851 2730 2874 2810 „Der tapjere Cassian“. Neugebauer, Czepa, Hans Thimig
2436 2781 2898 2847 Zeichnung von Lisl Weil
