<?xml version="1.0" encoding="UTF-8" standalone="yes"?>
<PcGts xmlns="http://schema.primaresearch.org/PAGE/gts/pagecontent/2013-07-15" xmlns:xsi="http://www.w3.org/2001/XMLSchema-instance" xsi:schemaLocation="http://schema.primaresearch.org/PAGE/gts/pagecontent/2013-07-15 http://schema.primaresearch.org/PAGE/gts/pagecontent/2013-07-15/pagecontent.xsd">
    <Metadata>
        <Creator>prov=University of Rostock/Institute of Mathematics/CITlab/Gundram Leifert/gundram.leifert@uni-rostock.de:name=ONB_Newseye_GT_M1+(htr_id=10810)::::v=2.4.2
prov=University of Rostock/Institute of Mathematics/CITlab/Tobias Gruening/tobias.gruening@uni-rostock.de:name=de.uros.citlab.module.baseline2polygon.B2PSeamMultiOriented:v=2.4.2
prov=University of Rostock/Institute of Mathematics/CITlab/Tobias Gruening/tobias.gruening@uni-rostock.de:name=/mnt/transkribus/LA/DEA/URO/LA_news_onb_att.pb:de.uros.citlab.segmentation.CITlab_LA_ML:v=2.4.2
Transkribus</Creator>
        <Created>2019-10-07T12:02:33.733+02:00</Created>
        <LastChange>2019-10-09T17:59:25.681+02:00</LastChange>
        <TranskribusMetadata docId="223992" pageId="9509842" pageNr="1653" tsid="16681406" status="IN_PROGRESS" userId="40391" imgUrl="https://files.transkribus.eu/Get?id=DKJEWODTOZHPIRHPGIYGRRAY&amp;fileType=view" xmlUrl="https://files.transkribus.eu/Get?id=CCUDZMSCPDITAUUIIFHMPLDU" imageId="6198548"/>
    </Metadata>
    <Page imageFilename="223992_1653.jpeg" imageWidth="3484" imageHeight="4224">
        <ReadingOrder>
            <OrderedGroup id="ro_1711446408371" caption="Regions reading order">
                <RegionRefIndexed index="0" regionRef="r1"/>
                <RegionRefIndexed index="1" regionRef="r2"/>
            </OrderedGroup>
        </ReadingOrder>
        <TextRegion orientation="0.0" id="r1" custom="readingOrder {index:0;}">
            <Coords points="198,173 198,240 1273,240 1273,173"/>
            <TextLine id="r1l1" custom="readingOrder {index:0;}">
                <Coords points="345,209 436,216 523,209 573,217 572,167 538,158 510,161 485,147 448,165 373,145 345,151"/>
                <Baseline points="352,203 378,202 405,201 432,201 459,200 485,200 512,200 539,200 566,201"/>
                <TextEquiv>
                    <Unicode>Liebe</Unicode>
                </TextEquiv>
            </TextLine>
            <TextLine id="r1l2" custom="readingOrder {index:1;}">
                <Coords points="191,214 578,247 996,237 1064,205 1158,236 1280,222 1280,146 1053,172 936,146 811,204 606,214 357,204 190,152"/>
                <Baseline points="198,193 251,205 305,213 359,220 413,225 466,228 520,229 574,230 628,229 681,227 735,225 789,222 843,219 896,216 950,213 1004,212 1058,211 1111,210 1165,211 1219,214 1273,218"/>
                <TextEquiv>
                    <Unicode>5— box 13/2</Unicode>
                </TextEquiv>
            </TextLine>
            <TextEquiv>
                <Unicode>Liebe
5— box 13/2</Unicode>
            </TextEquiv>
        </TextRegion>
        <TextRegion orientation="0.0" id="r2" custom="readingOrder {index:1;}">
            <Coords points="1396,387 1396,4017 2242,4017 2242,387"/>
            <TextLine id="r2l1" custom="readingOrder {index:0;}">
                <Coords points="1425,409 2196,474 2248,460 2255,368 2126,391 1593,337 1428,374"/>
                <Baseline points="1432,407 1472,409 1513,411 1553,413 1594,415 1634,418 1675,420 1715,423 1756,425 1796,429 1837,432 1877,435 1918,438 1958,441 1999,444 2039,447 2080,450 2120,452 2161,455 2201,457 2242,459"/>
                <TextEquiv>
                    <Unicode>JOBSERVER“</Unicode>
                </TextEquiv>
            </TextLine>
            <TextLine id="r2l2" custom="readingOrder {index:1;}">
                <Coords points="1511,478 2168,523 2194,517 2196,487 2039,474 2014,453 1975,470 1842,443 1513,435"/>
                <Baseline points="1518,464 1551,466 1585,468 1618,470 1652,472 1685,474 1719,477 1752,479 1786,481 1819,484 1853,486 1886,489 1920,491 1953,494 1987,496 2020,498 2054,500 2087,501 2121,503 2154,504 2188,505"/>
                <TextEquiv>
                    <Unicode>I. österr. behördl. konzessioniertes</Unicode>
                </TextEquiv>
            </TextLine>
            <TextLine id="r2l3" custom="readingOrder {index:2;}">
                <Coords points="1480,521 2179,573 2230,564 2233,531 1483,480"/>
                <Baseline points="1488,507 1524,509 1561,512 1598,516 1635,518 1672,521 1708,524 1745,527 1782,530 1819,533 1856,536 1892,539 1929,542 1966,544 2003,546 2040,548 2076,550 2113,552 2150,555 2187,556 2224,557"/>
                <TextEquiv>
                    <Unicode>Unternehmen für Zeitungs-Ausschnitte</Unicode>
                </TextEquiv>
            </TextLine>
            <TextLine id="r2l4" custom="readingOrder {index:3;}">
                <Coords points="1530,592 2146,638 2138,561 2067,579 1815,538 1750,559 1534,538"/>
                <Baseline points="1538,574 1568,576 1598,579 1628,581 1658,583 1688,585 1718,588 1749,590 1779,592 1809,594 1839,597 1869,599 1899,602 1929,603 1960,606 1990,608 2020,610 2050,612 2080,614 2110,616 2141,618"/>
                <TextEquiv>
                    <Unicode>WIEN, I., WOLLZEILE 11</Unicode>
                </TextEquiv>
            </TextLine>
            <TextLine id="r2l5" custom="readingOrder {index:4;}">
                <Coords points="1608,646 1878,667 1909,657 2001,676 2071,667 2073,631 2047,619 2008,635 1905,609 1611,606"/>
                <Baseline points="1616,635 1642,636 1668,638 1695,640 1721,641 1747,643 1774,646 1800,648 1826,650 1853,652 1879,654 1905,656 1932,659 1958,661 1984,662 2011,664 2037,666 2064,668"/>
                <TextEquiv>
                    <Unicode>TELEPHON R-23-0-43</Unicode>
                </TextEquiv>
            </TextLine>
            <TextLine id="r2l6" custom="readingOrder {index:5;}">
                <Coords points="1410,764 1443,777 1512,766 1719,798 1773,794 1776,746 1655,740 1603,711 1504,732 1413,710"/>
                <Baseline points="1418,753 1443,756 1468,758 1493,760 1518,762 1543,763 1568,765 1593,766 1618,767 1643,768 1668,770 1693,771 1718,773 1743,775 1768,777"/>
                <TextEquiv>
                    <Unicode>Ausschnitt aus:</Unicode>
                </TextEquiv>
            </TextLine>
            <TextLine id="r2l7" custom="readingOrder {index:6;}">
                <Coords points="1789,834 1836,854 1902,849 1928,868 1970,864 2006,895 2036,880 2120,904 2156,891 2164,846 2134,853 2098,831 2070,836 2057,821 1998,833 1929,795 1799,780"/>
                <Baseline points="1796,832 1821,835 1846,838 1871,842 1896,845 1922,849 1947,854 1972,859 1997,863 2022,868 2048,874 2073,879 2098,884 2123,888 2149,894"/>
                <TextEquiv>
                    <Unicode>In Tribung, Ronn</Unicode>
                </TextEquiv>
            </TextLine>
            <TextLine id="r2l8" custom="readingOrder {index:7;}">
                <Coords points="1683,959 1839,973 1895,955 1970,989 2027,955 2139,949 2132,895 2081,904 2027,888 1965,901 1865,879 1801,891 1685,875"/>
                <Baseline points="1690,935 1716,941 1742,947 1768,951 1794,953 1820,956 1846,957 1872,958 1898,958 1924,958 1950,958 1976,957 2002,956 2028,955 2054,954 2080,953 2106,953 2132,952"/>
                <TextEquiv>
                    <Unicode>5 NOV. 1932</Unicode>
                </TextEquiv>
            </TextLine>
            <TextLine id="r2l9" custom="readingOrder {index:8;}">
                <Coords points="1389,979 1398,981 1405,975 1444,998 1458,988 1469,996 1477,988 1491,1002 1497,997 1531,1006 1536,942 1519,946 1511,940 1489,952 1486,947 1446,952 1436,941 1410,950 1391,947"/>
                <Baseline points="1396,977 1422,977 1448,979 1474,981 1500,984 1526,985"/>
                <TextEquiv>
                    <Unicode>vom:</Unicode>
                </TextEquiv>
            </TextLine>
            <TextLine id="r2l10" custom="readingOrder {index:9;}">
                <Coords points="1450,1208 1773,1205 2006,1155 2088,1197 2195,1187 2193,1083 2019,1086 1985,1116 1936,1104 1884,1130 1690,1101 1604,1124 1569,1098 1448,1091"/>
                <Baseline points="1457,1178 1493,1179 1530,1181 1566,1181 1603,1181 1639,1181 1676,1181 1712,1179 1749,1178 1785,1177 1822,1175 1859,1174 1895,1172 1932,1171 1968,1170 2005,1168 2041,1167 2078,1167 2114,1167 2151,1167 2188,1168"/>
                <TextEquiv>
                    <Unicode>Kiki. Palmer al Valle</Unicode>
                </TextEquiv>
            </TextLine>
            <TextLine id="r2l11" custom="readingOrder {index:10;}">
                <Coords points="1522,1252 1656,1282 2130,1250 2129,1220 2062,1186 1686,1228 1521,1205"/>
                <Baseline points="1528,1243 1557,1249 1587,1253 1617,1255 1647,1258 1676,1259 1706,1260 1736,1261 1766,1261 1795,1260 1825,1259 1855,1259 1885,1257 1914,1256 1944,1255 1974,1253 2004,1252 2033,1252 2063,1251 2093,1251 2123,1251"/>
                <TextEquiv>
                    <Unicode>*Cristma,, di Schnitzler</Unicode>
                </TextEquiv>
            </TextLine>
            <TextLine id="r2l12" custom="readingOrder {index:11;}">
                <Coords points="1487,1318 1543,1328 1568,1317 1647,1326 1783,1313 1804,1333 1849,1335 1848,1269 1823,1259 1714,1282 1487,1279"/>
                <Baseline points="1493,1311 1519,1312 1546,1313 1573,1313 1600,1314 1627,1314 1654,1314 1680,1314 1707,1313 1734,1313 1761,1312 1788,1311 1815,1310 1842,1308"/>
                <TextEquiv>
                    <Unicode>La didascalis</Unicode>
                </TextEquiv>
            </TextLine>
            <TextLine id="r2l13" custom="readingOrder {index:12;}">
                <Coords points="1453,1363 1769,1342 1868,1363 2069,1342 2100,1362 2168,1339 2168,1311 1815,1334 1783,1313 1568,1336 1452,1320"/>
                <Baseline points="1460,1354 1495,1354 1530,1354 1565,1353 1600,1353 1635,1353 1670,1352 1705,1352 1740,1352 1775,1351 1811,1351 1846,1350 1881,1349 1916,1349 1951,1348 1986,1347 2021,1346 2056,1344 2091,1343 2126,1341 2162,1339"/>
                <TextEquiv>
                    <Unicode>festo dice: c A Vienna, tempo pfé¬</Unicode>
                </TextEquiv>
            </TextLine>
            <TextLine id="r2l14" custom="readingOrder {index:13;}">
                <Coords points="1460,1398 2136,1391 2178,1383 2177,1347 1459,1369"/>
                <Baseline points="1466,1393 1501,1392 1536,1391 1571,1390 1607,1390 1642,1389 1677,1389 1712,1389 1748,1388 1783,1388 1818,1388 1853,1387 1889,1387 1924,1386 1959,1385 1994,1385 2030,1383 2065,1382 2100,1380 2135,1379 2171,1376"/>
                <TextEquiv>
                    <Unicode>sente 2. Ma é una didascalia del</Unicode>
                </TextEquiv>
            </TextLine>
            <TextLine id="r2l15" custom="readingOrder {index:14;}">
                <Coords points="1455,1433 2174,1435 2174,1384 1454,1406"/>
                <Baseline points="1461,1431 1496,1430 1531,1430 1566,1429 1602,1429 1637,1428 1672,1428 1708,1428 1743,1427 1778,1427 1814,1427 1849,1426 1884,1426 1919,1425 1955,1424 1990,1423 2025,1423 2061,1421 2096,1419 2131,1417 2167,1415"/>
                <TextEquiv>
                    <Unicode>1895; si tratta dell'ultima Vienna</Unicode>
                </TextEquiv>
            </TextLine>
            <TextLine id="r2l16" custom="readingOrder {index:15;}">
                <Coords points="1452,1474 2176,1473 2175,1435 2104,1421 1958,1449 1926,1426 1452,1435"/>
                <Baseline points="1459,1469 1494,1469 1530,1469 1565,1468 1601,1468 1636,1467 1672,1467 1707,1467 1743,1466 1778,1466 1814,1465 1849,1465 1885,1464 1920,1464 1956,1463 1991,1462 2027,1461 2062,1460 2098,1459 2133,1458 2169,1455"/>
                <TextEquiv>
                    <Unicode>ottocentesca, imperiale, pacifica,</Unicode>
                </TextEquiv>
            </TextLine>
            <TextLine id="r2l17" custom="readingOrder {index:16;}">
                <Coords points="1447,1516 2094,1512 2171,1497 2171,1471 1446,1479"/>
                <Baseline points="1453,1511 1488,1510 1524,1508 1559,1507 1595,1506 1631,1505 1666,1505 1702,1504 1737,1504 1773,1503 1809,1503 1844,1503 1880,1502 1915,1502 1951,1501 1987,1500 2022,1499 2058,1498 2093,1496 2129,1494 2165,1491"/>
                <TextEquiv>
                    <Unicode>godereccia, sensußle, gaia e acco¬</Unicode>
                </TextEquiv>
            </TextLine>
            <TextLine id="r2l18" custom="readingOrder {index:17;}">
                <Coords points="1455,1557 2167,1535 2166,1495 2109,1516 2048,1497 1454,1514"/>
                <Baseline points="1461,1546 1496,1545 1531,1545 1566,1544 1601,1543 1636,1543 1671,1543 1706,1542 1741,1542 1776,1541 1811,1540 1846,1540 1881,1539 1916,1539 1951,1538 1986,1537 2021,1536 2056,1535 2091,1534 2126,1532 2161,1531"/>
                <TextEquiv>
                    <Unicode>rata a un tempo. Lo Schnitzler, al¬</Unicode>
                </TextEquiv>
            </TextLine>
            <TextLine id="r2l19" custom="readingOrder {index:18;}">
                <Coords points="1456,1588 2128,1583 2156,1575 2156,1542 1455,1557"/>
                <Baseline points="1463,1583 1497,1582 1531,1581 1566,1581 1600,1581 1634,1580 1669,1580 1703,1579 1737,1579 1772,1578 1806,1578 1840,1578 1875,1577 1909,1576 1943,1576 1978,1575 2012,1574 2046,1573 2081,1572 2115,1571 2150,1569"/>
                <TextEquiv>
                    <Unicode>lora pressoché esordiente, intese fa</Unicode>
                </TextEquiv>
            </TextLine>
            <TextLine id="r2l20" custom="readingOrder {index:19;}">
                <Coords points="1456,1619 2157,1622 2170,1578 1456,1588"/>
                <Baseline points="1463,1620 1498,1619 1533,1618 1568,1617 1603,1617 1638,1617 1673,1617 1708,1616 1743,1616 1778,1616 1813,1616 1848,1615 1883,1615 1918,1614 1953,1613 1988,1612 2023,1611 2058,1610 2093,1608 2128,1606 2164,1603"/>
                <TextEquiv>
                    <Unicode>Ire, secondo la parola d’ordine del¬</Unicode>
                </TextEquiv>
            </TextLine>
            <TextLine id="r2l21" custom="readingOrder {index:20;}">
                <Coords points="1461,1660 2123,1659 2183,1652 2183,1612 1986,1614 1958,1634 1904,1613 1460,1618"/>
                <Baseline points="1468,1656 1503,1656 1538,1656 1574,1656 1609,1656 1645,1655 1680,1655 1715,1654 1751,1654 1786,1653 1822,1653 1857,1652 1892,1651 1928,1650 1963,1649 1999,1648 2034,1647 2069,1646 2105,1645 2140,1644 2176,1643"/>
                <TextEquiv>
                    <Unicode>T’epoca, arte veramente, crudamen¬</Unicode>
                </TextEquiv>
            </TextLine>
            <TextLine id="r2l22" custom="readingOrder {index:21;}">
                <Coords points="1448,1696 2086,1701 2173,1690 2172,1647 1994,1672 1961,1653 1758,1676 1677,1655 1447,1679"/>
                <Baseline points="1455,1696 1490,1696 1526,1696 1561,1695 1597,1695 1632,1694 1668,1694 1703,1693 1739,1692 1774,1691 1810,1690 1846,1690 1881,1689 1917,1688 1952,1687 1988,1686 2023,1685 2059,1684 2094,1683 2130,1682 2166,1681"/>
                <TextEquiv>
                    <Unicode>#te naturalista. In realtà, noi qui</Unicode>
                </TextEquiv>
            </TextLine>
            <TextLine id="r2l23" custom="readingOrder {index:22;}">
                <Coords points="1461,1755 2171,1726 2170,1688 1690,1713 1460,1698"/>
                <Baseline points="1467,1735 1501,1735 1536,1734 1571,1733 1606,1732 1641,1731 1676,1731 1710,1729 1745,1728 1780,1727 1815,1727 1850,1726 1885,1725 1920,1724 1954,1723 1989,1723 2024,1722 2059,1721 2094,1721 2129,1720 2164,1720"/>
                <TextEquiv>
                    <Unicode>respiriamo atmosfera ancora ben</Unicode>
                </TextEquiv>
            </TextLine>
            <TextLine id="r2l24" custom="readingOrder {index:23;}">
                <Coords points="1456,1782 2162,1763 2161,1726 2087,1717 2014,1743 1739,1732 1456,1756"/>
                <Baseline points="1463,1772 1497,1772 1532,1771 1566,1771 1601,1770 1636,1770 1670,1769 1705,1768 1740,1768 1774,1767 1809,1766 1844,1765 1878,1764 1913,1763 1948,1763 1982,1762 2017,1760 2052,1759 2086,1758 2121,1757 2156,1756"/>
                <TextEquiv>
                    <Unicode>fromantica: c’e ancora piü Schiller</Unicode>
                </TextEquiv>
            </TextLine>
            <TextLine id="r2l25" custom="readingOrder {index:24;}">
                <Coords points="1451,1811 2109,1811 2186,1786 2001,1761 1451,1796"/>
                <Baseline points="1457,1811 1493,1810 1529,1810 1565,1809 1601,1808 1637,1808 1673,1807 1709,1807 1745,1806 1781,1806 1818,1805 1854,1805 1890,1804 1926,1803 1962,1803 1998,1802 2034,1801 2070,1800 2106,1799 2142,1798 2179,1796"/>
                <TextEquiv>
                    <Unicode>iche Thédtre-Libre in questa storia</Unicode>
                </TextEquiv>
            </TextLine>
            <TextLine id="r2l26" custom="readingOrder {index:25;}">
                <Coords points="1462,1869 1589,1847 1800,1864 1944,1835 1992,1859 2175,1842 2174,1807 2141,1802 1745,1809 1713,1830 1461,1810"/>
                <Baseline points="1469,1849 1505,1849 1542,1848 1579,1848 1616,1847 1652,1847 1689,1847 1726,1846 1763,1846 1800,1846 1836,1845 1873,1844 1910,1843 1947,1842 1984,1841 2020,1840 2057,1838 2094,1835 2131,1833 2168,1830"/>
                <TextEquiv>
                    <Unicode>della figlia del povero professore</Unicode>
                </TextEquiv>
            </TextLine>
            <TextLine id="r2l27" custom="readingOrder {index:26;}">
                <Coords points="1457,1891 2136,1884 2175,1874 2174,1842 1456,1869"/>
                <Baseline points="1463,1888 1498,1887 1533,1886 1568,1886 1604,1885 1639,1885 1674,1884 1709,1884 1745,1884 1780,1883 1815,1883 1850,1882 1886,1882 1921,1880 1956,1879 1991,1877 2027,1875 2062,1873 2097,1870 2132,1868 2168,1864"/>
                <TextEquiv>
                    <Unicode>di violino, nella quale lo studente</Unicode>
                </TextEquiv>
            </TextLine>
            <TextLine id="r2l28" custom="readingOrder {index:27;}">
                <Coords points="1464,1940 2178,1916 2177,1875 2007,1899 1935,1880 1463,1894"/>
                <Baseline points="1471,1925 1506,1925 1541,1926 1576,1926 1611,1925 1646,1925 1681,1924 1716,1923 1751,1922 1786,1921 1821,1920 1856,1919 1891,1918 1926,1916 1961,1915 1996,1915 2031,1914 2066,1913 2101,1913 2136,1912 2172,1912"/>
                <TextEquiv>
                    <Unicode>non ama che un diversivo all’amo¬</Unicode>
                </TextEquiv>
            </TextLine>
            <TextLine id="r2l29" custom="readingOrder {index:28;}">
                <Coords points="1462,1979 2149,1961 2197,1945 2197,1906 2033,1935 1567,1922 1462,1946"/>
                <Baseline points="1469,1963 1505,1963 1541,1963 1577,1963 1613,1963 1649,1962 1685,1962 1721,1961 1757,1961 1793,1960 1830,1959 1866,1958 1902,1957 1938,1956 1974,1955 2010,1954 2046,1953 2082,1952 2118,1950 2154,1949 2191,1947"/>
                <TextEquiv>
                    <Unicode>fre d’una dama, mentre la piccola</Unicode>
                </TextEquiv>
            </TextLine>
            <TextLine id="r2l30" custom="readingOrder {index:29;}">
                <Coords points="1455,2012 2179,2000 2177,1959 2025,1950 1902,1977 1579,1961 1454,1989"/>
                <Baseline points="1461,2004 1496,2004 1532,2003 1567,2002 1603,2002 1638,2001 1674,2000 1709,2000 1745,1999 1780,1998 1816,1997 1851,1996 1887,1995 1922,1993 1958,1992 1993,1991 2029,1990 2064,1988 2100,1987 2135,1986 2171,1984"/>
                <TextEquiv>
                    <Unicode>Igli s’abbandona con dedizione in¬</Unicode>
                </TextEquiv>
            </TextLine>
            <TextLine id="r2l31" custom="readingOrder {index:30;}">
                <Coords points="1452,2045 2188,2032 2145,1995 1566,2022 1451,2006"/>
                <Baseline points="1459,2039 1495,2039 1531,2040 1567,2040 1603,2040 1639,2039 1675,2039 1711,2038 1747,2037 1783,2036 1820,2035 1856,2034 1892,2033 1928,2032 1964,2031 2000,2029 2036,2028 2072,2027 2108,2025 2144,2024 2181,2023"/>
                <TextEquiv>
                    <Unicode>Itera, per la vita; e quand’egli é uc¬</Unicode>
                </TextEquiv>
            </TextLine>
            <TextLine id="r2l32" custom="readingOrder {index:31;}">
                <Coords points="1460,2088 2099,2066 2133,2087 2185,2068 2184,2037 2075,2030 1870,2053 1459,2048"/>
                <Baseline points="1467,2078 1502,2079 1538,2079 1573,2079 1609,2078 1644,2078 1680,2077 1715,2077 1751,2076 1786,2075 1822,2074 1858,2073 1893,2072 1929,2071 1964,2069 2000,2068 2035,2067 2071,2065 2106,2064 2142,2063 2178,2062"/>
                <TextEquiv>
                    <Unicode>ciso in duello, non per lei ma per</Unicode>
                </TextEquiv>
            </TextLine>
            <TextLine id="r2l33" custom="readingOrder {index:32;}">
                <Coords points="1469,2135 1615,2113 1649,2126 1981,2116 2006,2089 1940,2071 1788,2079 1759,2096 1695,2078 1604,2096 1551,2078 1468,2090"/>
                <Baseline points="1475,2117 1501,2116 1527,2116 1553,2115 1579,2115 1606,2115 1632,2114 1658,2114 1684,2114 1710,2114 1737,2113 1763,2113 1789,2113 1815,2112 1841,2112 1868,2111 1894,2110 1920,2110 1946,2108 1972,2107 1999,2105"/>
                <TextEquiv>
                    <Unicode>T'altra donna, ne muore.</Unicode>
                </TextEquiv>
            </TextLine>
            <TextLine id="r2l34" custom="readingOrder {index:33;}">
                <Coords points="1488,2149 2186,2154 2185,2107 2119,2088 1980,2117 1615,2113 1488,2137"/>
                <Baseline points="1495,2150 1529,2151 1563,2151 1597,2152 1631,2152 1666,2152 1700,2151 1734,2151 1768,2150 1802,2150 1837,2149 1871,2148 1905,2147 1939,2146 1973,2145 2008,2144 2042,2142 2076,2141 2110,2139 2144,2138 2179,2137"/>
                <TextEquiv>
                    <Unicode>Perciö Peter Scharoff, T’eccellen¬</Unicode>
                </TextEquiv>
            </TextLine>
            <TextLine id="r2l35" custom="readingOrder {index:34;}">
                <Coords points="1463,2194 2188,2190 2187,2163 2140,2147 1797,2169 1462,2156"/>
                <Baseline points="1469,2189 1504,2189 1540,2190 1575,2190 1611,2190 1647,2189 1682,2189 1718,2189 1753,2189 1789,2188 1825,2188 1860,2187 1896,2187 1931,2186 1967,2185 2003,2184 2038,2183 2074,2182 2109,2181 2145,2179 2181,2178"/>
                <TextEquiv>
                    <Unicode>Ite regista russo che già ammiram¬</Unicode>
                </TextEquiv>
            </TextLine>
            <TextLine id="r2l36" custom="readingOrder {index:35;}">
                <Coords points="1467,2246 2184,2221 2183,2184 1466,2194"/>
                <Baseline points="1473,2230 1508,2229 1543,2229 1578,2229 1613,2228 1649,2228 1684,2227 1719,2226 1754,2226 1789,2225 1825,2224 1860,2223 1895,2223 1930,2222 1965,2220 2001,2220 2036,2219 2071,2218 2106,2216 2141,2215 2177,2214"/>
                <TextEquiv>
                    <Unicode>mo negli spettacoli del cosiddetto</Unicode>
                </TextEquiv>
            </TextLine>
            <TextLine id="r2l37" custom="readingOrder {index:36;}">
                <Coords points="1469,2276 2118,2256 2196,2283 2181,2219 2084,2242 1978,2222 1469,2247"/>
                <Baseline points="1476,2268 1511,2268 1547,2267 1582,2266 1618,2266 1654,2265 1689,2265 1725,2264 1761,2263 1796,2263 1832,2262 1868,2261 1903,2260 1939,2259 1975,2258 2010,2257 2046,2257 2082,2256 2117,2255 2153,2254 2189,2253"/>
                <TextEquiv>
                    <Unicode>&amp;gruppo di Praga: e poi in altri</Unicode>
                </TextEquiv>
            </TextLine>
            <TextLine id="r2l38" custom="readingOrder {index:37;}">
                <Coords points="1463,2304 2129,2301 2185,2291 2185,2265 1462,2276"/>
                <Baseline points="1470,2306 1505,2305 1540,2305 1576,2305 1611,2304 1647,2303 1682,2303 1718,2302 1753,2301 1789,2300 1824,2299 1859,2298 1895,2297 1930,2297 1966,2296 2001,2295 2037,2294 2072,2293 2108,2292 2143,2291 2179,2290"/>
                <TextEquiv>
                    <Unicode>della compagnia Pavlova, ha fell¬</Unicode>
                </TextEquiv>
            </TextLine>
            <TextLine id="r2l39" custom="readingOrder {index:38;}">
                <Coords points="1468,2359 2197,2333 2196,2302 2141,2294 1467,2318"/>
                <Baseline points="1475,2343 1510,2342 1546,2342 1582,2341 1618,2341 1653,2340 1689,2340 1725,2339 1761,2339 1796,2338 1832,2338 1868,2337 1904,2336 1939,2335 1975,2335 2011,2334 2047,2332 2082,2331 2118,2329 2154,2328 2190,2326"/>
                <TextEquiv>
                    <Unicode>cemente mantenuto l’interpretazio¬</Unicode>
                </TextEquiv>
            </TextLine>
            <TextLine id="r2l40" custom="readingOrder {index:39;}">
                <Coords points="1473,2389 2028,2390 2103,2365 2199,2374 2198,2334 1472,2354"/>
                <Baseline points="1479,2382 1514,2382 1550,2381 1585,2380 1621,2380 1657,2379 1692,2379 1728,2378 1764,2377 1799,2376 1835,2376 1871,2375 1906,2374 1942,2373 1978,2372 2013,2371 2049,2370 2085,2369 2120,2368 2156,2367 2192,2366"/>
                <TextEquiv>
                    <Unicode>ne scenica del lavoro. noto in Ita¬</Unicode>
                </TextEquiv>
            </TextLine>
            <TextLine id="r2l41" custom="readingOrder {index:40;}">
                <Coords points="1466,2441 1546,2419 2208,2409 2207,2373 2105,2366 2027,2390 1465,2388"/>
                <Baseline points="1473,2420 1509,2420 1545,2419 1582,2419 1618,2418 1655,2418 1691,2417 1727,2417 1764,2416 1800,2416 1837,2415 1873,2414 1909,2414 1946,2413 1982,2412 2019,2411 2055,2410 2091,2409 2128,2407 2164,2405 2201,2403"/>
                <TextEquiv>
                    <Unicode>lia da circa trent'anni, in toni di</Unicode>
                </TextEquiv>
            </TextLine>
            <TextLine id="r2l42" custom="readingOrder {index:41;}">
                <Coords points="1476,2464 1768,2447 1981,2468 2069,2446 2205,2464 2205,2426 2140,2406 1987,2435 1892,2415 1476,2433"/>
                <Baseline points="1483,2459 1518,2458 1554,2457 1590,2456 1626,2455 1661,2454 1697,2454 1733,2453 1769,2453 1804,2452 1840,2452 1876,2451 1912,2451 1947,2451 1983,2450 2019,2450 2055,2449 2090,2448 2126,2447 2162,2446 2198,2445"/>
                <TextEquiv>
                    <Unicode>ripensamento nostalgico, sia nelle</Unicode>
                </TextEquiv>
            </TextLine>
            <TextLine id="r2l43" custom="readingOrder {index:42;}">
                <Coords points="1472,2506 1750,2493 1830,2513 1873,2493 2198,2486 2174,2448 1471,2468"/>
                <Baseline points="1479,2497 1514,2496 1550,2496 1585,2495 1621,2495 1657,2494 1692,2494 1728,2494 1763,2493 1799,2492 1835,2492 1870,2491 1906,2490 1941,2489 1977,2488 2013,2486 2048,2485 2084,2483 2119,2481 2155,2479 2191,2477"/>
                <TextEquiv>
                    <Unicode>delicate scene, sia nella blanda e</Unicode>
                </TextEquiv>
            </TextLine>
            <TextLine id="r2l44" custom="readingOrder {index:43;}">
                <Coords points="1461,2556 1849,2525 2174,2531 2200,2525 2200,2490 2101,2511 2073,2490 1923,2492 1846,2515 1543,2498 1460,2521"/>
                <Baseline points="1467,2536 1503,2535 1539,2534 1575,2533 1612,2532 1648,2532 1684,2531 1721,2531 1757,2530 1793,2530 1830,2530 1866,2529 1902,2529 1938,2528 1975,2527 2011,2526 2047,2525 2084,2524 2120,2523 2156,2521 2193,2519"/>
                <TextEquiv>
                    <Unicode>calda recitazione, sottolineata qua</Unicode>
                </TextEquiv>
            </TextLine>
            <TextLine id="r2l45" custom="readingOrder {index:44;}">
                <Coords points="1499,2579 1813,2565 1900,2584 2201,2568 2214,2547 2143,2525 1498,2548"/>
                <Baseline points="1505,2573 1540,2573 1575,2572 1610,2572 1645,2571 1680,2571 1715,2570 1750,2570 1785,2569 1820,2568 1856,2568 1891,2567 1926,2566 1961,2565 1996,2564 2031,2563 2066,2563 2101,2561 2136,2561 2171,2560 2207,2558"/>
                <TextEquiv>
                    <Unicode>là da musiche leggere e discrete.</Unicode>
                </TextEquiv>
            </TextLine>
            <TextLine id="r2l46" custom="readingOrder {index:45;}">
                <Coords points="1504,2608 2217,2610 2216,2562 2189,2580 2155,2560 1900,2583 1503,2575"/>
                <Baseline points="1510,2610 1545,2611 1580,2611 1615,2611 1650,2611 1685,2610 1720,2610 1755,2609 1790,2608 1825,2608 1860,2607 1895,2606 1930,2605 1965,2603 2000,2602 2035,2601 2070,2600 2105,2599 2140,2598 2175,2597 2210,2596"/>
                <TextEquiv>
                    <Unicode>Ma l'attesa novità di iersera era</Unicode>
                </TextEquiv>
            </TextLine>
            <TextLine id="r2l47" custom="readingOrder {index:46;}">
                <Coords points="1480,2657 1936,2656 2023,2631 2115,2659 2203,2632 2203,2604 1569,2623 1478,2591"/>
                <Baseline points="1486,2649 1521,2649 1557,2649 1592,2649 1628,2649 1663,2648 1699,2648 1734,2648 1770,2647 1805,2646 1841,2646 1876,2645 1912,2644 1947,2643 1983,2642 2018,2640 2054,2639 2089,2638 2125,2636 2160,2634 2196,2633"/>
                <TextEquiv>
                    <Unicode>l’apparizione d’una nuovae giova</Unicode>
                </TextEquiv>
            </TextLine>
            <TextLine id="r2l48" custom="readingOrder {index:47;}">
                <Coords points="1470,2692 2219,2679 2206,2640 2103,2664 1999,2644 1654,2666 1469,2643"/>
                <Baseline points="1477,2687 1513,2687 1550,2686 1587,2686 1624,2685 1660,2685 1697,2685 1734,2685 1771,2684 1807,2684 1844,2683 1881,2683 1918,2683 1954,2682 1991,2681 2028,2680 2065,2679 2101,2677 2138,2676 2175,2673 2212,2671"/>
                <TextEquiv>
                    <Unicode>Inissima attrice, Kitri Palmer, che#</Unicode>
                </TextEquiv>
            </TextLine>
            <TextLine id="r2l49" custom="readingOrder {index:48;}">
                <Coords points="1474,2726 2140,2730 2213,2689 1473,2689"/>
                <Baseline points="1481,2726 1517,2726 1553,2725 1589,2725 1626,2725 1662,2724 1698,2724 1735,2723 1771,2722 1807,2721 1844,2720 1880,2720 1916,2719 1952,2718 1989,2717 2025,2716 2061,2715 2098,2714 2134,2713 2170,2711 2207,2711"/>
                <TextEquiv>
                    <Unicode>Is’era arditamente assunta il côm¬</Unicode>
                </TextEquiv>
            </TextLine>
            <TextLine id="r2l50" custom="readingOrder {index:49;}">
                <Coords points="1468,2778 2201,2764 2214,2733 1467,2727"/>
                <Baseline points="1475,2769 1511,2768 1548,2766 1584,2765 1621,2764 1658,2763 1694,2762 1731,2761 1767,2760 1804,2759 1841,2758 1877,2758 1914,2757 1950,2756 1987,2755 2024,2755 2060,2754 2097,2753 2133,2752 2170,2751 2207,2750"/>
                <TextEquiv>
                    <Unicode>pito di ridar vita a Cristina, la</Unicode>
                </TextEquiv>
            </TextLine>
            <TextLine id="r2l51" custom="readingOrder {index:50;}">
                <Coords points="1478,2795 1579,2814 2218,2801 2218,2773 2159,2755 1478,2779"/>
                <Baseline points="1485,2803 1521,2803 1557,2803 1593,2803 1630,2802 1666,2802 1702,2801 1739,2800 1775,2799 1811,2798 1848,2797 1884,2796 1920,2795 1956,2794 1993,2793 2029,2792 2065,2791 2102,2791 2138,2790 2174,2790 2211,2790"/>
                <TextEquiv>
                    <Unicode>edolce fanciulla ormai passata in</Unicode>
                </TextEquiv>
            </TextLine>
            <TextLine id="r2l52" custom="readingOrder {index:51;}">
                <Coords points="1482,2844 1654,2859 1817,2831 2209,2836 2183,2791 2129,2812 2012,2792 1482,2819"/>
                <Baseline points="1489,2845 1524,2844 1560,2842 1595,2841 1631,2840 1667,2839 1702,2838 1738,2837 1773,2836 1809,2836 1845,2835 1880,2834 1916,2833 1951,2833 1987,2831 2023,2830 2058,2829 2094,2827 2129,2826 2165,2824 2201,2821"/>
                <TextEquiv>
                    <Unicode>proverhio sulle scene tedesche. E</Unicode>
                </TextEquiv>
            </TextLine>
            <TextLine id="r2l53" custom="readingOrder {index:52;}">
                <Coords points="1477,2901 1697,2872 2210,2867 2209,2836 2167,2829 2026,2834 1988,2858 1941,2831 1716,2841 1648,2863 1475,2839"/>
                <Baseline points="1483,2885 1519,2884 1555,2882 1591,2880 1627,2879 1663,2878 1699,2877 1735,2876 1771,2874 1807,2873 1843,2872 1879,2871 1915,2870 1951,2869 1987,2868 2023,2867 2059,2866 2095,2865 2131,2864 2167,2863 2203,2862"/>
                <TextEquiv>
                    <Unicode>placque e fu applaudita, crediamo,</Unicode>
                </TextEquiv>
            </TextLine>
            <TextLine id="r2l54" custom="readingOrder {index:53;}">
                <Coords points="1490,2925 2212,2898 2203,2867 2029,2892 1927,2873 1489,2891"/>
                <Baseline points="1497,2921 1532,2920 1567,2918 1603,2917 1638,2916 1674,2914 1709,2913 1744,2912 1780,2912 1815,2911 1851,2910 1886,2909 1921,2909 1957,2908 1992,2907 2028,2906 2063,2905 2098,2904 2134,2904 2169,2903 2205,2901"/>
                <TextEquiv>
                    <Unicode>appunto per l'abbondono, con cui</Unicode>
                </TextEquiv>
            </TextLine>
            <TextLine id="r2l55" custom="readingOrder {index:54;}">
                <Coords points="1473,2957 2087,2939 2186,2958 2216,2946 2215,2902 2081,2926 2036,2905 1472,2920"/>
                <Baseline points="1479,2956 1515,2956 1552,2956 1588,2955 1625,2954 1661,2953 1698,2952 1734,2951 1771,2950 1807,2949 1844,2948 1881,2947 1917,2946 1954,2944 1990,2943 2027,2942 2063,2941 2100,2940 2136,2938 2173,2938 2210,2937"/>
                <TextEquiv>
                    <Unicode>intese vivere la malinconica e, al.</Unicode>
                </TextEquiv>
            </TextLine>
            <TextLine id="r2l56" custom="readingOrder {index:55;}">
                <Coords points="1481,3013 1540,2992 1725,3007 1817,2977 1845,2995 2184,2986 2205,2949 1480,2971"/>
                <Baseline points="1487,2993 1522,2993 1558,2993 1593,2993 1629,2993 1665,2992 1700,2991 1736,2990 1771,2989 1807,2988 1843,2986 1878,2985 1914,2984 1949,2982 1985,2981 2021,2980 2056,2978 2092,2977 2127,2976 2163,2975 2199,2974"/>
                <TextEquiv>
                    <Unicode>la fine, tragica avventura. Abban¬</Unicode>
                </TextEquiv>
            </TextLine>
            <TextLine id="r2l57" custom="readingOrder {index:56;}">
                <Coords points="1472,3033 2209,3017 2208,2976 1472,3012"/>
                <Baseline points="1479,3034 1515,3033 1551,3031 1587,3031 1623,3029 1659,3029 1695,3028 1732,3027 1768,3026 1804,3025 1840,3024 1876,3023 1912,3022 1948,3021 1985,3019 2021,3018 2057,3017 2093,3015 2129,3013 2165,3010 2202,3008"/>
                <TextEquiv>
                    <Unicode>dono forse non sempre sorveglia¬</Unicode>
                </TextEquiv>
            </TextLine>
            <TextLine id="r2l58" custom="readingOrder {index:57;}">
                <Coords points="1491,3066 1587,3082 2046,3054 2069,3072 2193,3061 2209,3018 1835,3023 1755,3050 1698,3028 1490,3038"/>
                <Baseline points="1497,3069 1532,3068 1567,3068 1603,3067 1638,3066 1673,3065 1709,3064 1744,3063 1779,3062 1815,3061 1850,3060 1885,3059 1921,3058 1956,3057 1991,3056 2027,3055 2062,3054 2097,3054 2133,3053 2168,3052 2204,3052"/>
                <TextEquiv>
                    <Unicode>to dall’arte, anzi talvolta sincero</Unicode>
                </TextEquiv>
            </TextLine>
            <TextLine id="r2l59" custom="readingOrder {index:58;}">
                <Coords points="1481,3118 2204,3106 2213,3061 1480,3076"/>
                <Baseline points="1487,3107 1523,3106 1559,3105 1595,3105 1631,3104 1667,3104 1703,3103 1739,3102 1775,3102 1811,3101 1847,3100 1883,3099 1919,3098 1955,3097 1991,3097 2027,3095 2063,3094 2099,3092 2135,3091 2171,3089 2207,3087"/>
                <TextEquiv>
                    <Unicode>sino a qualche töno non molto</Unicode>
                </TextEquiv>
            </TextLine>
            <TextLine id="r2l60" custom="readingOrder {index:59;}">
                <Coords points="1484,3152 2145,3141 2217,3129 2217,3102 1484,3118"/>
                <Baseline points="1491,3146 1527,3145 1563,3143 1599,3142 1635,3141 1671,3140 1707,3139 1743,3139 1779,3138 1815,3137 1851,3137 1887,3136 1923,3135 1959,3135 1995,3134 2031,3133 2067,3132 2103,3131 2139,3129 2175,3128 2211,3126"/>
                <TextEquiv>
                    <Unicode>corretto, a momenti di una mimica</Unicode>
                </TextEquiv>
            </TextLine>
            <TextLine id="r2l61" custom="readingOrder {index:60;}">
                <Coords points="1492,3185 2049,3189 2175,3178 2220,3156 2220,3131 1491,3157"/>
                <Baseline points="1498,3184 1533,3183 1569,3181 1605,3180 1641,3179 1676,3178 1712,3177 1748,3177 1784,3176 1819,3176 1855,3175 1891,3174 1927,3173 1962,3173 1998,3171 2034,3171 2070,3169 2105,3168 2141,3166 2177,3164 2213,3162"/>
                <TextEquiv>
                    <Unicode>anche un poco ingrata; ma che ri¬</Unicode>
                </TextEquiv>
            </TextLine>
            <TextLine id="r2l62" custom="readingOrder {index:61;}">
                <Coords points="1487,3241 1520,3221 2138,3215 2207,3201 2207,3178 1486,3186"/>
                <Baseline points="1493,3221 1528,3221 1563,3220 1599,3219 1634,3219 1669,3218 1705,3217 1740,3216 1775,3215 1811,3214 1846,3213 1881,3212 1917,3211 1952,3210 1987,3209 2023,3208 2058,3207 2093,3207 2129,3206 2164,3205 2200,3205"/>
                <TextEquiv>
                    <Unicode>vela una passione autentica, e c’in.</Unicode>
                </TextEquiv>
            </TextLine>
            <TextLine id="r2l63" custom="readingOrder {index:62;}">
                <Coords points="1494,3266 2110,3265 2206,3243 2206,3217 1493,3222"/>
                <Baseline points="1500,3261 1535,3260 1570,3258 1605,3257 1640,3256 1675,3255 1710,3254 1745,3253 1780,3252 1815,3252 1850,3251 1885,3250 1920,3249 1955,3249 1990,3248 2025,3247 2060,3247 2095,3246 2130,3245 2165,3244 2200,3243"/>
                <TextEquiv>
                    <Unicode>duce ad attendere questa promet.</Unicode>
                </TextEquiv>
            </TextLine>
            <TextLine id="r2l64" custom="readingOrder {index:63;}">
                <Coords points="1496,3315 1622,3294 2024,3295 2065,3288 2065,3259 1494,3266"/>
                <Baseline points="1502,3298 1529,3298 1557,3297 1585,3297 1613,3296 1641,3296 1669,3295 1696,3295 1724,3293 1752,3293 1780,3291 1808,3291 1836,3290 1864,3289 1891,3288 1919,3286 1947,3285 1975,3284 2003,3283 2031,3282 2059,3281"/>
                <TextEquiv>
                    <Unicode>tente attrice in altre prove.</Unicode>
                </TextEquiv>
            </TextLine>
            <TextLine id="r2l65" custom="readingOrder {index:64;}">
                <Coords points="1515,3340 2218,3331 2217,3290 2159,3271 2024,3295 1514,3305"/>
                <Baseline points="1522,3334 1556,3333 1590,3332 1625,3331 1659,3330 1694,3329 1728,3329 1763,3328 1797,3327 1832,3327 1866,3326 1900,3325 1935,3325 1969,3324 2004,3323 2038,3322 2073,3321 2107,3319 2142,3318 2176,3317 2211,3315"/>
                <TextEquiv>
                    <Unicode>La Aguretta di Mitzi, l’altro tipo</Unicode>
                </TextEquiv>
            </TextLine>
            <TextLine id="r2l66" custom="readingOrder {index:65;}">
                <Coords points="1481,3377 2222,3369 2221,3345 2163,3325 1480,3342"/>
                <Baseline points="1487,3376 1523,3374 1559,3373 1596,3371 1632,3370 1669,3368 1705,3368 1741,3367 1778,3366 1814,3365 1851,3364 1887,3364 1923,3363 1960,3363 1996,3362 2033,3362 2069,3361 2105,3361 2142,3360 2178,3360 2215,3359"/>
                <TextEquiv>
                    <Unicode>Idi ragazza viennese che il poeta</Unicode>
                </TextEquiv>
            </TextLine>
            <TextLine id="r2l67" custom="readingOrder {index:66;}">
                <Coords points="1488,3436 1547,3413 2183,3406 2211,3377 1925,3362 1487,3386"/>
                <Baseline points="1495,3414 1530,3413 1566,3411 1601,3409 1637,3408 1672,3407 1708,3406 1743,3405 1779,3404 1814,3404 1850,3403 1885,3403 1921,3402 1956,3402 1992,3401 2027,3401 2063,3400 2098,3399 2134,3398 2169,3396 2205,3395"/>
                <TextEquiv>
                    <Unicode>lle ha collocato accanto come chia¬</Unicode>
                </TextEquiv>
            </TextLine>
            <TextLine id="r2l68" custom="readingOrder {index:67;}">
                <Coords points="1489,3448 2221,3436 2220,3397 2194,3396 1489,3429"/>
                <Baseline points="1496,3456 1531,3452 1567,3450 1603,3448 1639,3446 1675,3444 1711,3443 1747,3442 1783,3441 1819,3441 1855,3440 1890,3440 1926,3440 1962,3439 1998,3439 2034,3438 2070,3438 2106,3437 2142,3436 2178,3434 2214,3433"/>
                <TextEquiv>
                    <Unicode>Troscuro. quella che piglia il mondo</Unicode>
                </TextEquiv>
            </TextLine>
            <TextLine id="r2l69" custom="readingOrder {index:68;}">
                <Coords points="1485,3513 1613,3484 1655,3502 2185,3478 2230,3470 2230,3441 1483,3452"/>
                <Baseline points="1491,3489 1527,3488 1564,3487 1600,3486 1637,3485 1674,3485 1710,3483 1747,3482 1784,3481 1820,3480 1857,3479 1894,3478 1930,3477 1967,3476 2004,3475 2040,3474 2077,3473 2114,3472 2150,3472 2187,3470 2224,3470"/>
                <TextEquiv>
                    <Unicode>come viene e nell'amore non cerca</Unicode>
                </TextEquiv>
            </TextLine>
            <TextLine id="r2l70" custom="readingOrder {index:69;}">
                <Coords points="1483,3549 1557,3523 1749,3536 1782,3513 2214,3526 2225,3475 1567,3491 1482,3516"/>
                <Baseline points="1489,3528 1525,3527 1562,3525 1598,3523 1635,3522 1671,3521 1708,3521 1744,3519 1781,3519 1817,3518 1854,3518 1890,3517 1927,3516 1963,3516 2000,3515 2036,3515 2073,3514 2109,3513 2146,3513 2182,3512 2219,3511"/>
                <TextEquiv>
                    <Unicode>se non un po’ di fuggevole sorriso</Unicode>
                </TextEquiv>
            </TextLine>
            <TextLine id="r2l71" custom="readingOrder {index:70;}">
                <Coords points="1488,3562 2214,3545 2213,3513 1967,3531 1783,3513 1750,3536 1564,3528 1488,3549"/>
                <Baseline points="1494,3564 1529,3564 1565,3564 1600,3563 1636,3563 1672,3562 1707,3561 1743,3560 1779,3559 1814,3558 1850,3557 1886,3557 1921,3556 1957,3555 1993,3553 2028,3552 2064,3552 2100,3551 2135,3550 2171,3550 2207,3549"/>
                <TextEquiv>
                    <Unicode>e d’oblio, fu disegnata con la con¬</Unicode>
                </TextEquiv>
            </TextLine>
            <TextLine id="r2l72" custom="readingOrder {index:71;}">
                <Coords points="1486,3598 2220,3600 2219,3556 1485,3572"/>
                <Baseline points="1493,3604 1529,3603 1565,3603 1601,3602 1637,3601 1673,3600 1709,3599 1745,3599 1781,3598 1817,3597 1853,3596 1889,3595 1925,3594 1961,3593 1997,3592 2033,3591 2069,3590 2105,3588 2141,3587 2177,3587 2213,3585"/>
                <TextEquiv>
                    <Unicode>sueta grazia dalla brava Rossana</Unicode>
                </TextEquiv>
            </TextLine>
            <TextLine id="r2l73" custom="readingOrder {index:72;}">
                <Coords points="1482,3652 2145,3635 2227,3613 2226,3583 1611,3617 1481,3602"/>
                <Baseline points="1489,3642 1525,3642 1562,3640 1598,3639 1635,3639 1671,3638 1708,3637 1744,3636 1781,3635 1817,3634 1854,3634 1891,3633 1927,3632 1964,3630 2000,3629 2037,3628 2073,3626 2110,3625 2146,3623 2183,3622 2220,3620"/>
                <TextEquiv>
                    <Unicode>Masi. II vecchio professore di vio¬</Unicode>
                </TextEquiv>
            </TextLine>
            <TextLine id="r2l74" custom="readingOrder {index:73;}">
                <Coords points="1493,3675 2202,3678 2227,3666 2226,3623 1492,3652"/>
                <Baseline points="1500,3679 1536,3678 1572,3677 1608,3676 1644,3675 1680,3674 1716,3674 1752,3673 1788,3672 1824,3671 1860,3670 1896,3669 1932,3668 1968,3668 2004,3667 2040,3666 2076,3665 2112,3664 2148,3662 2184,3662 2221,3660"/>
                <TextEquiv>
                    <Unicode>lino fu incarnato ottimamente dal</Unicode>
                </TextEquiv>
            </TextLine>
            <TextLine id="r2l75" custom="readingOrder {index:74;}">
                <Coords points="1486,3714 2187,3702 2235,3721 2234,3681 2130,3663 1658,3693 1485,3672"/>
                <Baseline points="1493,3718 1529,3717 1566,3716 1603,3715 1639,3714 1676,3713 1713,3713 1749,3712 1786,3711 1823,3710 1860,3709 1896,3708 1933,3708 1970,3706 2006,3705 2043,3704 2080,3703 2116,3702 2153,3701 2190,3698 2227,3697"/>
                <TextEquiv>
                    <Unicode>Pilotto, che ci piacque piu del Cer.</Unicode>
                </TextEquiv>
            </TextLine>
            <TextLine id="r2l76" custom="readingOrder {index:75;}">
                <Coords points="1501,3755 2232,3751 2231,3724 2186,3706 1501,3729"/>
                <Baseline points="1508,3753 1543,3753 1579,3752 1615,3752 1651,3751 1687,3751 1723,3750 1758,3750 1794,3750 1830,3749 1866,3748 1902,3747 1938,3747 1974,3746 2009,3745 2045,3744 2081,3743 2117,3741 2153,3740 2189,3738 2225,3736"/>
                <TextEquiv>
                    <Unicode>vi e dello Scelzo, i quali erano ri¬</Unicode>
                </TextEquiv>
            </TextLine>
            <TextLine id="r2l77" custom="readingOrder {index:76;}">
                <Coords points="1486,3790 2219,3794 2235,3749 1598,3751 1485,3779"/>
                <Baseline points="1493,3795 1529,3794 1566,3793 1603,3792 1640,3791 1677,3789 1713,3788 1750,3787 1787,3787 1824,3786 1861,3785 1897,3784 1934,3783 1971,3783 2008,3781 2045,3780 2081,3780 2118,3778 2155,3777 2192,3776 2229,3775"/>
                <TextEquiv>
                    <Unicode>spettivamente lo studente e il suo</Unicode>
                </TextEquiv>
            </TextLine>
            <TextLine id="r2l78" custom="readingOrder {index:77;}">
                <Coords points="1482,3830 1906,3843 1931,3822 2230,3810 2136,3778 1481,3802"/>
                <Baseline points="1489,3830 1525,3830 1562,3829 1599,3828 1635,3828 1672,3827 1709,3826 1745,3826 1782,3824 1819,3824 1856,3823 1892,3822 1929,3821 1966,3820 2002,3820 2039,3819 2076,3818 2112,3817 2149,3816 2186,3816 2223,3815"/>
                <TextEquiv>
                    <Unicode>lamico. Lodevoli, in parti di flanco,</Unicode>
                </TextEquiv>
            </TextLine>
            <TextLine id="r2l79" custom="readingOrder {index:78;}">
                <Coords points="1485,3868 2113,3855 2189,3874 2220,3826 1932,3823 1899,3846 1683,3830 1639,3853 1484,3830"/>
                <Baseline points="1491,3863 1527,3865 1563,3866 1599,3867 1635,3867 1671,3867 1707,3866 1743,3866 1779,3865 1815,3863 1852,3861 1888,3860 1924,3858 1960,3856 1996,3855 2032,3852 2068,3852 2104,3851 2140,3850 2176,3849 2213,3849"/>
                <TextEquiv>
                    <Unicode>anche la Falcini, 11 Tamberlani</Unicode>
                </TextEquiv>
            </TextLine>
            <TextLine id="r2l80" custom="readingOrder {index:79;}">
                <Coords points="1501,3924 2191,3895 2190,3871 2113,3855 1662,3883 1500,3868"/>
                <Baseline points="1507,3901 1540,3902 1574,3903 1608,3904 1642,3904 1676,3903 1710,3903 1743,3902 1777,3901 1811,3900 1845,3899 1879,3897 1913,3896 1947,3895 1980,3893 2014,3892 2048,3891 2082,3890 2116,3890 2150,3890 2184,3890"/>
                <TextEquiv>
                    <Unicode>(Carlo), e la piccola Marzoppini.</Unicode>
                </TextEquiv>
            </TextLine>
            <TextLine id="r2l81" custom="readingOrder {index:80;}">
                <Coords points="1536,3949 2202,3941 2216,3890 1535,3915"/>
                <Baseline points="1542,3940 1575,3941 1608,3941 1642,3942 1675,3942 1709,3941 1742,3941 1776,3940 1809,3939 1843,3938 1876,3937 1909,3935 1943,3934 1976,3933 2010,3932 2043,3930 2077,3930 2110,3928 2144,3928 2177,3927 2211,3927"/>
                <TextEquiv>
                    <Unicode>Del cordiale successo abbiamo</Unicode>
                </TextEquiv>
            </TextLine>
            <TextLine id="r2l82" custom="readingOrder {index:81;}">
                <Coords points="1492,3988 1709,4006 1759,3984 1920,3981 1919,3953 1884,3943 1800,3940 1748,3958 1671,3945 1633,3962 1490,3923"/>
                <Baseline points="1499,3985 1524,3984 1550,3984 1576,3984 1602,3984 1628,3983 1654,3983 1680,3982 1706,3982 1731,3981 1757,3980 1783,3979 1809,3978 1835,3977 1861,3975 1887,3974 1913,3971"/>
                <TextEquiv>
                    <Unicode>detto. Oggl replica.</Unicode>
                </TextEquiv>
            </TextLine>
            <TextLine id="r2l83" custom="readingOrder {index:82;}">
                <Coords points="2023,4006 2073,4017 2089,4009 2128,4031 2160,4016 2207,4017 2207,3975 2179,3978 2157,3963 2127,3957 2115,3957 2103,3967 2090,3959 2082,3966 2051,3969 2036,3958 2022,3958"/>
                <Baseline points="2029,4007 2057,4006 2086,4005 2115,4005 2143,4006 2172,4005 2201,4003"/>
                <TextEquiv>
                    <Unicode>s. d’a.</Unicode>
                </TextEquiv>
            </TextLine>
            <TextEquiv>
                <Unicode>JOBSERVER“
I. österr. behördl. konzessioniertes
Unternehmen für Zeitungs-Ausschnitte
WIEN, I., WOLLZEILE 11
TELEPHON R-23-0-43
Ausschnitt aus:
In Tribung, Ronn
5 NOV. 1932
vom:
Kiki. Palmer al Valle
*Cristma,, di Schnitzler
La didascalis
festo dice: c A Vienna, tempo pfé¬
sente 2. Ma é una didascalia del
1895; si tratta dell'ultima Vienna
ottocentesca, imperiale, pacifica,
godereccia, sensußle, gaia e acco¬
rata a un tempo. Lo Schnitzler, al¬
lora pressoché esordiente, intese fa
Ire, secondo la parola d’ordine del¬
T’epoca, arte veramente, crudamen¬
#te naturalista. In realtà, noi qui
respiriamo atmosfera ancora ben
fromantica: c’e ancora piü Schiller
iche Thédtre-Libre in questa storia
della figlia del povero professore
di violino, nella quale lo studente
non ama che un diversivo all’amo¬
fre d’una dama, mentre la piccola
Igli s’abbandona con dedizione in¬
Itera, per la vita; e quand’egli é uc¬
ciso in duello, non per lei ma per
T'altra donna, ne muore.
Perciö Peter Scharoff, T’eccellen¬
Ite regista russo che già ammiram¬
mo negli spettacoli del cosiddetto
&amp;gruppo di Praga: e poi in altri
della compagnia Pavlova, ha fell¬
cemente mantenuto l’interpretazio¬
ne scenica del lavoro. noto in Ita¬
lia da circa trent'anni, in toni di
ripensamento nostalgico, sia nelle
delicate scene, sia nella blanda e
calda recitazione, sottolineata qua
là da musiche leggere e discrete.
Ma l'attesa novità di iersera era
l’apparizione d’una nuovae giova
Inissima attrice, Kitri Palmer, che#
Is’era arditamente assunta il côm¬
pito di ridar vita a Cristina, la
edolce fanciulla ormai passata in
proverhio sulle scene tedesche. E
placque e fu applaudita, crediamo,
appunto per l'abbondono, con cui
intese vivere la malinconica e, al.
la fine, tragica avventura. Abban¬
dono forse non sempre sorveglia¬
to dall’arte, anzi talvolta sincero
sino a qualche töno non molto
corretto, a momenti di una mimica
anche un poco ingrata; ma che ri¬
vela una passione autentica, e c’in.
duce ad attendere questa promet.
tente attrice in altre prove.
La Aguretta di Mitzi, l’altro tipo
Idi ragazza viennese che il poeta
lle ha collocato accanto come chia¬
Troscuro. quella che piglia il mondo
come viene e nell'amore non cerca
se non un po’ di fuggevole sorriso
e d’oblio, fu disegnata con la con¬
sueta grazia dalla brava Rossana
Masi. II vecchio professore di vio¬
lino fu incarnato ottimamente dal
Pilotto, che ci piacque piu del Cer.
vi e dello Scelzo, i quali erano ri¬
spettivamente lo studente e il suo
lamico. Lodevoli, in parti di flanco,
anche la Falcini, 11 Tamberlani
(Carlo), e la piccola Marzoppini.
Del cordiale successo abbiamo
detto. Oggl replica.
s. d’a.</Unicode>
            </TextEquiv>
        </TextRegion>
    </Page>
</PcGts>
