3392 4192
134 147 206 231 5
261 155 655 226 Liebelei
796 158 1253 244 box 13/4
854 838 1097 907 I. Oesterr.
325 836 1199 936 SIEIOBSERVER veneret. konz.
445 902 1190 975 Büro für Zeitungsnachrichten
440 930 1204 1008 WIEN I, WOLLZEILE 17
418 1016 1202 1119 Rheindsch-Vestfälische
522 1080 801 1163 zeitung.
497 1131 983 1230 von. 23.4. 1953.
600 1248 894 1371 Liebelei
465 1346 1048 1430 Ein Film von gestern
235 1398 1359 1471 Eine Tändelei, ein Flirt. Liebe in der spielerischen
164 1460 1354 1531 Form von Liebelei. Aus dem Unernst heiterer Oberfläch¬
167 1520 1359 1563 lichkeit wird die große Leidenschaft. Mit der Liebelet
171 1561 1351 1604 wurden sie fertig, die Liebe wird ihr tragisches Schicksal.
178 1606 1365 1645 Was Schnitzler mit leichter Hand, milder Skepsis und
170 1639 229 1704 sch
459 1647 1366 1703 dust hinstrichelte — ist von der Atmosphäre
174 1700 1363 1749 einer müde gewordenen Zeit umflirrt. Was vom Schau¬
165 1738 1361 1795 spiel auf den Film übertragen wurde, ist frischer, erd¬
169 1781 1362 1839 näher, aber auch derber und hat dumpfere Melodie.
177 1822 1352 1867 Weder von der Leichtigkeit, noch von der bitteren Süße
174 1867 1354 1913 ist soviel in diesem Tonfilm, wie in seinem stummen Vor¬
170 1910 1351 1974 gänger. Zwar sind einige Sätze über die Ewigkeit aller
168 1955 1351 2002 Liebe behutsam mit dem poctischen Bild eines verschnei¬
164 2002 1355 2057 ten Waldes verwoben, und beides hat Musik des innigsten
167 2042 1350 2096 Gefühls. Doch stehen sonst Bild und Wort ohne inneren
160 2075 1365 2157 Zusammenhang da. Das Wort zu dürftig, um die Seele
169 2136 1352 2188 zum Klingen zu bringen, das Bild zu blaß, nur Illu¬
174 2177 1356 2216 stration und nicht erfüllt von den Schwingungen des
168 2213 1346 2267 Herzens. Ein Schulbeisptel für die Fragwürdigkeit des
166 2268 1348 2320 photokopierten Theaters und der Unverträglichkeit zweier
169 2305 1346 2361 grundverschiedener Kunstgesetze. (Die Regiearbeit von
170 2349 1348 2402 Max Ophüls ist sauber, aber gepflegtes Handwerk, ist
177 2387 1355 2442 noch nicht Kunst — und gerade an diesem Anlaß hätte sich
167 2431 1362 2485 filmische Kammerspielkunst beweisen können.) Es bleibt
177 2469 1352 2524 die Freude an Einzelnem. An einer so versonnenen Be¬
173 2525 1342 2585 sinnlichkeit, wie sie Hörbiger besitzt, eine Philosophie
176 2579 1346 2624 von Leichtigkeit und Tiefe. Es bleibt die Freude an
172 2609 1356 2666 zwei jungen Gesichern: Eichberger und Lieben¬
168 2662 1342 2715 eier, eine heitere Art, da zu sein, jung zu sein, frisch
177 2702 1356 2761 und gar nicht fritschig; sie wird bei Liebeneier um einen
169 2746 1351 2789 sympathischen Hauch von Melancholie verdunkelt. (Wie¬
169 2797 1353 2835 er Abschied vom Zimmer der Geliebten nimmt — da er
169 2828 1363 2889 sie selbst nicht mehr sehen kann. Hier schlägt das Herz
166 2878 1325 2921 des Spiels.) Auch das scharfe Profil Gründgens ist
177 2922 1336 2978 diszipliniert eingesetzt. Die Mädchen spielen mit ver¬
169 2961 1351 3014 tauschten Rollen: Luise Ullrich ist die heitere Mizzi
170 3000 1345 3056 und Magda Schneider die sentimentale Christel. Es
178 3054 1344 3095 wäre umgekehrt besser gewesen. Die Geschwätzigkeit die¬
164 3084 1349 3150 ser charakterisiert vortrefflich den Menschen der Rolle;
174 3131 1355 3187 aber die Verhaltenheit jener ist innere Armut. Für die
172 3179 1358 3230 Tragik eines einfältigen Herzens reichen die Gaben Magda
168 3236 1346 3281 Schneiders nicht aus; das Herz bleibt abseits, im Wort
172 3278 1347 3334 wie im mimischen Spiel, das die Mühe um Ergriffenheit
180 3318 1343 3370 sichtlich zeigt, aber keine Ergriffenheit ausstrahlen kann.
170 3359 1344 3405 So bleibt die große Szene tot. Und damit der wichtige
176 3398 1350 3447 Ausklang des Films. Da nichts in ihr klingt klirat auch
180 3447 1354 3490 nichts nach. Eine zu große Aufgabe für ein keines
1185 3488 1323 3554 Sbl.
170 3488 345 3552 Talent.
2409 443 2663 519 I. Oesterr.
1877 468 2751 571 SIAIOBSERVER ponbret, konz.
2009 535 2759 578 Büro für Zeitungsnachrichten
1966 540 2010 602 8
2021 566 2763 628 WIEN I, WOLLZEILE 11
1961 636 2015 717 □2
2104 683 2718 784 Innsbrucker Nachrichten.
1882 730 1952 781 —
2038 810 2616 908 AP
1789 907 2893 951 „Liebelei.“ Es ist dies nicht die erste Verfilmung von Arthur
1691 937 2893 992 Schnitzlers berühmtesten Schauspiel, aber die erste Vertonfilmung.
1687 978 2904 1028 Die stumme Verfilmung mit Evelyn Holt als Christl dürfte noch
1688 1010 2904 1063 in allgemeiner Erinnerung sein, sie wies gegenüber dem Bühnen¬
1697 1054 2900 1103 stück wesentliche Unterschiede auf. Die Regie führt Max Ophüls,
1705 1099 2901 1148 der mit seiner Tonfilmoper „Die verkaufte Braut“ bereits eine
1695 1138 2908 1187 Talentprobe geliefert hat. Der Tonfilm spielt im Wien der Vor¬
1698 1182 2898 1226 kriegszeit und zeichnet sich durch größte Aufmachung aus, u. a.
1698 1206 2905 1257 wurde die Wiener Hofoper genau nachgebildet. Das Ensemble
1699 1246 2898 1296 weist eine große Anzahl prominenter Namen auf: Luise Ullrich,
1695 1282 2905 1347 die durch ihr großes Können, durch ihren Charm und Liebreiz
1708 1329 2915 1380 als Erika Riederer im Luis Trenkers Großfilm aus unserer
1701 1377 2905 1416 Heimat „Der Rebell mit einem Schlage zu einem Liebling des
1699 1409 2911 1455 Kinopublikums geworden ist, zeigt eine Spitzenleistung in der
1705 1450 2904 1493 Rolle der Mizzi Schlager, dem süßen, etwas leichtsinnigen Wiener
1704 1494 2911 1537 Mädel. Die junge, vielgenannte Filmkünstlerin Magda Schnei¬
1700 1516 2912 1562 der mimt die Christl Weyring; es ist dies ihre erste ernste Ton¬
1703 1550 2912 1612 filmrolle. Paul Hörbiger ist auch zum erstenmal in einer
1708 1601 2922 1647 ernsten Rolle, als der alte Musikus Weyring; seine große Ge¬
1699 1651 2916 1692 staltungskunst findet auch in dieser Rolle volle Entfaltung, Willy
1708 1666 2918 1728 Eichberger in seiner zweiten Tonfilmrolle als Theo, ein Wind¬
1702 1701 2909 1754 hund vom reinsten Wasser, frech, leichtsinnig und sympathisch; seit
1705 1754 2915 1800 seinem Tonfilmdebüt in „Audienz in Ischl“ der Schwarm aller
1703 1805 2912 1842 Frauen. Wolfgang Liebeneiner als Fritz, voll jugendlichem Feuer,
1715 1828 2910 1874 Gustav Gründgans als Baron voll Dämonie und funkelnder
1707 1873 2915 1914 Kälte, Olga Tschechowa faszinierend als die Verführerin, Paul
1716 1909 2914 1959 Otto, als der korrekte Denunziant. Dieses filmische Meisterwerk
1720 1943 2922 1992 wird, wie überall, so auch in Innsbruck das Publikum in seinen
1708 1977 2924 2042 Bann ziehen, wie es die Dichtung Arthur Schnitzlers vor Jahren
1704 2034 2909 2084 begeisterte. Max Ophüls Tonfilm „Liebelei“ gelangt ab Montag,
1712 2065 2918 2118 1. Mai, in den Ton=Kammerlichtspielen zur Aufführung. A. E. L.
1680 2431 1824 2541 2
2120 2549 2620 2649 „UBSERVER‘
2038 2614 2740 2727 Wien, I., Wollzeile Nr. 41
1674 2570 1808 2722 ∆5
2129 2693 2623 2772 Telsfon R-25-0-44
1830 2784 2469 2873 Innviertic brichten, Ried
2307 2857 2554 2956 3. 6 7
1684 2893 2074 2971 Tonkino Aspach.
1776 2948 2899 3024 Sonntag bringt das Aspacher Tonkino Arthur
1702 3013 2902 3068 Schnitzlers unsterbliches MeisterwerkLiebelei“ mit
1688 3045 2908 3107 den bekannten Darstellern Magda Schneider, Paul
1699 3106 2902 3177 Hörbiger, Olga Tschechowa und Willy Eichberger. Den
1699 3153 2901 3208 Film soll jeder sehen. — Am Christi Himmelfahrtstage
1698 3205 2906 3253 gelangt das historische Werk „Die Schlacht bei Tangen¬
1696 3249 2900 3310 berg“ zur Aufführung. Es ist ein dokumentarischer
1704 3298 2897 3348 Film über diese Schlacht, mit Originalaufnahmen aus
1693 3347 2894 3395 die großen Kämpfe in den masurischen Seen mit
1698 3397 2918 3450 Generalfeldmarschall Hindenburg. Das Prachtwerk soll
1691 3445 2159 3501 niemand versäumen.
