3436 4256
405 163 797 236 Liebelei
933 155 1358 257 box 11/1
232 163 821 271 5. Jnnenen h
781 964 1234 1054 Telephon 12801.
408 1055 1591 1135 Alex. Weigl’s Unternehmen für Zeitungs-Ausschnit
1407 1119 1584 1198 Ausschn
632 1136 1239 1260 „OBSERYE
375 1182 584 1275 210
1450 1187 1572 1273 Nr.
288 1261 1575 1354 I. österr. behofdll. conc. Bureau für Zeitungsberichte u. Personalnao
524 1309 1540 1392 Wien, IX/1, Tünkenstrasse 17.
692 1390 1342 1463 Filiale in Budapest: „Flgyelö“ —
296 1453 1584 1517 Vertretungen in Berlin, Chicago, Genf, London, Newyork, Paris, Rom, St
888 1502 1441 1620 Veuigkeits-Weitisct
278 1573 822 1672 Ausschnitt aus:
296 1680 927 1824 vn 70
405 1900 1423 1969 Raimund=Theater. Samstag erschien hier mit einen.
370 1974 1420 2027 drolligen, faustdick=possenhaften Schwanke „Olga's Spitz¬
388 2009 1429 2078 bube“ in doppelter Eigenschaft Frl. Beatrice Dovsky.
377 2056 1431 2120 Als Autorin wie als Schauspielerin durfte sie sich beladen
388 2103 1428 2165 mit Blumen und Lorbeerkränzen zurückziehen und es ist
381 2144 1437 2222 also fast unnöthig zu sagen, daß Stück und Darstellerin
383 2201 1429 2275 gefallen haben. Vielleicht hätte sich die Satyre auf die
398 2248 1434 2312 Fräuenemanzipation feiner geben lassen, aber man lachte
397 2290 1433 2370 über ihre „Vertheidigerin in Strafsachen“ über deren
386 2343 1431 2408 braven Mann, der den Haushalt führt, und nicht zuletzt
395 2399 1443 2457 über den von ihr vertheidigten und Dank ihres Talents
391 2433 1431 2491 freigesprochenen Spitzbuben, den sich sich zu Tisch lädt
389 2494 1455 2545 und der sie bestiehlt, so herzlich, daß man jedes strengere
272 2485 377 2549 Für
1484 2506 1608 2591 inel
400 2525 1443 2606 Kritisiren aufgab. Willy Thaller spielte den Spitzbuben
392 2576 1443 2649 als wahren Galgenvogel mit einem Humor, der sogar
371 2619 1432 2716 1 die Uebertreibungen entschuldigte, und die Herren Lackner
303 2667 366 2727 „
395 2628 1610 2744 und Homma, wie Frl. Schneider thaten vergnüglichst  im V7.
264 2725 1580 2783 Abonn mit. — Nach der Ausgelassenheit kam der Ernst. Arthur hnitte i
272 2754 1573 2829 Abonn Schnitzler's „Liebelei“, sollte uns Hansi Niese in jener h stcht
393 2801 1591 2871 Rolle zeigen, mit der sie in Berlin gesiegt hatte. Man ändern.;
408 2859 1601 2936 war gespannt und — man wurde enttäuscht. Das süße onthaltei
268 2901 412 2958 Inhalt
417 2906 1600 2991 Mädel aus dem Volke mit der verträumten Liebe imp Mor
271 2948 411 2997 blät
428 2970 1609 3024 Herzen ist ihre Sache nicht. Erst der große gewal. ge ener Zei
270 2989 407 3036 wodur
418 3007 1608 3070 Aufschrei der Verzweiflung gelang ihr. Aber da war es irthschal
269 3023 414 3072 Leben
429 3049 1604 3125 schon zu spät und nicht mehr die Krönung einer Leistung d. Dies
273 3067 422 3125 theilur
414 3097 1454 3167 aus einem Guße, wie wir sie von dieser Künstlerin ge¬
421 3146 1443 3210 wöhnt sind. Wer weiß, „ob nicht die „Mizzi Schlager“
417 3194 1448 3260 dieses feuilletonistischen Milienstückes ihrem großen Können
417 3241 1461 3312 dankbarere Aufgabe gewesen wäre und die Interpretin
418 3289 1461 3366 dieser Rolle, Frl. Reingruber, die übrigens sehr gut
424 3338 1455 3401 war, sich nicht besser in die „Christine“ geschickt hätte.
424 3379 1453 3459 Vielleicht wird ein Tausch versucht, der beiden Damen
415 3441 1456 3491 nützen müßte; ich würde es wünschen. Glänzend war
420 3481 1463 3532 Homma als Theodor Kaiser, annehmbar Lackner, würde¬
423 3519 1462 3595 voll Herr Raeder, gut wie immer Herr Jules. Das
428 3571 1468 3638 Tempo war leider etwas verschleppt, wie denn das Stück
433 3614 1467 3692 überhaupt nicht so „stand“, als es wünschenswerth ge¬
444 3680 1480 3752 wesen wäre. Freilich hat das Werk den Reiz der Neuheit
445 3720 1480 3807 auch schon eingebüßt. Aber flott sollte man es trotzdem
1271 3774 1440 3831 v. G—g.
437 3781 1118 3870 spielen, sonst ist es zum Einschlafen.
2108 1096 2571 1195 Telephon 12801.
1740 1188 2950 1253 Alex. Welgl’s Unternehmen für Zeitung Ausschnitte
2735 1252 2953 1319 Ausschnitt
1778 1262 2647 1408 NaldOBSERYER
2779 1302 3030 1405 Nr. 41
1629 1389 3059 1475 I. österr. behördl. conc. Bureau für Zeitungsberichte u. Personalnachrichten
1849 1457 2863 1538 Wien, IX/1, Tünkenstrasse 17.
2015 1527 2668 1602 — Filiale in Budapest: „Figyelö“ -
1624 1579 3069 1648 Vertretungen in Berlin, Chicago, Genf, London, Newyork, Paris, Rom, Stockholm.
1622 1673 2876 1825 Ausschnitt aus: Wiener Allgemeine Zeitung
1632 1828 2241 1974 vom: 70/11405
2684 2032 2820 2118 G. P
1772 2083 2814 2169 (Raimund=Theater.) „Liebelei“ von Schnitzle
1703 2140 2862 2207 hansi Niese spielte die Christine. Es war nicht ganz die
1701 2184 2865 2258 Schnitzlersche Figur, und in das Colorit mancher Scenen
1703 2229 2868 2294 prachte die Niese einen Ton, der nicht paßte. Sie mußte ja
1704 2272 2863 2342 auch anfangs gegen ihr Organ, ihr Temperament und ihre
1692 2319 2871 2402 Gestalt, kurz gegen die Niese spielen, um nur die Anderen
1704 2373 2863 2429 nicht zu stören. Aber bald hatte man daran vergessen, denn
1696 2407 2866 2467 die Niese führte eine so durchaus echte, rührende Figur vor,
1696 2448 2862 2523 daß man sich ihrer Wirkung nicht entziehen konnte. Wenn
1698 2490 2863 2572 sie auf die Bühne trat, durchtränkte sie die Scene mit der
1698 2534 2869 2600 Stimmung böser Vorahnungen, ihre Glückseligkeit rührte,
1707 2581 2865 2648 wie ihr Schmerz im Tiefsten erschütterte. Neben der
1643 2629 2866 2692 Fürgenialen Leistung der Niese weckte die Mizzi des Fräulein
1671 2647 3044 2748 „ Reingruber Respect vor der Unmittelbarkeit und inclusive
1681 2700 3025 2783 n Frische, mit welcher sie das Wiener Mädel verkörperte. Die Porto.
2843 2737 3037 2789 Zahlbar
1673 2779 3060 2837 „ Herren Homma, Lackner und Jules waren vortrefflich. m Voraus.
1715 2824 2874 2882 Die ganze Vorstellung, die hübsch inscenirt war und im
1711 2847 3083 2924 richtigen Tempo gespielt wurde — von einiger Ueberhastung tte ist das
1642 2883 1718 2949 Ab
1716 2886 3085 2955 im zweiten Acte abgesehen — weckte lebhaften Beifall. — Vorher teht es den
1641 2941 1717 3005 Ab
1720 2944 2959 3007 wurde ein Einacter von Beatrice Dovsk: „Olgas Spitz= lern.
1702 2979 2876 3060 bube“ aufgeführt. In dem kleinen Schwant tauchen ein paar
1633 3009 3084 3107 In gute Einfälle auf, welche belacht wurden — alles Andere ist faltend die
3022 3088 3081 3135 *)
1647 3053 3087 3144 bi den Schauspielern überlassen. Thaller war ein Diebskerl Norgen¬
2864 3089 3051 3141 Zeitung
1662 3109 3087 3179 wi von prächtigem Humor — aber seine Laune scheint nicht schaftliche
1655 3179 3088 3234 Lé ausgereicht ju haben, um dem Stück zu einem Erfu.g zu helfen. (Diese Mit¬
1669 3204 2684 3274 theilungen werden in Wien um 9 Uhr Früh verschickt.
1968 3302 2753 3375 Prospecte gnatis und fnanco.
