3484 4192
316 164 701 239 Liebelei
860 163 1279 250 box 12/7
292 217 722 282 e ee ee een
296 580 999 685 Klose & Seidel
342 695 956 759 Bureau für Zeitungsausschnitte
290 745 998 816 Berlin NO. 43, Georgenkirchplatz 21
261 890 585 980 Zeitung:
264 962 404 1029 Ort:
260 1031 529 1098 Datum: —
698 1233 985 1319 „Liebelei“
249 1301 1418 1382 Oper in drei Akten nach dem gleichnamigen Schauspiel von
607 1351 1075 1419 Arthur Schnitzler.
277 1380 1444 1469 Mit seinem Experiment, ein Stück mit wirklich psychologischer
235 1428 1443 1506 Sprechsprache Wort für Wort und ohne jede Auslassung in Töne
242 1473 1444 1545 zu setzen, hat sich der Komponist Franz Neumann kunsttheoretisch
234 1521 1450 1584 ein Verdienst von bleibendem Werte erworben; denn er hat so
234 1557 1443 1624 bündig und strikt den Beweis erbracht, daß die Musik zwar das
226 1604 1311 1661 llebendige Dialogwort zu töten, aber nicht mit ihm zu
1312 1608 1440 1660 kon¬
236 1635 1442 1703 kurrieren vermag, daß sie vielmehr bei solchem Unterfangen selbst
233 1690 1442 1739 nur einen Amoklauf riskiert. Im übrigen ist über diese Musik
234 1719 1441 1776 nur noch zu sagen, daß sie auch da, wo sie sich, wie in einer ein¬
242 1759 1443 1795 gelegten Filmduellszene auszubreiten vermag, der eigentlichen
236 1797 1433 1849 personlichen Note entbehrt und sogar in der Instrumentation
236 1835 1432 1876 nirgends eine besondere Eigenart zeigt. Das schon 1911 unter
234 1857 1433 1932 Gregor aufgeführte Werk fand auch diesmal eine hervorragende
239 1909 1431 1965 Wiedergabe. Den Tenoristen Hans Heinz Bollmann sollten
231 1948 1436 2010 allererste Bühnen aufmerksam im Auge behalten. Seine Leistung
232 1981 1435 2042 war darstellerisch, stimmlich und aussprachlich ersten Ranges. Als
242 2027 1431 2065 „Freund Theydor“ stand ihm Desider Zador in jeder Hinsicht
231 2065 1435 2114 ebenbürtig zur Seite. Friedel Schwarz stellte eine köstliche Mieze
237 2096 1427 2165 hin. Margarete Schlemüller als Christine ließ ihre für diese Ge¬
242 2131 1430 2202 stalt gar nicht passende Erscheinung von Akt zu Akt mehr ver¬
235 2169 378 2233 gesten.
1065 2179 1406 2267 Robert Neßzz
405 2317 1131 2429 Klose & Seidel
462 2419 1086 2514 Bureau für Zeitungsausschnitte
412 2475 1129 2553 Berlin NO. 43, Georgenkirchplatz 21
386 2649 619 2726 Zeitung:
393 2713 533 2790 Ort:
396 2793 636 2865 Datum: —
784 2964 983 3023 „Lleseten
316 3001 1338 3075 — Oper in 3 Akten von Franz Neumann.
706 3051 1072 3113 (Volksbühne.)
292 3076 1498 3165 * Der seltsame Einfall, das bekannte naturalistische Sprech¬
286 3129 1501 3183 und zum guten Teil auch Dialektdramg von Arthur Schnitz¬
311 3169 1509 3235 ler, Wort für Wort, ohne jede Auslassung unter Musik zu
292 3208 1502 3274 setzen, kann nur als ein Versuch betrachtet werden, die aus einem
308 3263 1507 3325 historischen Mißverständnis entstandene Kunstform der Oper ein¬
312 3280 1495 3354 mal gründlichst ad absurdum zu führen. Dieser Versuch muß
311 3319 1507 3386 denn auch als voll gelungen bezeichnet werden. Nicht nur das
308 3357 1503 3437 lebendige Dialogwort wird durch solches Unterfangen seiner
294 3388 1502 3464 psychologischen Ausdrucksfähigkeit, mit der die Tonkunst auf
295 3438 1498 3491 Grund ihrer Mittel gar nicht zu konkurrieren vermag, völlig be¬
300 3470 1508 3559 raubt, auch die Musik muß dabei notwendig in lauter abgerissene
309 3503 1516 3576 rezitativische Phrasen mit begleitender Orchestermelodramatik zer¬
308 3541 1507 3610 fließen. — Das kühne, aber abzulehnende Experiment, das schon
299 3588 1514 3682 [1911 unter Gregor über die Bretter gegangen, fand auch diesmal
315 3620 1504 3693 eine vorzügliche dramatische und musikalische Wiedergabe. Als
303 3657 1516 3737 das Freundespaar Fritz und Theodor boten Hans Heinz
300 3704 1514 3763 [Bollmann und Desider Zador darstellerisch, stimmlich
303 3734 1515 3826 und sprecherisch ebenso glänzende Leistungen wie Friedel
301 3772 1509 3860 [Schwarz als leichtlebige Mieze und Margarete Schle¬
316 3811 1526 3902 [müller als Christine. Herzrührend sang und spielte Heil¬
319 3844 1522 3937 muth Berndsen den alten Musikervater, und auch die klei¬
312 3887 1512 3972 neren Rollen waren vorbildlich für große und größte Bühnen
308 3921 1512 4008 besetzt. Ein Bravo endlich sowohl der Regieleitung (Maxi¬
308 3961 1543 4036 lmilian Morris) wie der musikalischen (Eugen Gott¬
1326 3997 1529 4074 R. R. —
307 4030 452 4095 Ilieb).
1823 626 2542 767 Klose & Seidel
1884 725 2511 825 Bureau für Zeitungsausschmitte
1835 784 2560 881 Berlin NO. 43, Georgenkirchplatz 21
2176 869 2517 969 Fache JaC
1823 982 2039 1052 Zeitung:
1832 1045 1972 1120 Ort:
1835 1115 2070 1186 Datum: —
2111 1210 2353 1326 # IU.
1874 1340 2835 1429 Noch einmal „Liebelei“.
1791 1427 2856 1522 # Neubesetzung in der Volksbühne.
1814 1487 2974 1550 * Es kostete mich keine kleine Ueberwindung, so rasch nach
1785 1549 2959 1613 der ersten Aufführung der „Liebelei“, diese Oper, die keine ist,
1787 1593 2963 1653 keine sein kann, aber um jeden Preis eine sein möchte, noch
1780 1635 2960 1690 einmal anzuhören. Es war eine neue Christine zu beurteilen.
1785 1685 2960 1728 Daß die Darstellerin der ersten Aufführung den Anforderungen
1787 1727 2968 1771 dieser Partie in keiner Weise genügte, hat mein Bericht
1782 1772 2967 1818 (Nr. 361) deutlich hervorgehoben. Durch Lydia Gruber
1788 1805 2967 1858 hat nun die Direktion zwar nicht den Mißgriff ihrer Wahl des
1791 1854 2962 1898 Werkes, aber wenigstens den der Fehlbesetzung seiner wichtig¬
1785 1894 2968 1954 sten Portie gut gemacht. Gesicht und Figur hat die hier uner¬
1783 1942 2971 2010 läßliche Jugendlichkeit und Anmut der Bewegung, und eine
1781 1986 2975 2026 kristallene Sopranglocke schlägt an, wenn Frl. Gruber nur den
1786 2025 2971 2079 Mund auftut. Es ist eine jener Stimmen, bei denen dem
1779 2071 2961 2114 Hörer sofort wohl und heimlich zumute wird, die einen Klang¬
1779 2114 2973 2166 Zauber ausgibt. Im Laufe des Abends zeigte sich auch, wie
1772 2162 2956 2213 diese Stimme in allen Lagen kunstgerecht sitzt und daß sie vom
1778 2197 2966 2252 legato der zärtlichsten Kantilene bis zum dramatischen Aufschrei
1782 2241 2965 2291 des hohen H und C jeder seelischen Regung und Zwischenregung
1779 2285 2959 2334 schmiegsamen Ausdruck zu geben weiß. Das Spiel ist unauf¬
2347 2332 2385 2348 —
1786 2328 2968 2379 dringlich und doch überall feinfuhlig bestimmt. So war es kein
1780 2370 2970 2421 Wunder, daß diese Christine rasch das Haus gewonnen hatie.
1788 2417 2974 2468 Fast hätte man der jungen Künstlerin grollen wollen, daß sie der
2272 2465 2974 2517 tlerschen „süßen Wiener Mädels“ so¬
1790 2461 2271 2519 flächigen Figur des Schni
1777 2495 2971 2556 viel rund lebendige Anziehungsrraft, ja Unwiderstehlichkeit zu
1787 2543 2975 2602 geben verstand; denn da sie fast während des Abends die
1785 2590 2971 2640 Bühne kaum verläßt, schien plötzlich das ganze in sich un¬
1775 2629 2973 2690 wahre Werk liebenswürdig und gerechtfertigt ... Wie hübsch
1784 2677 2966 2740 müßte es erst sein, Fräulein Gruber wirklich echte Musik aus¬
1773 2715 2093 2777 tönen zu hören.
1884 2816 2996 2860 Wie der Bühnen=Almanach ausweist, kommt Lydia Gruber
1800 2858 2982 2918 vom Stadttheater in Nürnberg. Alle Achtung vor der Nürn¬
1802 2902 2993 2969 berger Oper, wenn auch nur die Hälfte des Ensembles spielerisch
1792 2940 2995 3022 wie gesanglich der jungen Dame ebenbürtig war! Ist aber diese
1789 2977 2984 3057 Begabung bereits nicht viel zu schade für die Provinz? Da die
1785 3034 2994 3086 Volksbühne künftig auch bei Kroll viel gute Opern machen will,
1853 3070 2988 3145 wäre es nicht geraten, ein Talent, das so reizvolle reife
1792 3118 2612 3186 Leistungen verspricht, bei uns festzuhalten?
1864 3163 2988 3236 Der Beifall, der Fräulein Gruber nach den Aktschlüssen
1787 3213 2987 3273 mit steigender Wärme dankte, hatte nichts Gemachtes, war un¬
1794 3273 2972 3335 geteilt und wohlverdient. Nun braucht Herr Moris, der Ober¬
2139 3309 2172 3337 Fr
1784 3304 2980 3377 spielleiter, die Auffuhrung auch nicht länger auf die inhaltlich
1775 3351 2980 3425 unmögliche Biedermeierzeit einzustellen, unzählige Stellen im
1779 3403 2967 3446 Dialog machen den Versuch ja so lächerlich ....! Zum Bei¬
1781 3438 2964 3504 spiel ist einmal von einem „Telegramm“ die Rede — man denke:
1785 3496 2978 3548 anno Kaiser Franz!, und auf dem Ofen des alten Musikus
1784 3518 2978 3584 Weiering prangt eine große Schubert büste, während
1773 3569 2981 3642 Meister Schwamme damals doch noch höchst verkannt und gering
1779 3612 2950 3694 mit wenig Jüngern rund um den Steffel ging... A. Prgr.
2870 3682 3028 3758 gesors
