3392 4256
251 163 661 239 Liebelei
798 158 1243 251 box 13/1
243 224 659 276 —
309 1019 1196 1133 „OBSERVERN
421 1089 1110 1181 I. österr. behördl. konzessioniertes
372 1130 1161 1230 Unternehmen für Zeitungs-Ausschnitte
431 1198 1117 1296 WIEN, I., WOLLZELE 11
530 1256 1012 1335 TELEPHON R-23-0-43
637 1315 773 1404 Salzh
685 1406 789 1493 18.
390 1592 1195 1679 Theater, Kunst und Musik.
239 1656 1410 1744 § Das Andenken Artur Schnitzlers zu ehren, spielte unser
186 1714 1411 1798 Stadtheater gestern des verstorbenen Dichters Schauspiel
188 1782 1404 1843 „Liebelei“. Mit schönem Erfolg. Denn die Aufführung
194 1820 1401 1874 begegnete nicht nur überraschend großem Publikumsinteresse,
183 1873 1405 1931 sondern fand auch, nicht zuletzt dank der vortrefflichen Dar¬
197 1917 1405 1969 stellung, lebhaften Beifall. Das liebenswürdige, von feiner
187 1970 1403 2030 Beobachtungs= und Einfühlungsgabe zeugende, von nachsicht¬
184 2017 1397 2060 licher Menschlichkeit erfüllte Spiel um ein „süßes Mädel“ übt
191 2058 1400 2126 auch heute noch starke Wirkung. Trude Hanke fand sich als
196 2112 1407 2165 Christine zwar nicht gleich in ihre Rolle und zeigte sich am
189 2156 1400 2202 Anfang so befangen, daß ihr Sprechen manchmal undeutlich
194 2200 1408 2256 wurde, aber sie wuchs, je näher sie der bitteren Frage kam
196 2246 1411 2309 „Und was wur ich ihm?“ immer mehr in ihre Aufgabe hinein
189 2299 1408 2366 und erreichte zulegt im Ausdruck ihres Schmerzes beachtliche
193 2348 1399 2411 Höhe. Mary Wawra hatte es als Mizzi Schlager natürlich
189 2406 1404 2453 leichter — die gibt sich keinen gefährlichen Illusionen hin und
196 2441 1412 2496 empfindet viel einfacher als die ernster, tiefer veranlagte
198 2495 1408 2556 Christine — aber Frl. Wawra spielt so frisch und tempera¬
193 2547 1411 2599 mentvoll und entwickelt so viel ursprünglichen Sinn für Hu¬
190 2580 1413 2642 mor, daß sie wirklich allerlei Anerkennung verdient. Glän¬
185 2634 1409 2700 zend ist Frau Czernitz=Renn als Katharina Binder, eine
190 2680 1403 2739 Frau aus dem Volke, gutherzig, aber nicht frei von Bosheit,
198 2730 1410 2793 ein wenig schwatzhaft, ein wenig sentimental... Frau Czernitz
189 2776 1409 2832 war vollauf in ihrem Elemente und erntete für die prachtvolle
188 2829 1400 2878 Leistung besonderen Beifall. Raimund Warta bleibt der
196 2870 1412 2933 Rolle des Fritz Lobheimer manches schuldig, man fühlt, daß
199 2919 1406 2980 er sich zu der ihm wesensfremden Art zwingen muß. Dagegen
196 2958 1415 3031 ist Walter Sofka, der auch mit der Spielleitung betraut
192 3010 1410 3074 war und seine Aufgabe recht zufriedenstellend löste, als leicht¬
198 3062 1406 3127 lebigerer, aber treuer Freund vollkommen auf der Höhe. Josef
192 3111 1416 3180 Weyrich hat für den gütigen Weyring den richtigen Ton,
200 3156 1403 3213 Hadolf Herold gibt den Herrn in ausgezeichneter Haltung.
197 3209 1407 3260 Das Publikum ließ sich von der leisen Melancholi des Stückes
202 3250 1411 3306 rühren und bewies durch seine Anteilnahme, daß auch das
1198 3297 1340 3365 F. K.
190 3303 740 3378 Bessere Verständnis findet.
1761 1063 2648 1203 DOBSERVERC
1869 1152 2559 1227 I. österr. behördl. konzessioniertes
1827 1189 2598 1290 Unternehmen für Zeitungs-Ausschnitte
1879 1251 2550 1350 WIEN, I., WOLLZELE 11
1979 1311 2451 1378 TELEPHON R-23-0-43
1850 1383 1979 1480 8088
2088 1399 2257 1495 16681
2205 1463 2411 1548 1991
1807 1466 2147 1567 2# 11
1822 1602 2729 1712 Donnerstag Artur Schnitzler¬
1774 1685 2727 1750 Feier. Donnerstag, den 26. ds., abends 8 Uhr
1772 1734 2750 1798 außer Abonnement werden als einmalige Gedenk¬
1762 1797 2721 1857 feier für den verstorbenen Wiener Dichter Ar¬
1766 1835 2729 1894 thur Schnitzler zwei seiner besten Werke, das
1762 1902 2730 1945 Schauspiel „Liebelei“ und vorher das ein¬
1773 1932 2731 2001 aktige Lustspiel „Literatur“, das in Aussig
1765 1983 2730 2047 noch fast unbekannt sein dürfte, völlig neu ein¬
1764 2037 2737 2116 studiert, in Szene gehen. In „Liebelei“ sind be¬
1734 2150 2718 2218 schäftigt die Damen: Maria Andergast, Liesl
1732 2208 2699 2273 Andergast und Rosa Hoppe und die Herren:
1732 2258 2689 2316 Steinböck, Hans von Spallart, Miller und Ler¬
1730 2303 2686 2358 mer. Regie: Herr Adolf Lermer. In dem fein¬
1728 2343 2698 2428 sinnigen Lustspiel „Literatur“ spielt die weibliche
1733 2391 2695 2466 Hauptrolle Fräulein Trude Heß; ferner treten
1731 2447 2684 2507 die Herren Spallart und Miller auf. Regie: Mar¬
1732 2503 2686 2557 tin Miller. Die Direktion hofft, mit dieser Ge¬
1728 2543 2684 2606 dächtnis=Vorstellung den vielen Aussiger Freun¬
1738 2600 2683 2657 den des berühmten Wiener Dichters und beson¬
1738 2645 2677 2696 ders dem Hilfverein österreichischer Staatsange¬
1736 2695 2679 2753 höriger, dem ein Teil des Reingewinnes abge¬
1729 2731 2696 2807 führt wird, einen besonderen Theaterbesuch zu
1744 2788 2683 2847 verschaffen. Möge der gute Zweck durch zahlrei¬
1742 2834 2695 2900 chen Besuch belohnt werden. Trotzdem gelten nur
1735 2888 2692 2951 gewöhnliche Preise, während die Abonnenten ge¬
1738 2935 2694 2990 gen Vorweis der Abonnementskarte nur die er¬
1741 2985 2695 3044 mäßigten Preise (die vorjährigen Preise 1) zu
1730 3024 2700 3105 zahlen haben. Für Jugendliche unter 16 Jahren
1742 3078 2686 3146 verboten. Der Vorverkauf hat bereits begonnen.
1792 3124 2698 3181 Freitag vorletzte Aufführung
1725 3179 2698 3237 „Die neugierigen Frauen“ Die neue
1732 3217 2703 3284 komische Oper „Die neugierigen Frauen“ von
1728 3265 2699 3335 Wolf Ferrari wird Freitag, den 27. ds., in Serie
1734 3323 2427 3392 5 zum vorletzten Male wiederholt.
