3344 4256
398 160 760 223 Liebelei
221 157 1368 261 5. I box 11/2
594 520 1268 603 Sser As-##1
233 665 1369 732 THE NEW YORK DRAMATIC MIRROR
527 764 1203 826 Berkeley Lyceum—The Reckoning.
455 810 1265 868 Play, in three acts, by Arthur Schnitzler; Eng¬
481 848 1257 893 lish translation by Grace Isabel Colbron. Pro¬
1269 866 1322 918 15
479 883 1235 936 duced Feb. 12. (Robert Hunter, manager.)
475 907 1246 946 Fritz Sommer  John Dean
1264 930 1330 980 8
480 933 1251 978 Theodore Kaiser Robert Conness
476 971 1243 999 Mitzi Schlaeger  Phyllis Rankin
477 992 1244 1024 Christine Wehring . Katherine Grey
476 1010 1249 1048 A Gentleman Albert Bruning
1246 1008 1328 1074 4
468 1030 1251 1070 Mrs. Catherine Binder  Sarah MeVickar
470 1055 1262 1106 Hans Wehring George Henry Trader
496 1074 1325 1147 Superb acting saves this play from being tire-P
456 1119 1279 1167 some, and makes a visit to the little theatre
446 1146 1333 1208 fullv worth while. The drama belongs to thef?
459 1185 1273 1221 modern Continental school, in which the play¬
454 1207 1280 1257 wright assumes the province of teacher rather
458 1244 1274 1283 than that of storyteller, and emotions super¬
453 1261 1285 1306 sede actions. It is not a problem play or a lec¬
459 1300 1282 1338 ture on ethics, but it has a lesson for its purpose
452 1329 1273 1370 and a novel excuse of a moral fault for its eccen¬
459 1356 1270 1392 tricity—both purpose and eccentricity being
461 1382 1274 1419 tenets of the aforesaid Continental school of
453 1414 1271 1453 playwriting. Arthur Schnitzler, the author, is
451 1437 1275 1479 one of the younger German dramatists, already
458 1461 1276 1502 with a reputation in his own country and in
444 1491 1277 1532 Austria. This particular plav is said to be pop¬
455 1529 1274 1561 ular in Berlin and Vienna. It was done in Eng¬
450 1549 1277 1589 lish by the Progressive Stage Society on Feb. 19,
447 1579 1276 1616 1905, under the title of Flirtation, a more lit¬
461 1605 1271 1644 eral though less expressive rendering of the Ger¬
450 1615 1289 1673 man title, Liebelei. The same version was used
445 1662 1272 1700 then as now. It is a complete translation, with
448 1694 1277 1725 the vernacular of the original changed into Eng¬
446 1719 1281 1766 lish, or rather, American, idiom. The plot in de¬
447 1746 1274 1789 tail was published in Tnn Miknon at the time
446 1777 860 1822 of the first production.
492 1796 1278 1847 Briefiy rehearsed, the story is this: Fritz
456 1834 1278 1880 Sommer, a voung dragoon, carries on a flirtation
454 1873 1287 1919 with Christine Wehring, the daughter of an old
448 1893 1271 1933 violinist. Christine has fallen completely in love
451 1923 1275 1961 with Fritz and innocently believes the young
457 1951 1271 1990 man’s love for her is as complete. Fritz, how¬
447 1968 1286 2014 Tever, has a more serlous liasen with a married
447 1999 1268 2051 woman about whom Christine knows nothing.
457 2033 1282 2074 The husband of this woman discovers his wife's
457 2063 1282 2103 infidelity and challenges Fritz. A duel is ar¬
448 2089 1280 2128 ranged and the young man is killed. Theodore,
456 2122 1280 2156 his friend, tells Christine, but net until he has
455 2147 1278 2185 told all of Fritz’s relatives; not until the young
450 2168 1271 2213 man is buried, in fact. Christine then reallzes
441 2199 1281 2242 how small a blace she held in her lover’s regard.
448 2230 1277 2277 She demands to be taken to bis greve, and when
454 2266 1269 2298 she is reminded that she may find another
448 2289 1283 2317 woman praying there, she goes #lone to kill her¬
457 2314 1279 2353 self. Her old father, who nas understood her
441 2337 1281 2382 and forgiven her, is left alone, ré#lizing that he,
449 2373 1276 2412 too, has made a mistake. The philosophy of the
449 2402 1274 2441 father is the“ eccentricity“ pertalning to mod¬
452 2429 1275 2466 ern Continental dramas. All his life he has
450 2454 1283 2512 guarded from danger his dowerless sister, who
636 2491 1108 2555 (Continued from page 3.)
437 2522 1283 2575 died a virtnous, joyless spinster into whose life
444 2574 1278 2617 no sort of happiness had ever come. When he
448 2595 1277 2636 discovered his daughter’s liason with Fritz, long
441 2626 1272 2679 before she told him, he determined that her light
449 2655 1274 2703 should contain some Joy even at the cost of her
444 2685 1267 2716 ingocence. The“ lesson“ of the dramatist linds
442 2716 1267 2751 its exposition in the consequences of the father’s
439 2743 1268 2794 philesophy as well as the tragedy of the daugh¬
467 2771 729 2817 ter’s ignorance.
477 2775 1283 2848 Both the individual acting and the“ team
451 2821 1270 2866 plar,to use a sporting term, deserve the high¬
437 2836 1281 2890 Pest praise. Katherine Grey as Christine exhibits
457 2884 1275 2928 unexpected emotional strength. During the first
441 2910 1266 2953 act she indicates by her manner rather than her
452 2940 1267 2980 speeches, Christine’s approaching disillusionment.
450 2967 1269 3004 #ier scenes with Fritz in the second act are full
446 2996 1271 3037 of spontancity, and her simulation of unselfish,
457 3023 1276 3073 unreserved love is excellently done. In the last
449 3050 1266 3088 art, however, Miss Grey rises to the highest type
446 3082 1268 3113 of emotional acting—represssed passionate grief.
443 3112 1271 3150 When Christine learns of Fritz’s death and as
454 3135 1265 3172 the realization of her inferior place in his af¬
441 3163 1272 3200 Pfections comes to her with enmulative force, the
437 3186 1270 3242 actress becomes almost terrible in the intensity
447 3223 712 3263 of her acting.
493 3241 1269 3290 Phyllis Rankin gives a verv satisfring por¬
442 3269 1280 3321 trayal of a Vienna grisette, Theedore’s sweet¬
449 3304 1270 3341 heart, who has had too many love affairs to
450 3330 1271 3372 take ang one of them serionsly. Sarah Me¬
456 3359 1281 3393 Vickar as a prudish, gossiping housewife is also
461 3375 1288 3438 very good, though ner performance###fthe role
455 3410 1279 3457 is along commonplace lines. John Dean is gen¬
446 3448 1265 3473 erally satisfzing in the role of Fritz. The char¬
444 3473 1271 3503 acter in less skillful hands might be made a cad
444 3496 1279 3553 or worse, but as Mr. Dean plays it there is noth¬
458 3531 1270 3565 ing more dishonorable than carelessness depicted.
452 3559 1271 3586 Robert Conness is well fitted with the part of
452 3584 1273 3621 Theodore and plays it finelg. Albert Bruning
454 3612 1274 3651 as the deceived husband is on the stage only a
447 3635 1279 3678 few moments during the ürst act. but his acting
445 3666 1276 3707 is well nigh flawless. George Henrv Trader as
440 3700 1271 3733 Christine’s father has an opportunity to show
452 3731 1267 3770 what an artist he is in both acting and make-up.
446 3756 1281 3798 It would be hard forthe most captions to lind
454 3784 1279 3819 a fault in his work, even on the closest analysis.
486 3813 1278 3854 The play is well staged, with evident care for
457 3834 1278 3881 minute details. Taken altogether, it forms an
450 3862 1281 3912 interesting and profitable entertainment that is
458 3899 1272 3944 unfortunately likely to prove caviare to the the¬
446 3919 951 3969 atregoer hunting amusement.
1606 614 3178 680 NEW YORK DRAMATIC NEWS—February 23, 1007.
3084 724 3212 779 —
2104 750 2526 824 The Keckoning.
1934 823 2699 891 Offered at the Berkeley Lyceum Theatre Feb.
1910 865 1989 910 12.
2006 880 2711 929 A three-act drama by Arthur Schnitzier.
1908 901 2440 957 Production by Robert Hunter.
1915 938 2723 983 Fritz Sommer... John Lean
1917 968 2727 1007 Theodore Kalser Robert Conness
1908 995 2730 1034 Mitzi Schlaeger Phyllis Rankin
1908 1021 2733 1059 Christine Wehring Katherine Grey
1909 1049 2717 1092 A Gentleman Albert Bruning
1907 1078 2719 1116 Mrs. Catherine Binder Sarah MeVickar
1902 1100 2717 1160 Hans Wehring George Henry Trader
1946 1142 2723 1205 Some time ago there was produced at
1897 1184 2726 1238 the Irving Place Theatre a play called
1902 1225 2762 1287 Liebeli, which has finally found its way u
1900 1273 2728 1327 to the English stage, through the medium
1890 1314 2754 1363 of Robert Hunter, who offered it at the ##
1901 1355 2714 1418 Berkeley Lyceum Theatre last Tuesday
1898 1401 2723 1459 night. Its English name is The Reckon¬
1902 1437 2717 1497 ing, and it was very well staged by Fred¬
1896 1485 2721 1545 Ferick Sullivan and Gustave von Seyffer¬
1891 1523 2718 1581 Stitz, who was connected with Mr. Con¬
1893 1569 2709 1628 ried’s forces at the German Theatre for
1890 1610 2721 1664 eseveral years. With a meagre plot, scarce¬
1900 1644 2722 1710 ly any semblance at all of a story, the#
1886 1696 2714 1752 play was skilfully handled by a company
1887 1734 2720 1790 Sof excellence. It is merely a tale of a
1890 1787 2710 1835 girl who loves above her station, to find
1899 1818 2712 1873 her hero involved in a love affair with a
1890 1860 2713 1920 married woman, subsequently being killed
1889 1900 2706 1961 in a duel with the husband. It is a play
1892 1945 2713 1997 where you have to draw a great deal upon
1893 1981 2720 2028 imagination, for in the first two acts
1899 2031 2707 2077 things move very slowly, and it is only
1897 2067 2713 2126 the distress of the young girl over her
1893 2115 2711 2166 lover’s actions, his hasty departure to
1891 2153 2709 2217 death, which made matters interesting in
1890 2195 2193 2245 the third act.
1925 2227 2713 2285 The story tells of two young bachelors,
1893 2283 2715 2330 who entertain a pair of young ladies in
1888 2312 2702 2372 their quarters. One of the girls is friv¬
1894 2365 2709 2405 olous, the other is a sort of emotional
1893 2403 2705 2451 creature who is madly infatuated with
1894 2447 2713 2507 one young man who, while he professes
1888 2493 2715 2544 to be fond of her, has had an intrigue
1892 2540 2702 2586 with another woman. During a supper
1884 2571 2709 2612 party the husband of this woman arrives
1890 2615 2711 2662 and returns some letters, with the under¬
1887 2660 2704 2712 standing that they are to meet upon the
1897 2698 2716 2763 field of honor. The ladies are sent home,
1894 2735 2459 2793 and this closes the first act.
1928 2777 2705 2831 The second act shows the quarters of
1887 2815 2702 2880 the heroine, where the story further pro¬
1900 2869 2710 2921 gresses with no particular object, and the
1892 2904 2717 2959 third act is where things begin to hap¬
1895 2950 2710 3000 pen. The end of all of it is a tale of too
1895 2992 2705 3038 much confidence in a scapegoat. Kather¬
1890 3029 2704 3084 ine Grey, who played the heroine, had her
1893 3081 2709 3126 opportunity in this act, and developed as
1890 3111 2706 3176 an emotional actress of some quality.
1894 3160 2709 3208 Those who remember the strong scene she
1899 3201 2712 3251 had with W. H. Crane in Business is Busi¬
1890 3244 2708 3287 ness, will find equally as clever work in
1883 3282 2701 3338 this play, and she was rewarded with sev¬
1882 3317 2701 3377 Veral curtain calls. John Dean, who has
1891 3367 2701 3422 never been conspienous by any great
1893 3408 2707 3456 amount of work, played the hero in a
1895 3451 2697 3502 very good fashion, and a fine character
1894 3496 2694 3534 study was that of the old musician,
1896 3534 2696 3589 handled by George Henry Trader, Rob¬
1890 3570 2709 3629 ert Conness, a very graceful actor, has the
1893 3637 2706 3697 making of a fine light comedian, and
1886 3685 2692 3737 Phyllis Rankin, as well as Sarah Me¬
1895 3725 2585 3784 Vickar, made much of their parts.
1931 3769 2706 3831 Mr. Hunter is to be praised for staging
1889 3801 2710 3878 the play quite appropriately, considering
1896 3845 2698 3910 the meagre facilities at the Berkeley Ly¬
1894 3895 2709 3949 ceum, and if The Reckoning never gets
1882 3940 2705 3991 beyond New York there is some satisfac¬
1878 3981 2700 4043 tion in knowing that goed acting can
1892 4015 2465 4075 sometimes aid a poor drama.
