3436 4256
487 175 867 243 Liebelei
288 160 1450 262 5. Lissssel box 11/6
1929 1029 3130 1119 Sonnabend zum Kontre=Admiral beforderten Oberwerft¬
775 1081 1667 1166 1 der Tond. Ztg. zufolge 180000 K genannt.
207 1101 596 1189 ig geschlossen.
805 1140 3132 1264 Sinne und Grade Franz Neumann getan in seinem] auch des betrogenen Gatten, liegt vor uns wie ein aufge¬
1981 1171 3123 1252 schlagenes Buch. Und dann im 3. Akt, wo die von Sehn¬
805 1219 1966 1294 musikalischen Schauspiel „Liebelei". In der Tat haben
1973 1221 3134 1295 sucht nach dem Geliebten sich verzehrende Christine der
208 1233 609 1318 sik-Matinee.
806 1258 1965 1335 wir es hier zunächst mit einem regelrechten Schauspiel zu
1979 1263 3125 1340 Freundin Zweifel begegnet mit dem Hinweis darauf, daß
811 1292 1963 1372 tun, genau wie in Schnitzlers gleichnamiger dramatischer
1964 1295 3129 1363 l am Hause Fritzens die Jalousien heruntergelassen seien,
227 1289 791 1376 Brahmschen C-moll=Streich¬
802 1332 1964 1425 Dichtung; hier also mit einem musikalischen Schauspiel.
1979 1328 3147 1406 er also doch, wie er vorausgesagt, abgereist sein müsse, da
217 1349 796 1408 tag haben sich die Herren
816 1383 1968 1451 Hat ein solches überhaupt eine Bevechtigung? Gelingt:s
1981 1367 3142 1450 verständigt uns ein leise vom Orchester herauftönender
244 1376 797 1448 Habenicht, Reitz und
809 1403 1966 1489 dem Tonkünstler vermittelst der Musik, die feineren
1986 1420 3144 1488 Trauermansch den wahren Grund er beobachteten Tat¬
217 1419 802 1488 leichte Aufgabe gestellt. Von
822 1451 1967 1528 Fäden des Kunstwerks bloßzulegen und damit das Werk
209 1463 802 1531 s nordischen Meisters ist das
1985 1485 2129 1548 sache.
812 1487 1969 1562 dem Hörer sogleich, oder doch mindestens ungleich schneller
2059 1465 3137 1562 So ließe sich eine Fülle feiner Beziehungen und Er¬
211 1504 798 1566 nwenigsten einer äußerlichen
812 1536 1979 1604 als der reflektierende Verstand das vermag, nahe zu
1972 1520 3144 1612 läuterungen durch ddie Musik nachweisen. Diese selbst zeigt
203 1535 813 1613 ur der wirkliche Künstler, der
1784 1599 1833 1624 An
807 1565 1971 1654 bringen; geliggt es ihm, die Psyche des Kunstwerks zu
1978 1555 3149 1638 sich von edler Erfindung, gedankenreicher Verarbeitung,
218 1581 806 1645 knähert, dem die Ausübung
820 1607 1979 1680 fassen und dieses damit von innen heraus dem Hörer zu
1986 1616 3147 1692 schöner, harmonischer, modulatorischer und farbenpräch¬
216 1621 809 1681 rfnis geworden ist, und bei
814 1643 1973 1722 beleuchten, so schafft er zweifellos neue Werke und die Art
1991 1652 3144 1720 tiger instrumentaler Behandlung und würde in manchen
202 1661 809 1723 den technischen Aufgaben spie¬
1997 1683 3153 1764 Teilen des Werks auch ohne Bühnenbild wirksam sein.
815 1709 1740 1765 seines Schaffens hat damit ihre Berechtigung.
204 1695 800 1772 n Rhythmus die Seele siegen
892 1711 1972 1796 Wie sicht es nun, von diesem Gesichtspunkt betrachtet,
1990 1721 3153 1809 Jedenfalls haben wir es mit einem in jeder Hinsicht ernst¬
200 1737 811 1817 lcher nach innen gewandten
820 1766 1970 1841 mit Franz Neumanns „Oper“ aus? Es würde mich
1994 1757 3150 1850 zunehmenden, zur überwiegenden Hauptsache schönen Werk
217 1781 816 1842 serzen quoll, ein beredter Für¬
818 1800 1983 1875 hier viel zu weit führen, wollte ich der an Hand der mir
1995 1788 3162 1885 zu tun. Mag man, wie bereits eingangs erwähnt, — diese
213 1807 821 1877 inunsere heimischen Quartett¬
1990 1838 3157 1914 Art der Weiterentwicklung der Oper beklagen, — ihren
818 1841 1986 1922 vorliegenden Partitur und in Anlehnung an die gang aus¬
205 1859 816 1919 ben den poesievollen Gestalten
1994 1874 3150 1960 mancherlei Schönheiten wird jeder, der sich bemüht, ihr
817 1876 1987 1961 gezeichnete, künstlerisch geradezu hervorra¬
209 1898 810 1968 In der stimmungstiefen Ro¬
827 1919 1974 1996 gende Aufführung des Werks im einzelnen davtun.
1990 1915 3161 1996 vorurteilsfrei gegenübenzutreten, nicht entziehen können.
250 1940 808 1996 gestatteten dem Hörer auch
827 1941 1980 2035 Nur die Hauptsache sei hervorzuheben. Neumanns
1998 1963 3004 2036 Das Werk chinterließ auch einen starken Eindruck.
248 1976 821 2031 wunderbare Kraft sder Har¬
2070 1983 3162 2070 Die Auffirhvung am Sonntag abend war — von
825 1994 1978 2084 Musik bemüht sich nicht allein, der Charakteristik der ein¬
237 2010 818 2078 1 den beiden Ecksätzen offen¬
1557 2034 1983 2088 folgt zugleich dem
2006 2030 3157 2119 Kleinigkeiten abgesehen — allerdings glänzend, was um so
206 2045 824 2127 grüblerische Eigenart Brahm¬
825 2048 1572 2119 zelnen Personen beizukommen, sie
833 2064 1994 2148 feinen Rhythmus der Szene mit nicht selten geradezu ver¬
2009 2054 3167 2152 mehr uneingeschränkte Anerkennung verdient, als hinsicht¬
219 2093 826 2149 Nur bei einer solchen Dar¬
1986 2103 3168 2206 lich des Zusammengehens von Bühne und Orchester außer¬
823 2107 1988 2186 blüffendem Erfolg. Neumanns Musik leuchtet seinen Men¬
211 2127 818 2189 borgenen Schönheiten gehoben
830 2142 1986 2227 schen ins Herz, rafft an entscheidenden Stellen das bereits
1992 2163 3168 2237 ordentliche Schwierigkeiten zu überwinden waren. Umfang
217 2169 824 2233 er Gegenüberstellung des tief¬
2003 2202 3165 2277 und Bedeutung dder Partie berücksichtigt, stand Inesvon
842 2193 1984 2270 früher in Tönen gesagte kurz und treffend zusammen und
209 2206 819 2274 den schlichten innigen Ton¬
832 2222 1995 2303 läßt daher nicht allein über die Art der zu charakterisieren¬
2011 2228 3167 2308 Encke als Christine ebenan, ihr zur Seite Dr. Landry
214 2237 827 2311 ische Es-dur=Diventimento für
841 2273 1985 2351 den Situation keinen Zweifel, sondern weiß das Interesse
2047 2268 3163 2346 Fritz). Im weiteren dürften — es sei denn bei Ein¬
227 2286 820 2348 offenbaren, zustimmen. Auch
2006 2308 2060 2351 (2
845 2309 1993 2388 der Hörer mit besonderem Nachdrick wachzuhalten. Wenn
2012 2306 3173 2387 schätzung der kleinen Pavtie der Frau Binder (Anna
215 2327 825 2390 Herren Darmstadt, Reitz
833 2350 1988 2430 beispielsweise zu Beginn des 3. Abtes Christine über eine
2011 2347 3166 2423 Schmitz) — wesentliche Unterschiede kaum zu machen
203 2361 819 2434 ich auf allseitige Anerkennung
843 2390 1990 2464 Arbeit gebeugt still und scheinbar in seelischem Gleich¬
2007 2392 3166 2464 sein; ich nenne daher in gleicher Linie neben Fanny
207 2409 584 2480 enen Publikums.
848 2425 1991 2508 gewicht am Fenster sitzt, die Musik verrät's uns; das
2008 2422 3179 2509 Ambras (Mizi Schlager), die Herren Grifft (ein
842 2465 2001 2543 schöne Eingangsthem erzählt's: „All' meine Gedanken,
2014 2463 3167 2541 Herr), Kaposi (Theodor) und Stuhlfeld (Hans Wei¬
2154 2508 3174 2578 — Und endlich sei auch der verdienstvollen Leiter
845 2507 1999 2578 die ich hab'“ es ist die Weise des Liedes, das das Mädchen
214 2511 560 2594 adttheater.
2020 2537 2155 2589 ring.)
841 2548 1991 2624 in froher Stunde dem Geliebten gesungen. Uebrigens
2019 2534 3179 2623 nicht vergessen: Kapellmeister Dr. Schreiber, ein¬
200 2571 825 2668 n von Franz Neumann.
844 2583 2005 2667 weist gerade die musikalische Thematik der Christine ein
2013 2576 3172 2664 schließlich seines trefflichen Orchesters, und Oberspielleiter
851 2619 1994 2703 ganz reizendes Grundmotiv zu, das in wechselnder Klang¬
215 2629 828 2715 Schauspiel von A. Schnitzler.
2021 2645 2605 2714 Theodor Rittersberg.
842 2655 1992 2739 farbe und Harmonie bei gewissen melodischen Verände¬
2080 2645 3171 2730 Und nun zum Schluß noch einen Wunsch: dieselbe
202 2679 833 2757 r betonen ein schrankenloses
848 2700 2003 2773 rungen sie durch das Wenk oft begleitet. Oder man nehme
2026 2694 3176 2774 Mühe und Sonafalt, ddie man — mit Recht an die Ein¬
201 2724 838 2800 krischen Gestaltung. Aber was
838 2730 2006 2824 die überaus wirkungsvolle vierte Szeme des ersten Aktes,
2017 2731 3184 2823 studierung des hier in Rade stehenden Werkes gegeben,
213 2771 829 2837 besondere veranlaßt durch die
836 2774 2012 2842 I die das Auftreten des beleidigten Herrn bvingt. Hier gibt
2026 2769 3188 2862 wende man auch einmal an anerkannte Meisterwerke. Und
207 2808 832 2880 orwürfe, mit gewaltigen, nicht
846 2816 2010 2898 die Musik mit unheimlicher Präzision den Grundton des
2012 2814 3186 2901 man wird vielleicht hinsichtlich des Theaterbesuchs ganz
213 2848 846 2920 (Tristan) zu fassen sucht, das
2949 2856 3131 2921 W. O.
842 2858 2006 2926 ganzen Auftvitts; der anfänglich angenommene leichte
2013 2884 2583 2947 neue Erfahrungen machen.
216 2883 847 2946 rmaßen aus höheren Regionen
215 2894 2009 2990 stäglichen Lebens. Ich erinnere Konvevsationston der sich Unterhaltenden erscheint sofort
218 2936 2005 3032 hime“. Das hat in besonderem als Lüge das Innere der beiden Redenden insbesonder¬
506 3017 1814 3220 Rieler Tesdine
