3436 4320
190 233 747 313 5. Liebelei
357 236 1313 369 . box 12/7
795 401 1092 453 Wel Pu.
432 378 605 462 mn
502 418 1527 506 *Stadt=Theater. Heute abends geht zum 2.
415 483 1523 541 Mals die mit so großem Erfolge aufgenomnene Ope¬
417 526 1521 594 ntté „Hanni gehttanzen“ mit Frl. Gretel Her¬
417 577 1535 654 zog und der Herren Leo Fiedler, Robert Wolf und
417 645 1526 691 Emil Marion in den Hauptrollen in Szene. Die Ope¬
424 675 1529 754 rette bringt nächstens „Eva“ von Franz Lehärs mit
422 725 1526 782 den Damen Alexandra Hylt, Gretel Herzog, den Her¬
403 774 1526 836 #ren Leo Fiedler, Josef Küssingen in den Haupirollen.
357 821 1530 894 Hr. Gollmer, der bereits in der Czardasfürstin“ ga¬
434 864 1541 936 stierte, wird auch in der „Eve diederum vor dem
434 913 1535 983 Warnsdorfer Publikum auftreten. Das Schauspiel
219 907 325 997 4
430 980 1531 1044 bringtals Novität demnächst „Extemporale“, ein
422 1001 1563 1107 Leistspiel, das überall mit großem Erfolg aufgeführt
390 1082 614 1156 „urde.
588 1101 1532 1189 „Liebelei.“ Am 9. Okt. #ng das von Artur
427 1167 1540 1230 Schyitzler geschriebene Schauspiel „Liebelei“ am hies.
452 1220 1536 1287 dith#ter=über die Bretter. Es ist eines von jenen
426 1289 1543 1334 #üdernen Stücken, die wenig Handlungen bieten und
440 1314 1539 1389 es den Darstellern überlassen, daraus etwas zu ma¬
418 1358 1550 1444 chea. — Ein junger Mann verliebt sich unerlaubter
427 1420 1533 1498 Weise in die Frau eines andern, der dahinter kommt.
432 1479 1545 1541 Mittlerweile hat er auch die Bekanntschaft eines jun¬
433 1534 1540 1600 gen Mäschens gemacht, die seine Liebe aufrichtig er¬
432 1570 1551 1638 widert. Schon glaubt er es besitzen zu dürfen, da wird
430 1631 1539 1698 er vom Manne der ersteren gefordert und fällt im
427 1671 1541 1762 Duell. — Hr. Heinz Peinhold (Fritz Lobheimer)
432 1724 1543 1800 kann mit seinem ersten Auftreten zufrieden sein. Er
433 1791 1545 1838 spielte seine Rolle gut und hob sich vorteilhaft hervor.
446 1829 1547 1917 Seine Partnerin Frl. Else Norden (Christine) war
431 1885 1554 1943 ihm ebenbürdig. So vertrefflich sie sonst spielt, so
443 1938 1541 1990 stand ihr doch diese jugendliche Rolle nicht besonders.
436 1975 1549 2047 Recht gut gefielen Frl. Anny Kapeller und Herr
426 2019 1560 2115 Walter Sima; auch Frl. Fritzi Enders, Herr
433 2079 1555 2152 Stephan Himmelsbach und Hr. Oskar Freidl
442 2121 1559 2206 verdienen hervorgehoben zu werden. — Die Direktion
436 2175 1547 2251 kann mit der Aufführung dieses Schauspiels sehr zu¬
426 2241 727 2318 frieden sein.
792 2266 1578 2375 ##rnerein Oaut Beschluß# ten
489 2389 1108 2472 Warnsdorser Stadttheater.
741 2455 1311 2530 Warnsborj, 10. Okt.
652 2508 965 2584 „Liebelei“
954 2508 1189 2581 —
402 2559 974 2637 Schanspiel von Art####
370 2594 1389 2705 Der gestrige Abend brach eidich da¬ r
296 2647 1144 2728 über dem Schauspiele und versöhnte 1
305 2687 1340 2763 vorangegangenen Mißgriffen. Die##rung
293 2755 1329 2816 der „Liebelei“ muß als Erfolg ##buht werden,
304 2777 1022 2867 der umso höher zu bewert###
307 2805 1334 2892 Arztes Wert ganz bei#d##s hobe Anforderungen
305 2878 1362 2939 an die Darstelelbt man beim
304 2919 1376 2981 Sprechstsck# auch weiterhin auf der
310 2967 1342 3026 gestern Märkenen Bahn, so darf der Hinweis auf
1339 2976 1439 3056 22
315 3004 1332 3074 die ersten Mißerfolge kkein Grund mehr für schwa
311 3054 1348 3114 ichen Besuch des Schauspiels sein, wie man ihn
315 3060 1434 3159 gestern leider verzeichnen mußte. Das Haupt B
324 3131 1332 3196 intereise konzentriert sich natürlich auf die Dar
326 3196 1352 3248 steller der Cyristine und des Fritz Lobheimer.
317 3238 1347 3289 Frl. Norden — mit kundiger Hand auch die
317 3277 1360 3334 Regieführende erfüllte mit der Wiedergabe des
317 3316 1349 3380 wahreng einfachen Mädchens, dem die unveducht.
316 3358 1356 3425 Liebelei zur tiefernsten reinen Liebe wird, im
320 3401 1346 3466 vollsten Maße die hochgespannten Erwartungen.
318 3452 1348 3502 Der auf Engagement spielende Gast vom Königs
323 3500 1342 3555 berger Stadtheater, Herr Hans Reinhold, er
331 3531 1359 3596 schien in der Rolle des Fritz recht vorteilhaft und
329 3572 1344 3650 verriet den klugen und gewandten Darsteller.
322 3630 1362 3673 Wiewohl er es an Innigleit nicht fehlen ließ,
336 3663 1368 3728 schien aber doch zuweilen das tief innere Erleben
336 3706 1356 3771 zu mängeln. Ueberdies biete. diese eine Rolle
340 3747 1358 3813 für eine Beurteilung zu wenig Gelegenheit. Einen
337 3799 1353 3862 sehr guten Eindruck hinterließ der so viel ver
335 3834 1368 3898 wendbare Herr Waiter Sima Kaiser), nicht
332 3883 1372 3941 minder Frl. Kapeller (Mizzi) Beide fanden
330 3923 1362 3988 sich trefflich in das Milen. Auch die Leistun
333 3964 1363 4055 gen der Herren Himelsbach (Weiring) und
344 4021 1372 4079 Freidel (Ein Herr) sowie des Frl. Enders
337 4048 1364 4137 (Katharina Binder) gefielen. Man geizte nicht
1190 4098 1333 4179 r. m.
338 4109 598 4177 mit Beifall.
1732 731 1994 822 Momuchen.
1789 817 2965 868 Arthur Schniblers „Liebelei“, das zur Tragödie werbende Liebes.
1710 865 2953 931 spiel tleinbürgerlicer Wiener Junglautchen, wirkt heute nicht mehr
1711 884 2952 965 sso unmittelbar, als um die Jahrhundertwende, wo wir das damals
1719 943 2951 1000 neue Stück durch das Transparent zur Schwörmerei geneigter
1724 980 2954 1041 Jugend sahen. Allerband sentimentale Zustandsbeimischungen
1723 1019 2947 1081 haben wienerisch=vorstädtische Färbung; der Ausgang etscheint allzu
2946 1040 3074 1109 +
1724 1048 2941 1115 rührstückmäßig. Dem ließ sich durch die Darstellung einigermaßen
1719 1101 2939 1144 entgegenwirken. Dennoch liegt poctische Stimmung über der Hand¬
1716 1127 2943 1184 lung; und sie muß durch die Darnellung fühlbar werden. Ueber¬
1718 1172 2941 1235 wältigende schauspielerische Kraft war nun zwar am Sonntagnach¬
1721 1210 2942 1273 mittag im „Kleinen Schauspielhaus“ nicht am Werke. Immerhin
1721 1244 2952 1317 kamen die Gegensötze leichtlebiger Liebelei frisch genug zur Geltung
1717 1291 2953 1357 bei Fanny Wenaldy und recht gut in der tieferen, schwerblütigeren
1711 1315 3076 1400 Wesensart bei Requla Keller. Die beiden jurgen Liebhaber wur¬ 10
1719 1366 2943 1420 den von Martin Lübbert (am besten im ersten Aufzug) und Franz
1717 1401 2944 1461 Rauch gegeben. Ob der Abschiednehmende recht daran tat, allzu
1722 1424 3060 1529 deutlich auf sein Ende verzubereiten, wird bezweifelt. Wiltelm
1722 1482 2974 1553 Hiller war ansprechend in Masle und .— „Rührung“; Kurt Keller¬
1723 1517 3053 1603 Nebri ein Hahnrei von grimmiger Aufwellung und — korrektem/ X
1721 1557 1890 1619 Abgang.
2799 1568 2966 1634 gk. 4
2975 1601 3066 1666 2
1789 1602 2990 1667 Die deutsche Gesellschaft für volkstümliche Naxurkunde feiert öms¬
1713 1639 3002 1726 29. Oktober, abends 6 Uhr, ihr fünfundz wanzigsähriges Be¬
1712 1698 2955 1756 steben durch eine Festsitzung im großen Hörsaal der Landwirtschafflichen
1718 1728 3001 1792 Hochschule, Innalidenstr. 42. Pros. Dr. von Waldever=Harse
1709 1763 2995 1817 spricht über „Vorrichtungen zum Schutze und zur Ernährung der Embryonen
1714 1792 2706 1857 bei den höberen Wirbeltieren, insbesondere beim Menschen.“
2897 1804 2998 1867 45
1778 1811 2990 1895 Musik. Morgen Dienstag, bends 7¼ Uhr, finbet im Blüidnersacl—.
1703 1879 2994 1914 der poppläre Wagner=Abend mit dem Blüthnerorchester unter Leitung¬
1725 1912 1776 1950 vo
1841 1916 2948 1963 aul Scheinpflug stait, Programm: Parsisal, Rheingold. Götterdämme¬
1886 1946 2942 1988 lküre, Tristan und Jsolde u. a. Karten bei A. Wertheim, Bote
2026 2533 3124 2638 „„Die Puppek abends „Eriwan“ in der be¬
1986 2604 2635 2711 kannied Besetzung in Szeue.
2133 2619 3098 2720 Dienstag, den 21. d. M., gastierte Fräulein
1994 2701 3082 2781 #Maria Mayen vom Burgtheater als Christine in
1998 2744 3084 2855 □Arthur Schnitzlers „Liebelei“. Ein künstlerisches
1988 2785 3156 2886 1 Creiguis für diewelch der allerdings etwas spät 2.
1982 2843 3158 2947 ##erfolgten Einladung gefolgt waren. Fräulein Marias er
1990 2902 3077 3010 j.SMayens Christine ist von einer geradezu traum¬
1936 2932 2004 3022 4
2048 2956 3079 3029 haften Innerlichkeit. Ihre Gefühlswärme wird nur
1877 2985 1959 3058 215
1972 3002 3081 3078 — noch von ihrer Natürlichkeit übertroffen. Aus jedem
1887 3035 3092 3129 # 0 ihrer Worte, aus jeder Geste, spricht mit Anmut
1982 3065 3171 3172 L gepaarte vollste Lebenswahrheit. Erschütternd, jag
1883 3138 3173 3226 □ □ wahrhaftig groß wirkte die gastierende Künstlerinfs#
1973 3197 3169 3259 □ in der Schlußszene. Die ührigen Gestalten des ki
2058 3227 3184 3311 Schauspieles vertraten außer Fräulein Korb, welche di
2037 3289 3090 3378 die Mizzi Schlager hier schon gespielt hat, die
1944 3313 1987 3354 4
2040 3345 3037 3438 Herren Stenzel, Haber, York und Jenny.
2639 3387 3052 3464 Gustav Calliano.
2324 3532 2865 3647 Eingesendet.
3055 3595 3190 3676 Teir
