3484 4224
466 178 874 252 Liebelei
303 166 1437 290 5. box 11/6
1489 1132 1889 1217 Telephon 12.801.
1009 1210 1627 1364 „OBSERVER“
779 1349 1880 1419 I. österr. behördl. konz. Unternehmen für Zeitungs-Ausschnitte
912 1419 1751 1506 Wien, I., Concordiaplatz 4.
1113 1481 1557 1564 Vertretungen
2033 1501 2663 1570 schätzte Kupferstecher geschaffen
789 1527 1868 1604 in Berlin, Budapest, Chicago, Christiania, Genf, Kopen¬
2032 1548 2673 1613 jedenfalls behinderten die Kostun
784 1586 1870 1642 hagen, London, Madrid, Mailand, Minneapolis, New-Vork.
2032 1597 2672 1660 die Darsteller, und besonder
818 1640 1827 1697 Paris, Rom, San Francisco, Stockholm, St. Petersburg.
2029 1635 2668 1690 Luise sah recht fatal aus. Au¬
1124 1674 1534 1721 (Quelienangabe ohne Gewähr).
2036 1679 2679 1741 die Nuance, den Präsidenten nid
2033 1722 2684 1792 wie gemeinhin als weltmännische
771 1704 1706 1790 Ausschnitt aus; Schaubühne, Berlin
2042 1778 2678 1826 Intriganten, sondern als brutale
2034 1819 2685 1880 Emporkömmling aufzufassen, er
777 1809 1255 1917 vom: 5 Jen 1910
2029 1859 2481 1913 wies sich als störend.
2087 1899 2693 1950 Schnitzlers „Liebelei aber wur
1481 1897 1928 1975 grus München
2246 1940 2691 2010 #unz lebendig, obgleie
1399 1949 2030 2027 Von der Neueinstudierung des
2045 1979 2696 2047 sie nur auf zwei Leistungen
1385 2003 2029 2063 D „Wilhelm Tell' im Hoftheater
2052 2025 2717 2091 stand, von denen die eine sicher¬
1383 2046 2033 2114 braucht nicht gesprochen zu wer¬
2043 2068 2707 2131 lich falsch war. Ich meine die
1390 2098 2031 2154 den; auch nicht von der Auffüh¬
2053 2115 2713 2185 Christine der Fritzi Schaffer.
1380 2130 2031 2191 rung der aristophanischen „Frösche
2048 2163 2708 2213 Die hatte etwas Schwerblütige,
1391 2176 2032 2240 durch den Neuen Verein, in der
2512 2205 2702 2259 Madon¬
2043 2209 2511 2270 Frühlingsopferhaftes,
1394 2222 2034 2270 ein von allen Grazien verlassenes
2048 2249 2706 2306 nenhaftes von Anfang an. Wenn
1383 2263 2039 2327 Ensemble das attisch amöne Spiel
2062 2293 2699 2348 nun aber Schnitzlers liebes, gra¬
1388 2301 2042 2375 zu einem Ruedererschen Bierulk
2055 2335 2712 2402 ziles und trauriges Schauspiel
1384 2353 2032 2412 zu vergröbern sich mühte. Die
2061 2380 2715 2452 eine „Idee hat, dann kann sie nur
1396 2395 2034 2461 Neueinstudierung des „Julius
2051 2421 2719 2497 darauf zielen, wie seltsam Tri¬
1394 2446 2041 2494 Cäsar’, die das Hofschauspiel bot,
2053 2466 2716 2532 viales und Tragisches nebenein¬
1389 2483 2034 2530 ist ein interessantes Beispiel für die
2057 2511 2723 2571 anderläuft, wie tief zweideutig be¬
1396 2529 2036 2582 Mischung von deklamatorisch-reprä¬
2051 2555 2716 2624 langlose Dinge und solche, die an
1395 2570 2036 2628 sentativen und psychologisch=natu¬
2057 2598 2721 2661 unser Letztes, Menschlichstes rüh¬
1398 2617 2043 2682 ralistischen Stilelementen, die un¬
2060 2649 2707 2700 ren, auseinander sich winden, in¬
1395 2654 2046 2718 ser Hoftheater jetzt darstellt, und
2067 2682 2728 2752 einander sich weben. Die Christine
1393 2703 2047 2764 mag als solches Exemplum bei
2062 2735 2720 2789 der Schaffer nun umwitterte ein
1400 2743 2048 2811 späterer Gelegenheit in weiterm
2064 2777 2719 2826 Hauch von Tragik, ein schweres,
1402 2791 2052 2848 Zusammenhang analysiert werden.
2066 2818 2715 2878 schmerzhaftes Ahnen von An¬
1436 2833 2047 2893 Bleibt noch über zwei Abende
2065 2858 2716 2919 beginn, und dadurch ward dem
1394 2878 2043 2931 des Schauspielhauses zu berichten.
2063 2906 2726 2974 Spiel die schöne und wissende Re¬
1390 2930 2039 2977 Zur Schillerfeier spielte man hier
2066 2951 2718 3008 signation geraubt, die ihm sicher¬
1397 2961 2048 3019 „Kabale und Liebe'. Die Auf¬
2059 2996 2722 3050 lich innewohnt. Wie freilich die
1398 3005 2050 3075 führung war mit größter Sorgfalt
2074 3036 2726 3104 Spielerin ihre Auffassung durch¬
1392 3057 2047 3108 bereitet und jede Möglichkeit dieser
2063 3093 2722 3143 führte, das machte diesen Mangel¬
1401 3100 2054 3150 Bühne klug ausgenutzt; aber da
2068 3127 2724 3194 reichlich wett. Alle billige Sen¬
1402 3144 2049 3199 man sich darauf kaprizierte, etwas
2059 3172 2720 3229 timentalität war vermieden; und
1405 3185 2046 3236 Neues, noch nie Dagewesenes zu
2058 3210 2721 3267 einen kleinen Rest Theater ver¬
1403 3229 2051 3277 bringen, verfiel man auf die un¬
2063 3267 2716 3320 gaß man gern über dem Erfühl¬
1402 3277 2054 3347 glückliche Idee, die Schauspieler
2078 3299 2723 3355 ten, das die Schaffer in Ton und
1405 3318 2058 3378 in Kostüme zu stecken nach den
2071 3342 2720 3409 Miene zu geben hatte. Und was
1394 3362 2047 3414 Stichen, die Chodowiecki der ersten
2073 3393 2724 3444 dann außerdem dieser Vorstellung
1411 3402 2048 3459 Ausgabe des Dramas beigegeben.
2073 3436 2716 3490 ihre Note verlieh, das war Wal¬
1402 3442 2055 3509 Diese Stiche aber aus dem König¬
2061 3478 2715 3531 daus Theodor, der Eleganz, Dis¬
1409 3498 2055 3549 lich Großbritannischen Genealogi¬
2073 3527 2726 3582 kretion und Kunstverstand so gut
1409 3529 2067 3598 schen Kalender auf das Jahr 1786
1407 3567 2719 3644 zählen zum Schwachsten, was der wie der Autor zu mischen wußte
2307 3613 2707 3681 Lion Feuchtwanger
1398 3626 2063 3700 übrigens gewiß allzu hoch einge¬
1402 3724 1493 3811 24
