<?xml version="1.0" encoding="UTF-8" standalone="yes"?>
<PcGts xmlns="http://schema.primaresearch.org/PAGE/gts/pagecontent/2013-07-15" xmlns:xsi="http://www.w3.org/2001/XMLSchema-instance" xsi:schemaLocation="http://schema.primaresearch.org/PAGE/gts/pagecontent/2013-07-15 http://schema.primaresearch.org/PAGE/gts/pagecontent/2013-07-15/pagecontent.xsd">
    <Metadata>
        <Creator>prov=University of Rostock/Institute of Mathematics/CITlab/Gundram Leifert/gundram.leifert@uni-rostock.de:name=ONB_Newseye_GT_M1+(htr_id=10810)::::v=2.4.2
prov=University of Rostock/Institute of Mathematics/CITlab/Tobias Gruening/tobias.gruening@uni-rostock.de:name=de.uros.citlab.module.baseline2polygon.B2PSeamMultiOriented:v=2.4.2
prov=University of Rostock/Institute of Mathematics/CITlab/Tobias Gruening/tobias.gruening@uni-rostock.de:name=/mnt/transkribus/LA/DEA/URO/LA_news_onb_att.pb:de.uros.citlab.segmentation.CITlab_LA_ML:v=2.4.2
Transkribus</Creator>
        <Created>2019-10-07T11:51:23.943+02:00</Created>
        <LastChange>2019-10-09T02:47:17.032+02:00</LastChange>
        <TranskribusMetadata docId="223992" pageId="9507159" pageNr="362" tsid="16619859" status="IN_PROGRESS" userId="40391" imgUrl="https://files.transkribus.eu/Get?id=RAMJYUSGJZPKJDSEIUGECFNT&amp;fileType=view" xmlUrl="https://files.transkribus.eu/Get?id=VJOXQRSFXAWMTIHDFEWNINEI" imageId="6196910"/>
    </Metadata>
    <Page imageFilename="223992_0362.jpeg" imageWidth="3436" imageHeight="4256">
        <ReadingOrder>
            <OrderedGroup id="ro_1711445796266" caption="Regions reading order">
                <RegionRefIndexed index="0" regionRef="r1"/>
            </OrderedGroup>
        </ReadingOrder>
        <TextRegion orientation="0.0" id="r1" custom="readingOrder {index:0;}">
            <Coords points="316,185 316,4038 2945,4038 2945,185"/>
            <TextLine id="r1l1" custom="readingOrder {index:0;}">
                <Coords points="994,236 1118,259 1206,238 1292,262 1355,236 1407,241 1438,235 1437,155 1387,142 1316,176 1277,155 1213,153 1191,175 1156,176 993,161"/>
                <Baseline points="1007,221 1033,221 1059,221 1085,221 1111,221 1137,221 1163,221 1189,221 1215,221 1241,221 1267,221 1293,220 1319,220 1345,219 1371,217 1397,215 1423,213"/>
                <TextEquiv>
                    <Unicode>box 10/4</Unicode>
                </TextEquiv>
            </TextLine>
            <TextLine id="r1l2" custom="readingOrder {index:1;}">
                <Coords points="473,232 517,227 601,235 611,229 620,234 667,229 664,174 645,180 614,154 587,169 573,161 559,170 531,163 515,180 490,165 471,166"/>
                <Baseline points="488,226 515,225 543,224 570,223 598,221 625,221 653,219"/>
                <TextEquiv>
                    <Unicode>Lieb</Unicode>
                </TextEquiv>
            </TextLine>
            <TextLine id="r1l3" custom="readingOrder {index:2;}">
                <Coords points="302,247 376,243 431,267 649,254 718,273 898,243 899,207 845,172 770,178 751,158 713,160 647,221 537,218 486,164 447,196 368,163 304,180"/>
                <Baseline points="316,219 344,224 372,228 401,232 429,235 458,238 486,240 514,242 543,244 571,245 600,245 628,245 656,246 685,245 713,245 742,244 770,244 798,243 827,243 855,242 884,241"/>
                <TextEquiv>
                    <Unicode>5. Laszelei</Unicode>
                </TextEquiv>
            </TextLine>
            <TextLine id="r1l4" custom="readingOrder {index:3;}">
                <Coords points="1373,642 1544,625 1704,674 1861,635 2021,660 2076,629 2178,673 2245,659 2244,568 1654,572 1599,545 1373,568"/>
                <Baseline points="1386,638 1428,634 1470,631 1512,629 1554,626 1597,624 1639,622 1681,621 1723,621 1765,620 1808,620 1850,620 1892,621 1934,622 1976,623 2019,624 2061,626 2103,627 2145,629 2187,631 2230,633"/>
                <TextEquiv>
                    <Unicode>Preis 10 Pfg.</Unicode>
                </TextEquiv>
            </TextLine>
            <TextLine id="r1l5" custom="readingOrder {index:4;}">
                <Coords points="2742,811 2764,819 2775,811 2806,819 2822,810 2839,818 2880,809 2891,818 2905,812 2947,817 2945,710 2901,693 2860,699 2821,722 2741,703"/>
                <Baseline points="2755,782 2780,779 2805,776 2830,776 2855,776 2880,777 2905,778 2931,778"/>
                <TextEquiv>
                    <Unicode>No. 4.</Unicode>
                </TextEquiv>
            </TextLine>
            <TextLine id="r1l6" custom="readingOrder {index:5;}">
                <Coords points="1859,812 1981,838 2193,811 2632,825 2720,807 2721,768 2396,698 2220,690 2073,740 2018,698 1861,690"/>
                <Baseline points="1874,780 1915,782 1957,783 1998,784 2040,785 2082,784 2123,784 2165,783 2207,783 2248,782 2290,781 2332,781 2373,781 2415,782 2457,782 2498,784 2540,786 2582,790 2623,793 2665,798 2707,805"/>
                <TextEquiv>
                    <Unicode>München, 17. Oktober 1896.</Unicode>
                </TextEquiv>
            </TextLine>
            <TextLine id="r1l7" custom="readingOrder {index:6;}">
                <Coords points="1468,800 1525,817 1575,814 1594,827 1617,814 1673,837 1694,821 1721,820 1728,710 1680,721 1659,706 1639,716 1609,700 1568,706 1543,697 1506,719 1473,717"/>
                <Baseline points="1482,793 1507,787 1532,783 1557,782 1582,784 1608,786 1633,790 1658,793 1683,797 1709,800"/>
                <TextEquiv>
                    <Unicode>1. Jahrg.</Unicode>
                </TextEquiv>
            </TextLine>
            <TextLine id="r1l8" custom="readingOrder {index:7;}">
                <Coords points="1169,848 1180,848 1193,841 1201,843 1219,858 1224,852 1246,851 1240,765 1223,767 1213,778 1199,780 1179,765 1162,766"/>
                <Baseline points="1181,845 1207,843 1233,841"/>
                <TextEquiv>
                    <Unicode>—</Unicode>
                </TextEquiv>
            </TextLine>
            <TextLine id="r1l9" custom="readingOrder {index:8;}">
                <Coords points="839,1251 859,1252 887,1243 892,1243 897,1249 914,1249 918,1158 882,1160 856,1183 843,1183"/>
                <Baseline points="853,1244 901,1246"/>
                <TextEquiv>
                    <Unicode></Unicode>
                </TextEquiv>
            </TextLine>
            <TextLine id="r1l10" custom="readingOrder {index:9;}">
                <Coords points="1542,1276 2833,1282 2921,1260 2921,1205 1541,1183"/>
                <Baseline points="1556,1273 1623,1272 1691,1272 1758,1271 1826,1271 1893,1270 1961,1270 2028,1270 2096,1270 2163,1269 2231,1269 2298,1269 2366,1268 2433,1268 2501,1268 2568,1267 2636,1266 2703,1266 2771,1265 2838,1264 2906,1264"/>
                <TextEquiv>
                    <Unicode>Wocken-Rundschau über das gesammte Münchener</Unicode>
                </TextEquiv>
            </TextLine>
            <TextLine id="r1l11" custom="readingOrder {index:10;}">
                <Coords points="933,1375 960,1380 1088,1336 1176,1348 1211,1385 1235,1367 1265,1375 1271,1298 1192,1319 1134,1287 1106,1290 1054,1244 979,1282 941,1274"/>
                <Baseline points="949,1342 974,1338 999,1334 1024,1332 1049,1330 1074,1329 1100,1331 1125,1333 1150,1337 1175,1342 1200,1350 1225,1358 1251,1371"/>
                <TextEquiv>
                    <Unicode></Unicode>
                </TextEquiv>
            </TextLine>
            <TextLine id="r1l12" custom="readingOrder {index:11;}">
                <Coords points="1765,1376 1903,1370 1933,1389 2239,1371 2320,1388 2372,1368 2372,1307 2201,1330 2121,1314 2044,1342 2016,1320 1969,1337 1837,1320 1765,1343"/>
                <Baseline points="1779,1361 1807,1362 1836,1363 1865,1363 1894,1364 1923,1364 1952,1364 1981,1364 2010,1364 2039,1364 2068,1364 2096,1364 2125,1363 2154,1363 2183,1363 2212,1362 2241,1362 2270,1362 2299,1361 2328,1361 2357,1360"/>
                <TextEquiv>
                    <Unicode>Herausgegeben und redigirt von</Unicode>
                </TextEquiv>
            </TextLine>
            <TextLine id="r1l13" custom="readingOrder {index:12;}">
                <Coords points="1031,1458 1058,1444 1097,1452 1137,1429 1157,1441 1227,1420 1251,1435 1299,1419 1336,1430 1392,1405 1464,1404 1453,1286 1410,1273 1359,1322 1326,1317 1267,1375 1203,1370 1147,1336 1068,1347 1020,1334"/>
                <Baseline points="1039,1395 1064,1399 1089,1402 1115,1404 1140,1405 1165,1404 1191,1403 1216,1401 1242,1399 1267,1396 1292,1393 1318,1388 1343,1384 1368,1379 1394,1373 1419,1367 1445,1362"/>
                <TextEquiv>
                    <Unicode>P *</Unicode>
                </TextEquiv>
            </TextLine>
            <TextLine id="r1l14" custom="readingOrder {index:13;}">
                <Coords points="2519,1381 2555,1385 2583,1410 2958,1398 2957,1357 2913,1338 2894,1347 2838,1309 2753,1327 2590,1310 2546,1339 2518,1334"/>
                <Baseline points="2533,1403 2558,1401 2584,1398 2610,1397 2636,1396 2661,1395 2687,1395 2713,1395 2739,1396 2764,1396 2790,1396 2816,1396 2842,1396 2867,1396 2893,1394 2919,1392 2945,1389"/>
                <TextEquiv>
                    <Unicode>Theaterleben.</Unicode>
                </TextEquiv>
            </TextLine>
            <TextLine id="r1l15" custom="readingOrder {index:14;}">
                <Coords points="1686,1455 1755,1427 1797,1454 1860,1427 1987,1448 2241,1419 2329,1449 2445,1435 2445,1372 2392,1366 1686,1369"/>
                <Baseline points="1701,1422 1737,1420 1774,1419 1810,1418 1847,1418 1883,1418 1920,1418 1956,1418 1993,1418 2029,1418 2066,1419 2102,1419 2139,1419 2175,1420 2212,1420 2248,1419 2285,1418 2321,1417 2358,1416 2394,1415 2431,1412"/>
                <TextEquiv>
                    <Unicode>Julius Schaumberger</Unicode>
                </TextEquiv>
            </TextLine>
            <TextLine id="r1l16" custom="readingOrder {index:15;}">
                <Coords points="1779,1487 1823,1509 1884,1487 1997,1507 2052,1493 2069,1510 2151,1510 2174,1490 2378,1499 2378,1441 2287,1443 2267,1424 2163,1443 2091,1427 2016,1452 1903,1427 1779,1441"/>
                <Baseline points="1793,1479 1821,1479 1850,1480 1878,1480 1907,1480 1935,1481 1964,1481 1992,1482 2021,1482 2049,1482 2078,1482 2106,1482 2135,1482 2163,1482 2192,1482 2220,1481 2249,1481 2277,1480 2306,1480 2334,1479 2363,1478"/>
                <TextEquiv>
                    <Unicode>unter ständiger Mitwirkung von</Unicode>
                </TextEquiv>
            </TextLine>
            <TextLine id="r1l17" custom="readingOrder {index:16;}">
                <Coords points="725,1555 2744,1559 2907,1503 725,1516"/>
                <Baseline points="739,1542 846,1544 954,1546 1061,1548 1169,1549 1277,1549 1384,1548 1492,1548 1600,1547 1707,1545 1815,1544 1923,1543 2030,1541 2138,1540 2246,1539 2353,1538 2461,1538 2569,1538 2676,1539 2784,1540 2892,1542"/>
                <TextEquiv>
                    <Unicode>Max Halbe, Wilbelm begeler, Franz Beld, Oscar Panizza, Georg Schaumberg, Frank Wedekind, Haus Richard, u. A.</Unicode>
                </TextEquiv>
            </TextLine>
            <TextLine id="r1l18" custom="readingOrder {index:17;}">
                <Coords points="697,1655 2808,1670 2932,1661 2932,1592 697,1605"/>
                <Baseline points="712,1636 822,1636 932,1637 1042,1637 1153,1636 1263,1636 1373,1636 1484,1635 1594,1634 1704,1633 1815,1633 1925,1632 2035,1631 2145,1630 2256,1630 2366,1629 2476,1629 2587,1629 2697,1629 2807,1629 2918,1630"/>
                <TextEquiv>
                    <Unicode>Eescheim jeden Samstag. — Preis vierteljährlich Mk. 1.25. Cinzelne Nummer 10 Pfh: — Abonnement nehmen entgegen die Expedition Herzegspitalstraße Nr. 19</Unicode>
                </TextEquiv>
            </TextLine>
            <TextLine id="r1l19" custom="readingOrder {index:18;}">
                <Coords points="881,1678 2404,1692 2746,1634 881,1650"/>
                <Baseline points="895,1677 986,1677 1078,1677 1170,1677 1262,1677 1354,1677 1445,1676 1537,1676 1629,1675 1721,1674 1813,1673 1904,1672 1996,1672 2088,1671 2180,1670 2272,1670 2363,1669 2455,1669 2547,1669 2639,1670 2731,1671"/>
                <TextEquiv>
                    <Unicode>(Telephen=Ruf 7652), und Mar Höher, Musikalienhandlung, Domfreiheit (Telephon=Ruf 879). — Inserate die vierspantige Perizeile 25 Pfg.</Unicode>
                </TextEquiv>
            </TextLine>
            <TextLine id="r1l20" custom="readingOrder {index:19;}">
                <Coords points="1463,1770 1549,1783 1574,1774 1621,1785 1643,1779 1651,1788 1662,1776 1687,1782 1720,1762 1745,1762 1744,1726 1711,1732 1659,1724 1615,1736 1515,1728 1463,1737"/>
                <Baseline points="1477,1770 1502,1770 1527,1770 1553,1770 1578,1770 1604,1770 1629,1770 1654,1769 1680,1769 1705,1768 1731,1768"/>
                <TextEquiv>
                    <Unicode>„Waldmeister.“</Unicode>
                </TextEquiv>
            </TextLine>
            <TextLine id="r1l21" custom="readingOrder {index:20;}">
                <Coords points="701,1811 770,1777 1217,1788 1407,1759 1387,1726 700,1742"/>
                <Baseline points="715,1776 748,1775 782,1773 816,1772 850,1772 884,1772 918,1772 951,1772 985,1772 1019,1772 1053,1773 1087,1773 1121,1773 1155,1773 1188,1772 1222,1771 1256,1770 1290,1769 1324,1767 1358,1765 1392,1761"/>
                <TextEquiv>
                    <Unicode>Inhalt: „Liebelei“. — „Wer war's?“</Unicode>
                </TextEquiv>
            </TextLine>
            <TextLine id="r1l22" custom="readingOrder {index:21;}">
                <Coords points="1814,1777 2934,1780 2934,1730 2868,1717 1814,1731"/>
                <Baseline points="1828,1773 1882,1774 1937,1775 1992,1776 2046,1776 2101,1777 2156,1777 2210,1777 2265,1777 2320,1777 2375,1776 2429,1776 2484,1776 2539,1775 2593,1775 2648,1774 2703,1774 2757,1773 2812,1773 2867,1773 2922,1772"/>
                <TextEquiv>
                    <Unicode>vornehm, nicht „hoftheaterfähig“ genug; man wollte</Unicode>
                </TextEquiv>
            </TextLine>
            <TextLine id="r1l23" custom="readingOrder {index:22;}">
                <Coords points="1193,1818 1800,1850 1800,1770 1723,1762 1681,1784 1375,1766 1193,1785"/>
                <Baseline points="1207,1813 1236,1810 1265,1808 1294,1808 1323,1807 1352,1807 1381,1807 1410,1807 1439,1808 1468,1809 1497,1810 1526,1810 1555,1811 1584,1812 1613,1812 1642,1812 1671,1811 1700,1811 1729,1809 1758,1807 1787,1804"/>
                <TextEquiv>
                    <Unicode>„Er fliegt.“ (Schluß.) — Aus</Unicode>
                </TextEquiv>
            </TextLine>
            <TextLine id="r1l24" custom="readingOrder {index:23;}">
                <Coords points="738,1811 821,1825 906,1813 947,1830 972,1810 1044,1827 1113,1818 1113,1782 1069,1774 738,1781"/>
                <Baseline points="751,1811 777,1811 804,1811 831,1812 858,1812 884,1812 911,1813 938,1813 965,1813 991,1812 1018,1812 1045,1811 1072,1810 1099,1809"/>
                <TextEquiv>
                    <Unicode>Mefisto auf Reisen.</Unicode>
                </TextEquiv>
            </TextLine>
            <TextLine id="r1l25" custom="readingOrder {index:24;}">
                <Coords points="1811,1833 1960,1863 2934,1850 2934,1781 2895,1778 1811,1778"/>
                <Baseline points="1825,1835 1879,1835 1934,1835 1989,1835 2044,1835 2098,1835 2153,1834 2208,1834 2263,1834 2317,1834 2372,1834 2427,1834 2482,1834 2536,1833 2591,1833 2646,1833 2701,1833 2755,1833 2810,1833 2865,1833 2920,1834"/>
                <TextEquiv>
                    <Unicode>sich den Luxus gestatten, mehr auf „Vornehmheit“ zu</Unicode>
                </TextEquiv>
            </TextLine>
            <TextLine id="r1l26" custom="readingOrder {index:25;}">
                <Coords points="725,1853 821,1875 893,1859 934,1881 1177,1853 1243,1880 1304,1858 1406,1869 1406,1817 1362,1811 948,1828 725,1806"/>
                <Baseline points="738,1853 770,1853 803,1853 835,1852 868,1852 901,1852 933,1852 966,1852 999,1852 1031,1852 1064,1852 1097,1852 1129,1852 1162,1852 1195,1852 1227,1852 1260,1852 1293,1852 1325,1852 1358,1852 1391,1852"/>
                <TextEquiv>
                    <Unicode>Mephisto's Pillenbüchse. — Inserate.</Unicode>
                </TextEquiv>
            </TextLine>
            <TextLine id="r1l27" custom="readingOrder {index:26;}">
                <Coords points="1829,1901 2204,1895 2279,1931 2328,1898 2932,1905 2932,1850 2891,1842 1829,1854"/>
                <Baseline points="1843,1894 1896,1894 1950,1893 2004,1893 2058,1893 2111,1892 2165,1892 2219,1892 2273,1892 2326,1892 2380,1892 2434,1892 2488,1892 2541,1892 2595,1892 2649,1892 2703,1892 2756,1892 2810,1892 2864,1892 2918,1892"/>
                <TextEquiv>
                    <Unicode>halten, als das Burgtheater. Aber wo liegt denn die</Unicode>
                </TextEquiv>
            </TextLine>
            <TextLine id="r1l28" custom="readingOrder {index:27;}">
                <Coords points="1825,1954 2934,1967 2934,1914 2838,1900 2393,1894 2272,1927 1825,1896"/>
                <Baseline points="1839,1951 1893,1950 1947,1949 2001,1948 2055,1948 2109,1948 2163,1948 2217,1949 2271,1949 2325,1950 2379,1951 2433,1951 2487,1952 2541,1953 2595,1953 2649,1954 2703,1954 2757,1954 2811,1954 2865,1954 2919,1953"/>
                <TextEquiv>
                    <Unicode>wahre Vornehmheit? Liegt sie darin, daß in einem</Unicode>
                </TextEquiv>
            </TextLine>
            <TextLine id="r1l29" custom="readingOrder {index:28;}">
                <Coords points="1090,2026 1126,2017 1226,2044 1253,2032 1262,2040 1283,2019 1339,2026 1402,2015 1398,1919 1297,1928 1271,1915 1233,1938 1192,1923 1133,1972 1088,1968"/>
                <Baseline points="1104,2006 1129,2004 1155,2004 1181,2002 1206,2001 1232,1999 1258,1998 1284,1998 1309,1997 1335,1997 1361,1996 1387,1997"/>
                <TextEquiv>
                    <Unicode>„Liebelei.“</Unicode>
                </TextEquiv>
            </TextLine>
            <TextLine id="r1l30" custom="readingOrder {index:29;}">
                <Coords points="1825,2023 2931,2025 2931,1967 2868,1955 1825,1954"/>
                <Baseline points="1839,2008 1895,2007 1952,2007 2009,2007 2066,2007 2122,2007 2179,2007 2236,2007 2293,2007 2350,2007 2406,2007 2463,2008 2520,2008 2577,2008 2634,2009 2690,2009 2747,2010 2804,2010 2861,2011 2918,2011"/>
                <TextEquiv>
                    <Unicode>Stücke nur hochdeutsch gesprochen wird? Liegtesie darin,</Unicode>
                </TextEquiv>
            </TextLine>
            <TextLine id="r1l31" custom="readingOrder {index:30;}">
                <Coords points="1819,2081 2942,2066 2942,2027 2818,2013 1819,2021"/>
                <Baseline points="1833,2068 1887,2067 1942,2066 1997,2066 2051,2065 2106,2065 2161,2065 2215,2065 2270,2065 2325,2066 2380,2066 2434,2066 2489,2067 2544,2067 2598,2067 2653,2068 2708,2068 2762,2069 2817,2069 2872,2070 2927,2070"/>
                <TextEquiv>
                    <Unicode>daß man die freie Sprache des Herzens für plebeisch</Unicode>
                </TextEquiv>
            </TextLine>
            <TextLine id="r1l32" custom="readingOrder {index:31;}">
                <Coords points="702,2080 805,2110 1000,2077 1809,2085 1809,2035 1648,2005 1180,2043 1105,1999 931,2030 893,1991 702,2025"/>
                <Baseline points="715,2074 769,2075 823,2076 877,2076 931,2077 985,2077 1039,2077 1093,2077 1147,2076 1201,2076 1255,2076 1309,2075 1363,2075 1417,2074 1471,2074 1525,2074 1579,2073 1633,2073 1687,2073 1741,2073 1795,2074"/>
                <TextEquiv>
                    <Unicode>Schauspiel in drei Akten von Arthur Schnitzler.</Unicode>
                </TextEquiv>
            </TextLine>
            <TextLine id="r1l33" custom="readingOrder {index:32;}">
                <Coords points="1823,2134 2935,2144 2934,2078 1823,2082"/>
                <Baseline points="1837,2129 1891,2129 1945,2129 1999,2129 2054,2129 2108,2129 2162,2129 2216,2129 2271,2128 2325,2128 2379,2127 2433,2127 2488,2126 2542,2126 2596,2126 2650,2126 2705,2126 2759,2126 2813,2126 2867,2127 2922,2128"/>
                <TextEquiv>
                    <Unicode>hält? Liegt sie darin, daß man die Lüsternheit nur</Unicode>
                </TextEquiv>
            </TextLine>
            <TextLine id="r1l34" custom="readingOrder {index:33;}">
                <Coords points="698,2167 1316,2131 1628,2174 1818,2134 1818,2090 698,2107"/>
                <Baseline points="711,2141 765,2140 820,2139 875,2138 929,2137 984,2136 1039,2136 1093,2136 1148,2135 1203,2135 1258,2135 1312,2135 1367,2135 1422,2135 1476,2135 1531,2135 1586,2135 1640,2134 1695,2134 1750,2133 1805,2133"/>
                <TextEquiv>
                    <Unicode>Im Deutschen Theater zum erstenmal aufgeführt am</Unicode>
                </TextEquiv>
            </TextLine>
            <TextLine id="r1l35" custom="readingOrder {index:34;}">
                <Coords points="1071,2193 1096,2188 1137,2209 1190,2203 1206,2217 1281,2200 1306,2208 1347,2191 1399,2207 1430,2201 1429,2157 1316,2131 1233,2151 1184,2129 1159,2146 1071,2146"/>
                <Baseline points="1085,2184 1110,2184 1135,2184 1161,2184 1186,2184 1211,2183 1237,2183 1262,2183 1288,2182 1313,2182 1338,2182 1364,2182 1389,2182 1415,2183"/>
                <TextEquiv>
                    <Unicode>13. Oktober 1896.)</Unicode>
                </TextEquiv>
            </TextLine>
            <TextLine id="r1l36" custom="readingOrder {index:35;}">
                <Coords points="1830,2187 2349,2208 2387,2175 2456,2208 2939,2218 2939,2144 2829,2122 2661,2153 1830,2135"/>
                <Baseline points="1844,2187 1898,2188 1952,2188 2006,2188 2060,2188 2114,2188 2168,2188 2222,2188 2276,2187 2330,2187 2385,2186 2439,2186 2493,2185 2547,2185 2601,2185 2655,2185 2709,2186 2763,2186 2817,2187 2871,2188 2926,2189"/>
                <TextEquiv>
                    <Unicode>durch parfümirte Schleier blicken läßt — wie in</Unicode>
                </TextEquiv>
            </TextLine>
            <TextLine id="r1l37" custom="readingOrder {index:36;}">
                <Coords points="1823,2265 1983,2290 2091,2254 2204,2293 2391,2249 2940,2244 2940,2197 2835,2191 2510,2210 2389,2177 2350,2208 1978,2216 1823,2185"/>
                <Baseline points="1837,2250 1891,2248 1946,2247 2000,2246 2055,2245 2109,2244 2164,2243 2218,2243 2273,2243 2327,2242 2382,2243 2436,2243 2491,2243 2545,2244 2600,2244 2654,2245 2709,2245 2763,2246 2818,2247 2872,2248 2927,2249"/>
                <TextEquiv>
                    <Unicode>„Madame sans gene“? Oder liegt sie in der naiven</Unicode>
                </TextEquiv>
            </TextLine>
            <TextLine id="r1l38" custom="readingOrder {index:37;}">
                <Coords points="783,2254 1704,2276 1817,2262 1817,2196 1069,2226 782,2177"/>
                <Baseline points="797,2252 847,2252 897,2253 947,2253 998,2253 1048,2253 1098,2253 1148,2252 1199,2252 1249,2251 1299,2251 1349,2251 1400,2250 1450,2250 1500,2250 1550,2250 1601,2250 1651,2250 1701,2250 1751,2251 1802,2252"/>
                <TextEquiv>
                    <Unicode>Der Roman des jungen Lebemannes, der sich im</Unicode>
                </TextEquiv>
            </TextLine>
            <TextLine id="r1l39" custom="readingOrder {index:38;}">
                <Coords points="2322,2318 2548,2321 2579,2304 2684,2329 2711,2310 2799,2304 2830,2324 2948,2299 2948,2244 2819,2268 2631,2249 2540,2271 2322,2235"/>
                <Baseline points="2335,2301 2366,2302 2398,2303 2429,2304 2461,2304 2492,2304 2524,2305 2555,2305 2587,2305 2618,2305 2650,2305 2681,2305 2713,2304 2744,2304 2776,2304 2807,2304 2839,2303 2870,2303 2902,2303 2934,2303"/>
                <TextEquiv>
                    <Unicode>Ehrlichkeit, die jedem echten</Unicode>
                </TextEquiv>
            </TextLine>
            <TextLine id="r1l40" custom="readingOrder {index:39;}">
                <Coords points="702,2332 1298,2324 1297,2263 1151,2256 1000,2280 975,2264 928,2281 701,2258"/>
                <Baseline points="716,2312 744,2312 772,2312 801,2313 829,2313 857,2313 886,2313 914,2313 942,2312 971,2312 999,2312 1027,2311 1056,2311 1084,2311 1112,2310 1141,2310 1169,2309 1197,2309 1226,2308 1254,2307 1283,2307"/>
                <TextEquiv>
                    <Unicode>Genußleben der „großen Welt“</Unicode>
                </TextEquiv>
            </TextLine>
            <TextLine id="r1l41" custom="readingOrder {index:40;}">
                <Coords points="2324,2368 2457,2388 2479,2371 2501,2390 2595,2368 2672,2402 2730,2374 2760,2396 2934,2380 2934,2311 2917,2308 2702,2311 2683,2330 2567,2308 2324,2319"/>
                <Baseline points="2339,2362 2368,2362 2397,2362 2426,2362 2455,2361 2484,2361 2513,2361 2542,2361 2571,2361 2600,2360 2629,2360 2658,2360 2687,2360 2716,2360 2745,2360 2774,2361 2803,2361 2832,2362 2861,2362 2890,2363 2920,2364"/>
                <TextEquiv>
                    <Unicode>Künstler, jedem echten Kunst¬</Unicode>
                </TextEquiv>
            </TextLine>
            <TextLine id="r1l42" custom="readingOrder {index:41;}">
                <Coords points="697,2387 923,2398 986,2381 1072,2399 1102,2377 1177,2396 1309,2378 1308,2325 1292,2323 696,2332"/>
                <Baseline points="711,2372 740,2373 769,2373 798,2373 827,2373 857,2373 886,2373 915,2373 944,2373 973,2372 1003,2372 1032,2371 1061,2371 1090,2370 1119,2370 1149,2369 1178,2369 1207,2368 1236,2368 1265,2368 1295,2367"/>
                <TextEquiv>
                    <Unicode>übersättigt und in einem Liebes¬</Unicode>
                </TextEquiv>
            </TextLine>
            <TextLine id="r1l43" custom="readingOrder {index:42;}">
                <Coords points="2316,2431 2343,2420 2412,2449 2437,2433 2514,2442 2531,2429 2561,2446 2575,2435 2660,2431 2661,2395 2595,2369 2504,2390 2482,2376 2391,2385 2363,2368 2316,2370"/>
                <Baseline points="2330,2415 2356,2416 2383,2417 2409,2418 2436,2418 2462,2418 2489,2419 2515,2419 2542,2419 2568,2419 2595,2420 2621,2420 2648,2421"/>
                <TextEquiv>
                    <Unicode>werk eigen ist?</Unicode>
                </TextEquiv>
            </TextLine>
            <TextLine id="r1l44" custom="readingOrder {index:43;}">
                <Coords points="703,2439 902,2451 943,2435 971,2457 993,2440 1042,2456 1064,2437 1252,2444 1318,2425 1318,2389 1249,2375 1208,2395 1111,2376 1078,2396 976,2377 923,2399 703,2389"/>
                <Baseline points="718,2429 747,2430 776,2432 805,2432 835,2433 864,2434 893,2434 923,2434 952,2434 981,2434 1011,2433 1040,2433 1069,2433 1098,2432 1128,2432 1157,2431 1186,2431 1216,2430 1245,2430 1274,2429 1304,2429"/>
                <TextEquiv>
                    <Unicode>verhältniß mit einem leb¬</Unicode>
                </TextEquiv>
            </TextLine>
            <TextLine id="r1l45" custom="readingOrder {index:44;}">
                <Coords points="2417,2482 2583,2507 2619,2487 2691,2501 2933,2484 2933,2434 2842,2421 2773,2443 2660,2418 2561,2446 2417,2435"/>
                <Baseline points="2431,2478 2456,2478 2482,2478 2508,2478 2533,2478 2559,2478 2585,2477 2610,2477 2636,2477 2662,2477 2687,2477 2713,2477 2739,2477 2764,2477 2790,2477 2816,2477 2841,2477 2867,2477 2893,2477 2919,2477"/>
                <TextEquiv>
                    <Unicode>Wie stets mit den edelsten</Unicode>
                </TextEquiv>
            </TextLine>
            <TextLine id="r1l46" custom="readingOrder {index:45;}">
                <Coords points="704,2518 974,2494 1054,2516 1324,2500 1324,2426 1249,2446 1067,2436 968,2455 935,2439 880,2464 844,2440 703,2438"/>
                <Baseline points="718,2491 747,2491 777,2492 806,2492 836,2492 866,2493 895,2493 925,2493 954,2492 984,2492 1014,2492 1043,2492 1073,2491 1102,2491 1132,2491 1162,2490 1191,2490 1221,2490 1250,2489 1280,2489 1310,2489"/>
                <TextEquiv>
                    <Unicode>frischen, unverdorbenen Mädel</Unicode>
                </TextEquiv>
            </TextLine>
            <TextLine id="r1l47" custom="readingOrder {index:46;}">
                <Coords points="2322,2545 2479,2569 2545,2542 2717,2566 2888,2555 2932,2541 2932,2483 2510,2506 2396,2467 2322,2501"/>
                <Baseline points="2337,2537 2366,2538 2395,2538 2424,2538 2453,2538 2482,2538 2511,2538 2540,2538 2569,2537 2598,2537 2628,2536 2657,2536 2686,2536 2715,2535 2744,2535 2773,2536 2802,2536 2831,2537 2860,2537 2889,2539 2919,2540"/>
                <TextEquiv>
                    <Unicode>Begriffen am meisten Miß¬</Unicode>
                </TextEquiv>
            </TextLine>
            <TextLine id="r1l48" custom="readingOrder {index:47;}">
                <Coords points="706,2566 904,2574 1158,2548 1252,2570 1310,2562 1310,2495 706,2517"/>
                <Baseline points="719,2552 747,2552 776,2552 805,2552 834,2552 863,2552 891,2552 920,2552 949,2552 978,2552 1007,2552 1035,2552 1064,2552 1093,2552 1122,2551 1151,2551 1179,2551 1208,2551 1237,2551 1266,2550 1295,2550"/>
                <TextEquiv>
                    <Unicode>aus dem Volke den Jung¬</Unicode>
                </TextEquiv>
            </TextLine>
            <TextLine id="r1l49" custom="readingOrder {index:48;}">
                <Coords points="2316,2616 2934,2613 2933,2541 2677,2570 2605,2548 2470,2563 2315,2538"/>
                <Baseline points="2328,2596 2357,2597 2387,2598 2416,2599 2446,2599 2476,2598 2505,2598 2535,2598 2565,2597 2594,2596 2624,2596 2654,2595 2683,2595 2713,2594 2743,2594 2772,2594 2802,2595 2832,2595 2861,2596 2891,2598 2921,2600"/>
                <TextEquiv>
                    <Unicode>brauch getrieben wurde und</Unicode>
                </TextEquiv>
            </TextLine>
            <TextLine id="r1l50" custom="readingOrder {index:49;}">
                <Coords points="695,2610 825,2634 900,2611 1010,2628 1035,2605 1062,2625 1319,2618 1319,2582 1217,2555 954,2559 927,2584 695,2568"/>
                <Baseline points="710,2610 739,2611 769,2612 799,2612 828,2612 858,2612 888,2612 917,2612 947,2611 977,2611 1007,2610 1036,2610 1066,2609 1096,2609 1125,2609 1155,2609 1185,2609 1214,2609 1244,2610 1274,2611 1304,2612"/>
                <TextEquiv>
                    <Unicode>brunnen zur Restaurirung</Unicode>
                </TextEquiv>
            </TextLine>
            <TextLine id="r1l51" custom="readingOrder {index:50;}">
                <Coords points="2312,2686 2408,2667 2442,2684 2486,2662 2549,2681 2706,2679 2723,2662 2930,2676 2930,2616 2398,2606 2312,2634"/>
                <Baseline points="2327,2657 2356,2657 2385,2657 2415,2657 2444,2657 2474,2658 2503,2658 2533,2658 2562,2658 2592,2658 2621,2658 2650,2658 2680,2658 2709,2658 2739,2658 2768,2658 2798,2658 2827,2658 2857,2658 2886,2658 2916,2659"/>
                <TextEquiv>
                    <Unicode>wird, so auch mit dem der „Vor¬</Unicode>
                </TextEquiv>
            </TextLine>
            <TextLine id="r1l52" custom="readingOrder {index:51;}">
                <Coords points="710,2678 1121,2687 1165,2668 1262,2689 1314,2677 1314,2617 1063,2624 1035,2605 1008,2628 710,2622"/>
                <Baseline points="723,2671 751,2671 780,2671 809,2671 838,2671 867,2671 896,2671 925,2670 954,2670 983,2670 1012,2669 1040,2669 1069,2668 1098,2668 1127,2667 1156,2667 1185,2667 1214,2667 1243,2667 1272,2667 1301,2667"/>
                <TextEquiv>
                    <Unicode>seiner Nerven sucht, dieser</Unicode>
                </TextEquiv>
            </TextLine>
            <TextLine id="r1l53" custom="readingOrder {index:52;}">
                <Coords points="2318,2737 2423,2743 2445,2724 2514,2746 2611,2721 2674,2744 2776,2722 2942,2742 2942,2673 2319,2679"/>
                <Baseline points="2333,2718 2362,2718 2392,2718 2422,2718 2452,2717 2481,2717 2511,2717 2541,2717 2571,2717 2600,2717 2630,2717 2660,2717 2690,2717 2719,2718 2749,2718 2779,2718 2809,2718 2838,2719 2868,2719 2898,2719 2928,2720"/>
                <TextEquiv>
                    <Unicode>nehmheit". Darf denn wirklich</Unicode>
                </TextEquiv>
            </TextLine>
            <TextLine id="r1l54" custom="readingOrder {index:53;}">
                <Coords points="705,2733 816,2752 973,2729 1023,2751 1069,2732 1119,2754 1213,2723 1241,2745 1318,2747 1318,2681 1293,2673 705,2689"/>
                <Baseline points="718,2727 747,2728 776,2729 805,2730 835,2730 864,2731 893,2731 923,2731 952,2731 981,2731 1011,2730 1040,2730 1069,2729 1098,2729 1128,2729 1157,2728 1186,2728 1216,2727 1245,2727 1274,2727 1304,2727"/>
                <TextEquiv>
                    <Unicode>Roman ist wohl schon vor</Unicode>
                </TextEquiv>
            </TextLine>
            <TextLine id="r1l55" custom="readingOrder {index:54;}">
                <Coords points="2317,2801 2424,2776 2493,2801 2772,2779 2938,2806 2937,2737 2857,2726 2838,2743 2609,2718 2518,2740 2317,2733"/>
                <Baseline points="2331,2776 2360,2777 2390,2778 2419,2778 2449,2778 2479,2779 2508,2778 2538,2778 2567,2778 2597,2777 2627,2777 2656,2777 2686,2776 2715,2776 2745,2776 2775,2776 2804,2776 2834,2777 2863,2777 2893,2778 2923,2779"/>
                <TextEquiv>
                    <Unicode>nur das sich vornehm dünken,</Unicode>
                </TextEquiv>
            </TextLine>
            <TextLine id="r1l56" custom="readingOrder {index:55;}">
                <Coords points="699,2823 782,2795 1036,2810 1149,2794 1179,2819 1232,2789 1320,2806 1320,2740 699,2734"/>
                <Baseline points="713,2785 742,2785 772,2784 801,2784 831,2784 861,2784 890,2784 920,2784 950,2785 979,2785 1009,2785 1039,2786 1068,2786 1098,2786 1128,2786 1157,2787 1187,2787 1217,2786 1246,2786 1276,2786 1306,2785"/>
                <TextEquiv>
                    <Unicode>Arthur Schnitzler, wer weiß wie</Unicode>
                </TextEquiv>
            </TextLine>
            <TextLine id="r1l57" custom="readingOrder {index:56;}">
                <Coords points="2328,2861 2428,2839 2469,2858 2637,2840 2728,2862 2880,2839 2935,2869 2935,2791 2838,2781 2814,2798 2767,2779 2678,2804 2424,2775 2328,2800"/>
                <Baseline points="2341,2836 2370,2836 2399,2836 2428,2836 2457,2835 2486,2835 2515,2834 2544,2834 2573,2834 2602,2833 2631,2833 2660,2833 2689,2833 2718,2833 2747,2833 2776,2833 2805,2833 2834,2833 2863,2833 2892,2833 2922,2834"/>
                <TextEquiv>
                    <Unicode>was seidene Roben und Spitzen¬</Unicode>
                </TextEquiv>
            </TextLine>
            <TextLine id="r1l58" custom="readingOrder {index:57;}">
                <Coords points="698,2854 930,2873 974,2851 1123,2857 1192,2835 1322,2877 1321,2803 697,2804"/>
                <Baseline points="711,2846 740,2847 770,2847 800,2848 830,2848 860,2848 890,2848 919,2848 949,2847 979,2847 1009,2846 1039,2846 1069,2845 1099,2845 1128,2844 1158,2844 1188,2843 1218,2843 1248,2843 1278,2842 1308,2842"/>
                <TextEquiv>
                    <Unicode>oft, geschrieben worden. Aber</Unicode>
                </TextEquiv>
            </TextLine>
            <TextLine id="r1l59" custom="readingOrder {index:58;}">
                <Coords points="2318,2887 2401,2920 2517,2901 2602,2918 2644,2898 2900,2896 2936,2913 2936,2846 2911,2838 2842,2855 2318,2848"/>
                <Baseline points="2331,2897 2360,2896 2390,2895 2419,2894 2449,2894 2478,2894 2508,2893 2537,2893 2567,2893 2596,2893 2626,2894 2655,2894 2685,2894 2714,2895 2744,2895 2773,2895 2803,2895 2832,2895 2862,2896 2891,2896 2921,2895"/>
                <TextEquiv>
                    <Unicode>wäsche trägt? Kann nicht in</Unicode>
                </TextEquiv>
            </TextLine>
            <TextLine id="r1l60" custom="readingOrder {index:59;}">
                <Coords points="695,2910 1001,2912 1045,2934 1097,2909 1150,2928 1213,2908 1238,2927 1260,2907 1315,2915 1315,2874 1199,2844 1130,2870 1113,2853 1028,2871 978,2849 929,2874 694,2855"/>
                <Baseline points="709,2905 738,2905 768,2905 797,2905 827,2905 857,2905 886,2905 916,2905 946,2904 975,2904 1005,2904 1035,2903 1064,2903 1094,2902 1124,2902 1153,2901 1183,2901 1213,2901 1242,2901 1272,2901 1302,2901"/>
                <TextEquiv>
                    <Unicode>Keinem war es gegeben, diesem</Unicode>
                </TextEquiv>
            </TextLine>
            <TextLine id="r1l61" custom="readingOrder {index:60;}">
                <Coords points="2328,2971 2907,2969 2932,2966 2932,2911 2849,2898 2750,2918 2659,2899 2598,2919 2521,2900 2399,2921 2327,2894"/>
                <Baseline points="2341,2952 2369,2953 2398,2954 2427,2955 2456,2955 2485,2955 2514,2955 2543,2955 2572,2955 2601,2954 2630,2954 2658,2953 2687,2953 2716,2952 2745,2952 2774,2951 2803,2951 2832,2951 2861,2951 2890,2951 2919,2952"/>
                <TextEquiv>
                    <Unicode>einem. Satinkleidchen, unter</Unicode>
                </TextEquiv>
            </TextLine>
            <TextLine id="r1l62" custom="readingOrder {index:61;}">
                <Coords points="702,2974 829,2987 1049,2959 1320,2991 1320,2916 1295,2911 702,2921"/>
                <Baseline points="715,2962 744,2962 774,2962 803,2962 833,2962 862,2962 892,2962 921,2962 951,2962 980,2962 1010,2962 1040,2962 1069,2962 1099,2961 1128,2961 1158,2961 1187,2961 1217,2960 1246,2960 1276,2960 1306,2959"/>
                <TextEquiv>
                    <Unicode>Verhältnisse so viel Poesie</Unicode>
                </TextEquiv>
            </TextLine>
            <TextLine id="r1l63" custom="readingOrder {index:62;}">
                <Coords points="2323,3026 2731,3026 2795,3007 2944,3026 2944,2979 2889,2965 2323,2973"/>
                <Baseline points="2338,3010 2367,3011 2397,3012 2426,3012 2456,3012 2486,3012 2515,3012 2545,3012 2575,3011 2604,3011 2634,3010 2664,3010 2693,3010 2723,3009 2753,3010 2782,3010 2812,3010 2842,3011 2871,3013 2901,3014 2931,3016"/>
                <TextEquiv>
                    <Unicode>einem Leinenhemdchen mehr</Unicode>
                </TextEquiv>
            </TextLine>
            <TextLine id="r1l64" custom="readingOrder {index:63;}">
                <Coords points="687,3043 1324,3038 1323,2982 1185,2987 1146,2965 948,2990 785,2967 686,2996"/>
                <Baseline points="699,3025 729,3025 760,3025 790,3026 821,3026 852,3026 882,3025 913,3025 943,3025 974,3024 1005,3024 1035,3023 1066,3023 1096,3022 1127,3021 1158,3021 1188,3020 1219,3020 1249,3020 1280,3019 1311,3019"/>
                <TextEquiv>
                    <Unicode>—abzugewinnen und Keinem ist</Unicode>
                </TextEquiv>
            </TextLine>
            <TextLine id="r1l65" custom="readingOrder {index:64;}">
                <Coords points="2318,3059 2373,3081 2662,3073 2682,3092 2704,3073 2825,3070 2919,3092 2946,3090 2947,3023 2318,3026"/>
                <Baseline points="2332,3065 2362,3067 2392,3067 2422,3068 2452,3068 2482,3068 2512,3068 2542,3068 2572,3068 2602,3068 2633,3067 2663,3067 2693,3067 2723,3066 2753,3066 2783,3066 2813,3067 2843,3067 2873,3068 2903,3069 2934,3071"/>
                <TextEquiv>
                    <Unicode>Vornehmheit wohnen? Und</Unicode>
                </TextEquiv>
            </TextLine>
            <TextLine id="r1l66" custom="readingOrder {index:65;}">
                <Coords points="703,3097 780,3080 880,3103 990,3082 1167,3080 1214,3099 1321,3086 1320,3037 1298,3034 702,3037"/>
                <Baseline points="717,3075 746,3077 776,3078 805,3078 835,3079 864,3079 894,3079 923,3078 953,3078 982,3077 1012,3077 1042,3075 1071,3075 1101,3074 1130,3074 1160,3073 1189,3072 1219,3072 1248,3072 1278,3072 1308,3072"/>
                <TextEquiv>
                    <Unicode>es daher geglückt, aus diesem</Unicode>
                </TextEquiv>
            </TextLine>
            <TextLine id="r1l67" custom="readingOrder {index:66;}">
                <Coords points="2328,3144 2554,3132 2618,3148 2700,3123 2949,3155 2948,3089 2879,3072 2686,3093 2650,3071 2526,3091 2501,3072 2328,3075"/>
                <Baseline points="2341,3128 2370,3129 2400,3129 2429,3129 2459,3129 2489,3129 2518,3129 2548,3128 2578,3127 2607,3127 2637,3127 2667,3126 2696,3126 2726,3125 2756,3125 2785,3125 2815,3126 2845,3126 2874,3127 2904,3128 2934,3130"/>
                <TextEquiv>
                    <Unicode>abgesehen davon: das hat die</Unicode>
                </TextEquiv>
            </TextLine>
            <TextLine id="r1l68" custom="readingOrder {index:67;}">
                <Coords points="708,3142 1136,3157 1219,3132 1313,3153 1312,3090 1287,3087 708,3092"/>
                <Baseline points="721,3136 749,3136 778,3137 807,3137 836,3137 865,3137 894,3137 923,3137 952,3136 981,3136 1010,3136 1038,3135 1067,3135 1096,3134 1125,3134 1154,3134 1183,3133 1212,3133 1241,3133 1270,3133 1299,3133"/>
                <TextEquiv>
                    <Unicode>Motiv ein so feines, ent¬</Unicode>
                </TextEquiv>
            </TextLine>
            <TextLine id="r1l69" custom="readingOrder {index:68;}">
                <Coords points="2326,3199 2492,3188 2558,3213 2655,3191 2699,3213 2884,3188 2914,3208 2947,3202 2947,3136 2831,3147 2691,3122 2652,3147 2326,3144"/>
                <Baseline points="2341,3188 2370,3188 2400,3188 2429,3187 2459,3187 2489,3187 2518,3187 2548,3187 2578,3187 2607,3187 2637,3187 2667,3187 2696,3187 2726,3187 2756,3187 2785,3187 2815,3187 2845,3188 2874,3188 2904,3188 2934,3189"/>
                <TextEquiv>
                    <Unicode>Kunst mit dem Ewigen</Unicode>
                </TextEquiv>
            </TextLine>
            <TextLine id="r1l70" custom="readingOrder {index:69;}">
                <Coords points="701,3219 853,3200 880,3225 1029,3198 1253,3215 1322,3188 1322,3141 1101,3140 1071,3160 742,3142 701,3158"/>
                <Baseline points="714,3194 743,3193 773,3192 803,3192 832,3191 862,3191 892,3190 921,3190 951,3190 981,3190 1011,3190 1040,3190 1070,3191 1100,3191 1129,3192 1159,3192 1189,3193 1218,3193 1248,3194 1278,3194 1308,3195"/>
                <TextEquiv>
                    <Unicode>zückendes Kunstwerk zu schaffen,</Unicode>
                </TextEquiv>
            </TextLine>
            <TextLine id="r1l71" custom="readingOrder {index:70;}">
                <Coords points="2326,3280 2397,3252 2889,3256 2955,3237 2955,3206 2883,3190 2693,3207 2615,3191 2568,3210 2326,3197"/>
                <Baseline points="2339,3250 2369,3248 2399,3248 2429,3247 2459,3246 2489,3246 2519,3245 2549,3245 2579,3245 2609,3245 2639,3245 2669,3245 2699,3245 2729,3245 2759,3246 2789,3246 2819,3246 2849,3246 2879,3246 2909,3246 2940,3247"/>
                <TextEquiv>
                    <Unicode>gemein: vor ihr ist Alles</Unicode>
                </TextEquiv>
            </TextLine>
            <TextLine id="r1l72" custom="readingOrder {index:71;}">
                <Coords points="698,3258 784,3271 812,3255 878,3279 930,3260 1316,3266 1316,3197 894,3216 850,3199 698,3222"/>
                <Baseline points="711,3251 740,3252 770,3252 799,3252 829,3253 859,3253 888,3253 918,3254 947,3254 977,3254 1007,3254 1036,3254 1066,3254 1095,3254 1125,3254 1155,3253 1184,3252 1214,3251 1243,3250 1273,3248 1303,3246"/>
                <TextEquiv>
                    <Unicode>wie es dem jungen Wiener</Unicode>
                </TextEquiv>
            </TextLine>
            <TextLine id="r1l73" custom="readingOrder {index:72;}">
                <Coords points="1506,3256 1523,3257 1571,3285 1588,3283 1604,3293 1628,3292 1657,3274 1690,3273 1696,3196 1682,3195 1666,3178 1658,3183 1650,3177 1635,3190 1613,3185 1602,3196 1591,3192 1576,3202 1563,3188 1523,3213 1509,3212"/>
                <Baseline points="1520,3249 1546,3255 1572,3259 1599,3262 1625,3263 1651,3262 1678,3259"/>
                <TextEquiv>
                    <Unicode>Nar </Unicode>
                </TextEquiv>
            </TextLine>
            <TextLine id="r1l74" custom="readingOrder {index:73;}">
                <Coords points="1905,3335 1928,3339 1946,3324 1966,3332 1976,3320 1999,3336 2010,3329 2029,3329 2025,3249 2009,3249 1993,3264 1941,3217 1920,3237 1901,3238"/>
                <Baseline points="1916,3298 1948,3291 1981,3293 2014,3290"/>
                <TextEquiv>
                    <Unicode>*</Unicode>
                </TextEquiv>
            </TextLine>
            <TextLine id="r1l75" custom="readingOrder {index:74;}">
                <Coords points="2332,3332 2414,3310 2481,3329 2505,3307 2743,3329 2812,3310 2952,3335 2952,3249 2795,3266 2699,3247 2660,3263 2406,3252 2332,3274"/>
                <Baseline points="2345,3307 2374,3307 2404,3307 2434,3306 2463,3306 2493,3306 2523,3306 2552,3306 2582,3306 2612,3305 2642,3305 2671,3305 2701,3305 2731,3305 2760,3305 2790,3306 2820,3306 2849,3306 2879,3307 2909,3307 2939,3308"/>
                <TextEquiv>
                    <Unicode>gleich. Was für Menschen</Unicode>
                </TextEquiv>
            </TextLine>
            <TextLine id="r1l76" custom="readingOrder {index:75;}">
                <Coords points="713,3335 878,3314 1181,3316 1223,3335 1328,3320 1327,3270 1286,3257 712,3264"/>
                <Baseline points="726,3312 755,3312 784,3313 814,3313 843,3313 873,3313 902,3313 932,3313 961,3313 991,3312 1020,3312 1049,3312 1079,3311 1108,3311 1138,3310 1167,3310 1197,3309 1226,3308 1256,3307 1285,3306 1315,3305"/>
                <TextEquiv>
                    <Unicode>Dichter in dem Schauspiel</Unicode>
                </TextEquiv>
            </TextLine>
            <TextLine id="r1l77" custom="readingOrder {index:76;}">
                <Coords points="1656,3325 1687,3323 1727,3341 1742,3330 1780,3356 1818,3348 1826,3357 1865,3338 1901,3350 1903,3262 1846,3250 1792,3284 1768,3281 1708,3241 1680,3268 1658,3264"/>
                <Baseline points="1671,3308 1698,3308 1725,3309 1752,3311 1779,3313 1806,3313 1833,3314 1860,3313 1887,3309"/>
                <TextEquiv>
                    <Unicode></Unicode>
                </TextEquiv>
            </TextLine>
            <TextLine id="r1l78" custom="readingOrder {index:77;}">
                <Coords points="2324,3378 2354,3390 2415,3360 2476,3380 2650,3367 2688,3387 2807,3368 2851,3388 2950,3370 2951,3306 2324,3326"/>
                <Baseline points="2338,3362 2367,3362 2397,3362 2427,3362 2457,3361 2487,3361 2517,3361 2547,3361 2577,3361 2607,3361 2637,3362 2666,3362 2696,3362 2726,3363 2756,3363 2786,3364 2816,3364 2846,3365 2876,3365 2906,3366 2936,3367"/>
                <TextEquiv>
                    <Unicode>der Künstler schildert, vor ihm</Unicode>
                </TextEquiv>
            </TextLine>
            <TextLine id="r1l79" custom="readingOrder {index:78;}">
                <Coords points="705,3388 1152,3372 1304,3388 1329,3380 1329,3319 1224,3336 1207,3320 1014,3315 976,3332 879,3315 705,3335"/>
                <Baseline points="719,3375 748,3374 778,3372 808,3371 838,3370 868,3370 897,3370 927,3370 957,3370 987,3370 1017,3371 1046,3371 1076,3371 1106,3372 1136,3372 1166,3372 1195,3371 1225,3371 1255,3370 1285,3368 1315,3367"/>
                <TextEquiv>
                    <Unicode>gelungen ist, das den Namen</Unicode>
                </TextEquiv>
            </TextLine>
            <TextLine id="r1l80" custom="readingOrder {index:79;}">
                <Coords points="1658,3418 1793,3438 1824,3425 1843,3444 1865,3428 1887,3442 1920,3426 1945,3437 2009,3418 2009,3371 1954,3346 1885,3351 1874,3340 1824,3370 1742,3330 1659,3363"/>
                <Baseline points="1672,3412 1699,3413 1726,3414 1753,3415 1780,3415 1807,3415 1834,3415 1861,3415 1888,3415 1915,3415 1942,3416 1969,3416 1996,3417"/>
                <TextEquiv>
                    <Unicode>Alma Reinier.</Unicode>
                </TextEquiv>
            </TextLine>
            <TextLine id="r1l81" custom="readingOrder {index:80;}">
                <Coords points="2329,3424 2431,3428 2467,3450 2572,3429 2676,3447 2770,3423 2939,3435 2931,3374 2329,3380"/>
                <Baseline points="2342,3418 2371,3418 2400,3418 2429,3418 2458,3418 2487,3418 2516,3418 2545,3418 2574,3419 2603,3419 2633,3420 2662,3420 2691,3421 2720,3421 2749,3421 2778,3422 2807,3422 2836,3422 2865,3422 2894,3422 2924,3422"/>
                <TextEquiv>
                    <Unicode>und durch ihn stehen sie alle auf</Unicode>
                </TextEquiv>
            </TextLine>
            <TextLine id="r1l82" custom="readingOrder {index:81;}">
                <Coords points="716,3441 870,3434 920,3456 1003,3433 1058,3457 1099,3435 1157,3456 1320,3438 1319,3386 1225,3376 715,3384"/>
                <Baseline points="729,3430 757,3430 786,3430 815,3430 844,3430 873,3430 902,3430 931,3430 960,3430 989,3429 1018,3429 1046,3429 1075,3429 1104,3428 1133,3428 1162,3427 1191,3427 1220,3426 1249,3425 1278,3425 1307,3424"/>
                <TextEquiv>
                    <Unicode>„Liebelei“ führt und das</Unicode>
                </TextEquiv>
            </TextLine>
            <TextLine id="r1l83" custom="readingOrder {index:82;}">
                <Coords points="1822,3497 2597,3481 2931,3513 2947,3438 1821,3442"/>
                <Baseline points="1836,3481 1890,3482 1945,3482 2000,3482 2055,3482 2110,3482 2165,3482 2220,3481 2275,3481 2330,3481 2385,3481 2439,3480 2494,3480 2549,3480 2604,3480 2659,3479 2714,3479 2769,3479 2824,3479 2879,3479 2934,3480"/>
                <TextEquiv>
                    <Unicode>derselben Stufe. Dadurch, wie er sie und ihr Schicksal</Unicode>
                </TextEquiv>
            </TextLine>
            <TextLine id="r1l84" custom="readingOrder {index:83;}">
                <Coords points="706,3484 1719,3501 1826,3486 1826,3434 706,3451"/>
                <Baseline points="721,3489 775,3490 830,3491 884,3491 939,3491 993,3491 1048,3490 1102,3490 1157,3489 1211,3488 1266,3488 1321,3487 1375,3486 1430,3485 1484,3485 1539,3484 1593,3484 1648,3484 1702,3484 1757,3485 1812,3485"/>
                <TextEquiv>
                    <Unicode>in dieser Woche, ein volles Jahr nach seinem glück¬</Unicode>
                </TextEquiv>
            </TextLine>
            <TextLine id="r1l85" custom="readingOrder {index:84;}">
                <Coords points="1830,3551 2939,3563 2939,3500 2806,3489 1830,3507"/>
                <Baseline points="1843,3546 1897,3545 1951,3544 2005,3543 2059,3542 2113,3541 2167,3541 2221,3540 2275,3540 2329,3540 2383,3540 2437,3540 2491,3540 2545,3540 2599,3540 2653,3540 2707,3540 2761,3540 2815,3540 2869,3540 2924,3540"/>
                <TextEquiv>
                    <Unicode>gestaltet, werden sie vornehm oder gemein. Ist Dosto¬</Unicode>
                </TextEquiv>
            </TextLine>
            <TextLine id="r1l86" custom="readingOrder {index:85;}">
                <Coords points="709,3559 1823,3567 1793,3487 1484,3521 709,3496"/>
                <Baseline points="722,3548 776,3547 830,3547 885,3546 939,3546 994,3545 1048,3545 1102,3545 1157,3545 1211,3545 1266,3545 1320,3545 1374,3545 1429,3545 1483,3545 1538,3545 1592,3545 1646,3544 1701,3544 1755,3543 1810,3542"/>
                <TextEquiv>
                    <Unicode>lichen Debut am Wiener Burgtheater und ein halbes</Unicode>
                </TextEquiv>
            </TextLine>
            <TextLine id="r1l87" custom="readingOrder {index:86;}">
                <Coords points="1828,3619 2912,3617 2933,3543 1827,3553"/>
                <Baseline points="1842,3604 1898,3603 1955,3601 2012,3600 2069,3599 2125,3598 2182,3598 2239,3597 2296,3597 2353,3597 2409,3596 2466,3596 2523,3596 2580,3596 2637,3596 2693,3596 2750,3596 2807,3596 2864,3595 2921,3595"/>
                <TextEquiv>
                    <Unicode>jewski's „Raskolnikow“ ein weniger vornehmes Kunst¬</Unicode>
                </TextEquiv>
            </TextLine>
            <TextLine id="r1l88" custom="readingOrder {index:87;}">
                <Coords points="703,3613 877,3639 1578,3607 1655,3637 1820,3609 1820,3564 703,3566"/>
                <Baseline points="716,3609 770,3608 825,3607 879,3607 934,3606 989,3606 1043,3605 1098,3605 1152,3604 1207,3604 1262,3604 1316,3603 1371,3603 1425,3603 1480,3603 1535,3603 1589,3602 1644,3602 1698,3602 1753,3602 1808,3602"/>
                <TextEquiv>
                    <Unicode>Jahr nach seiner nicht minder günstigen Aufnahme in</Unicode>
                </TextEquiv>
            </TextLine>
            <TextLine id="r1l89" custom="readingOrder {index:88;}">
                <Coords points="1816,3678 2851,3652 2939,3693 2939,3610 1816,3626"/>
                <Baseline points="1829,3661 1883,3661 1938,3660 1993,3660 2048,3660 2103,3659 2158,3659 2212,3658 2267,3657 2322,3657 2377,3656 2432,3656 2487,3655 2542,3655 2596,3655 2651,3655 2706,3656 2761,3656 2816,3657 2871,3659 2926,3660"/>
                <TextEquiv>
                    <Unicode> werk als etwa ein Roman von Paul Heyse, weil die</Unicode>
                </TextEquiv>
            </TextLine>
            <TextLine id="r1l90" custom="readingOrder {index:89;}">
                <Coords points="706,3692 1048,3661 1788,3686 1818,3609 706,3614"/>
                <Baseline points="720,3667 774,3667 828,3667 882,3666 937,3666 991,3665 1045,3665 1099,3664 1154,3664 1208,3663 1262,3663 1316,3663 1371,3662 1425,3662 1479,3661 1533,3661 1588,3661 1642,3660 1696,3660 1750,3660 1805,3660"/>
                <TextEquiv>
                    <Unicode>Berlin, zu uns nach München gekommen ist. Höchst</Unicode>
                </TextEquiv>
            </TextLine>
            <TextLine id="r1l91" custom="readingOrder {index:90;}">
                <Coords points="1817,3754 2035,3720 2929,3741 2945,3674 1817,3679"/>
                <Baseline points="1831,3722 1886,3720 1941,3718 1996,3718 2051,3717 2106,3716 2161,3716 2216,3716 2271,3716 2326,3716 2381,3716 2436,3716 2491,3717 2546,3717 2601,3717 2656,3717 2711,3717 2766,3717 2821,3717 2876,3716 2932,3715"/>
                <TextEquiv>
                    <Unicode>Menschen dort in Lumpen, hier in theueren Kleidern</Unicode>
                </TextEquiv>
            </TextLine>
            <TextLine id="r1l92" custom="readingOrder {index:91;}">
                <Coords points="701,3749 1818,3743 1817,3690 1605,3667 700,3688"/>
                <Baseline points="714,3726 768,3726 822,3726 877,3725 931,3725 986,3724 1040,3723 1095,3723 1149,3722 1204,3721 1258,3720 1312,3719 1367,3719 1421,3718 1476,3718 1530,3718 1585,3718 1639,3718 1694,3719 1748,3720 1803,3722"/>
                <TextEquiv>
                    <Unicode>wahrscheinlich hätten wir es nie hier zu sehen bekommen,</Unicode>
                </TextEquiv>
            </TextLine>
            <TextLine id="r1l93" custom="readingOrder {index:92;}">
                <Coords points="1827,3808 1984,3775 2817,3796 2944,3741 2062,3722 1827,3756"/>
                <Baseline points="1841,3781 1895,3779 1949,3777 2004,3776 2058,3775 2113,3774 2167,3774 2222,3774 2276,3774 2331,3774 2385,3774 2439,3775 2494,3775 2548,3775 2603,3776 2657,3776 2712,3776 2766,3776 2821,3776 2875,3776 2930,3775"/>
                <TextEquiv>
                    <Unicode>gehen, weil sie dort die Sprache des Instinktes und</Unicode>
                </TextEquiv>
            </TextLine>
            <TextLine id="r1l94" custom="readingOrder {index:93;}">
                <Coords points="699,3777 818,3810 1320,3808 1402,3761 1529,3802 1811,3796 1811,3732 1675,3722 699,3750"/>
                <Baseline points="712,3785 766,3784 820,3783 874,3782 929,3781 983,3781 1037,3780 1091,3780 1146,3780 1200,3780 1254,3780 1308,3780 1363,3780 1417,3780 1471,3780 1525,3780 1580,3780 1634,3780 1688,3780 1742,3780 1797,3779"/>
                <TextEquiv>
                    <Unicode>wenn nicht das „Deutsche Theater“, das so viele fremde</Unicode>
                </TextEquiv>
            </TextLine>
            <TextLine id="r1l95" custom="readingOrder {index:94;}">
                <Coords points="1824,3850 2944,3857 2944,3769 2889,3799 1824,3794"/>
                <Baseline points="1837,3839 1891,3837 1946,3836 2001,3835 2055,3833 2110,3833 2165,3832 2219,3832 2274,3832 2329,3832 2384,3832 2438,3832 2493,3833 2548,3833 2602,3833 2657,3834 2712,3834 2766,3834 2821,3835 2876,3835 2931,3835"/>
                <TextEquiv>
                    <Unicode>der Leidenschaft, hier die der Convention sprechen? Eine</Unicode>
                </TextEquiv>
            </TextLine>
            <TextLine id="r1l96" custom="readingOrder {index:95;}">
                <Coords points="701,3840 1090,3869 1821,3846 1782,3786 701,3796"/>
                <Baseline points="715,3841 769,3841 824,3841 878,3840 933,3840 988,3840 1042,3840 1097,3840 1151,3840 1206,3840 1261,3839 1315,3839 1370,3839 1424,3839 1479,3838 1534,3838 1588,3838 1643,3837 1697,3837 1752,3836 1807,3836"/>
                <TextEquiv>
                    <Unicode>Unterlassungssünden gut zu machen auf dem besten</Unicode>
                </TextEquiv>
            </TextLine>
            <TextLine id="r1l97" custom="readingOrder {index:96;}">
                <Coords points="1828,3903 2932,3908 2932,3853 2857,3836 1828,3853"/>
                <Baseline points="1843,3897 1896,3894 1950,3893 2004,3892 2057,3891 2111,3890 2165,3890 2218,3890 2272,3890 2326,3890 2380,3891 2433,3891 2487,3892 2541,3892 2594,3892 2648,3893 2702,3893 2755,3893 2809,3892 2863,3891 2917,3890"/>
                <TextEquiv>
                    <Unicode>Theaterleitung, welche ein Werk nach seiner in Aeußerlich¬</Unicode>
                </TextEquiv>
            </TextLine>
            <TextLine id="r1l98" custom="readingOrder {index:97;}">
                <Coords points="708,3907 1784,3926 1822,3920 1822,3845 707,3846"/>
                <Baseline points="720,3900 774,3899 828,3899 883,3899 937,3899 992,3899 1046,3899 1101,3899 1155,3899 1210,3899 1264,3899 1318,3899 1373,3899 1427,3899 1482,3899 1536,3898 1591,3898 1645,3897 1700,3896 1754,3895 1809,3894"/>
                <TextEquiv>
                    <Unicode>Wege ist, wenn nicht Direktor Meßthaler uns damit</Unicode>
                </TextEquiv>
            </TextLine>
            <TextLine id="r1l99" custom="readingOrder {index:98;}">
                <Coords points="1838,3971 2930,3965 2950,3909 1838,3914"/>
                <Baseline points="1852,3958 1906,3956 1960,3955 2014,3954 2068,3953 2122,3952 2176,3951 2231,3951 2285,3951 2339,3951 2393,3951 2447,3952 2501,3952 2555,3952 2610,3952 2664,3952 2718,3952 2772,3952 2826,3951 2880,3951 2935,3949"/>
                <TextEquiv>
                    <Unicode>keiten liegenden „Vornehmheit" beurtheilt, verschafft uns</Unicode>
                </TextEquiv>
            </TextLine>
            <TextLine id="r1l100" custom="readingOrder {index:99;}">
                <Coords points="704,3965 1769,3965 1769,3924 1689,3902 704,3907"/>
                <Baseline points="719,3958 770,3957 822,3958 874,3958 926,3958 977,3958 1029,3959 1081,3959 1133,3960 1184,3960 1236,3960 1288,3960 1340,3960 1391,3960 1443,3960 1495,3960 1547,3960 1598,3959 1650,3958 1702,3957 1754,3955"/>
                <TextEquiv>
                    <Unicode>beschenkt hätte. Das Hoftheater soll das Stück -</Unicode>
                </TextEquiv>
            </TextLine>
            <TextLine id="r1l101" custom="readingOrder {index:100;}">
                <Coords points="1836,4024 2945,4046 2944,3963 2881,3953 1835,3983"/>
                <Baseline points="1849,4016 1903,4014 1957,4013 2011,4012 2065,4011 2119,4011 2173,4010 2227,4010 2281,4010 2335,4010 2390,4010 2444,4010 2498,4010 2552,4010 2606,4010 2660,4009 2714,4009 2768,4009 2822,4008 2876,4008 2931,4007"/>
                <TextEquiv>
                    <Unicode>von ihrer eigenen Vornehmheit einen seltsamen Begriff.</Unicode>
                </TextEquiv>
            </TextLine>
            <TextLine id="r1l102" custom="readingOrder {index:101;}">
                <Coords points="710,4039 1621,4020 1692,4053 1814,4007 1814,3968 1718,3960 711,3964"/>
                <Baseline points="723,4020 776,4020 830,4019 884,4019 938,4019 992,4019 1045,4019 1099,4019 1153,4019 1207,4020 1261,4020 1314,4020 1368,4020 1422,4020 1476,4021 1530,4021 1583,4021 1637,4022 1691,4023 1745,4023 1799,4024"/>
                <TextEquiv>
                    <Unicode>abgelehnt haben. Vermuthlich war es ihm nicht —</Unicode>
                </TextEquiv>
            </TextLine>
            <TextEquiv>
                <Unicode>box 10/4
Lieb
5. Laszelei
Preis 10 Pfg.
No. 4.
München, 17. Oktober 1896.
1. Jahrg.
—

Wocken-Rundschau über das gesammte Münchener

Herausgegeben und redigirt von
P *
Theaterleben.
Julius Schaumberger
unter ständiger Mitwirkung von
Max Halbe, Wilbelm begeler, Franz Beld, Oscar Panizza, Georg Schaumberg, Frank Wedekind, Haus Richard, u. A.
Eescheim jeden Samstag. — Preis vierteljährlich Mk. 1.25. Cinzelne Nummer 10 Pfh: — Abonnement nehmen entgegen die Expedition Herzegspitalstraße Nr. 19
(Telephen=Ruf 7652), und Mar Höher, Musikalienhandlung, Domfreiheit (Telephon=Ruf 879). — Inserate die vierspantige Perizeile 25 Pfg.
„Waldmeister.“
Inhalt: „Liebelei“. — „Wer war's?“
vornehm, nicht „hoftheaterfähig“ genug; man wollte
„Er fliegt.“ (Schluß.) — Aus
Mefisto auf Reisen.
sich den Luxus gestatten, mehr auf „Vornehmheit“ zu
Mephisto's Pillenbüchse. — Inserate.
halten, als das Burgtheater. Aber wo liegt denn die
wahre Vornehmheit? Liegt sie darin, daß in einem
„Liebelei.“
Stücke nur hochdeutsch gesprochen wird? Liegtesie darin,
daß man die freie Sprache des Herzens für plebeisch
Schauspiel in drei Akten von Arthur Schnitzler.
hält? Liegt sie darin, daß man die Lüsternheit nur
Im Deutschen Theater zum erstenmal aufgeführt am
13. Oktober 1896.)
durch parfümirte Schleier blicken läßt — wie in
„Madame sans gene“? Oder liegt sie in der naiven
Der Roman des jungen Lebemannes, der sich im
Ehrlichkeit, die jedem echten
Genußleben der „großen Welt“
Künstler, jedem echten Kunst¬
übersättigt und in einem Liebes¬
werk eigen ist?
verhältniß mit einem leb¬
Wie stets mit den edelsten
frischen, unverdorbenen Mädel
Begriffen am meisten Miß¬
aus dem Volke den Jung¬
brauch getrieben wurde und
brunnen zur Restaurirung
wird, so auch mit dem der „Vor¬
seiner Nerven sucht, dieser
nehmheit". Darf denn wirklich
Roman ist wohl schon vor
nur das sich vornehm dünken,
Arthur Schnitzler, wer weiß wie
was seidene Roben und Spitzen¬
oft, geschrieben worden. Aber
wäsche trägt? Kann nicht in
Keinem war es gegeben, diesem
einem. Satinkleidchen, unter
Verhältnisse so viel Poesie
einem Leinenhemdchen mehr
—abzugewinnen und Keinem ist
Vornehmheit wohnen? Und
es daher geglückt, aus diesem
abgesehen davon: das hat die
Motiv ein so feines, ent¬
Kunst mit dem Ewigen
zückendes Kunstwerk zu schaffen,
gemein: vor ihr ist Alles
wie es dem jungen Wiener
Nar 
*
gleich. Was für Menschen
Dichter in dem Schauspiel

der Künstler schildert, vor ihm
gelungen ist, das den Namen
Alma Reinier.
und durch ihn stehen sie alle auf
„Liebelei“ führt und das
derselben Stufe. Dadurch, wie er sie und ihr Schicksal
in dieser Woche, ein volles Jahr nach seinem glück¬
gestaltet, werden sie vornehm oder gemein. Ist Dosto¬
lichen Debut am Wiener Burgtheater und ein halbes
jewski's „Raskolnikow“ ein weniger vornehmes Kunst¬
Jahr nach seiner nicht minder günstigen Aufnahme in
 werk als etwa ein Roman von Paul Heyse, weil die
Berlin, zu uns nach München gekommen ist. Höchst
Menschen dort in Lumpen, hier in theueren Kleidern
wahrscheinlich hätten wir es nie hier zu sehen bekommen,
gehen, weil sie dort die Sprache des Instinktes und
wenn nicht das „Deutsche Theater“, das so viele fremde
der Leidenschaft, hier die der Convention sprechen? Eine
Unterlassungssünden gut zu machen auf dem besten
Theaterleitung, welche ein Werk nach seiner in Aeußerlich¬
Wege ist, wenn nicht Direktor Meßthaler uns damit
keiten liegenden „Vornehmheit" beurtheilt, verschafft uns
beschenkt hätte. Das Hoftheater soll das Stück -
von ihrer eigenen Vornehmheit einen seltsamen Begriff.
abgelehnt haben. Vermuthlich war es ihm nicht —</Unicode>
            </TextEquiv>
        </TextRegion>
    </Page>
</PcGts>
