3484 4224
502 179 809 247 iebelei
287 183 844 285 5. L
977 176 1421 262 box 10/2
1599 571 2514 648 In ein modernes, nervös überreiztes Milieu führt
1536 630 2516 706 uns auch „Liebelei“ ein Sittengemälde aus dem
1536 669 2519 747 Leben der Wiener Jugend von ergreifender innerer
1546 714 2507 784 Wahrheit. Zwei junge verwöhnte Lebemänner, Fritz
1551 769 2523 832 Lobheimer und Theodor Kaiser, kennen das Leben
1549 813 2512 889 nur von der Sonnenseite. Sie sind nicht gewohnt,
1550 865 2516 929 irgend etwas ernst zu nehmen, nicht die Ehre anderer,
1547 909 2509 986 nicht ihr eigenes Leben und auch nicht die Liebe —
1550 960 2523 1042 die vor allem nicht; dem da ist ja doch alles nur
1558 1008 2523 1081 Scherz, Flirt, Tändelei, Liebelei. Theodors Freundin
1549 1055 2523 1127 die leichtlebige Mizi Schlager, theilt diese bequeme
1560 1095 2531 1180 Anschauung. Sie freut sich das Augenblicks, ohne sich
1560 1155 2523 1236 über das „Morgen“ Gedanken zu machen. „Wer wird
1566 1200 2521 1263 denn im Mai an den August denken!“ lacht sie, denn
1555 1252 2534 1324 sie weiß, „so lange währt die ewige Liebe nicht.“ Wie
1566 1302 2538 1365 Mizi das Spielzeug Theodors, so ist Christine, die¬
1561 1340 2530 1414 Tochter des Violinspielers Weiring, Fritzens Zeitver¬
1565 1380 2542 1459 treib. Der Gedanke, eines der Mädchen könnte diese
1571 1439 2539 1511 Liebelei für wirkliche Liebe nehmen, liegt den Freun¬
1573 1502 2539 1559 den ganz fern. Nur manchmal überkommt es Fritz,
1575 1533 2538 1605 der übrigens gleichzeitig der bevorzugte Günstling
1575 1583 2545 1652 einer verheiratheten Dame aus der guten Gesellschaft
1575 1629 2554 1709 ist, blitzartig wie eine Ahnung, daß Christinens Gefühl
1575 1681 2550 1758 für ihndecht ist. Diese liebt ihn mit der ganzen scheuen
1570 1724 2540 1797 Innigkeit einer ersten tiefen Neigung und hat sich ihm
1572 1771 2555 1846 in dem beglück enden Bewußtsein seiner Gegenliebe
1587 1816 2545 1897 schrankenlos hingegeben. Wohl sagt sie sich, daß ihr
1581 1870 2560 1935 Glück kein dauerndes sein wird, und verlangt auch
1583 1913 2549 1986 kein bindendes Wort von ihm. „Du hast mir nichts
1581 1962 2547 2048 versprochen, und ich habe nichts von Dir verlangt...
1590 2023 2562 2090 Was dann aus mir wird, ist ja ganz einerlei. Ich bin
1587 2056 2569 2138 doch einmal glücklich gewesen, mehr will ich ja vom
1921 2110 2572 2175 Das ist die Situation zu Anfang
1835 2140 1915 2181 „
1578 2129 1835 2190 Leben nicht“
1574 2147 2586 2245 * des Stückes. Wir sehen die vier jungen Leute in
1670 2363 2284 2478 G
1727 2455 2327 2537 Montagsblatt a. B. Nr. 8.
1716 2552 2681 2630 Fritzens mit elegantem Comfort ausgestattetem Jung¬
1715 2642 2674 2686 gesellenheim zu einem fröhlichen Abendessen versammelt.
1719 2671 2676 2722 Aber eine eigentlich dehagliche Stimmung will nicht
1706 2719 2682 2783 recht in Gang kommen. Es liegt über der trefflich aus¬
1706 2777 2684 2830 geführten Scene wie Gewitterschwüle. Theodor ist ver¬
1719 2818 2684 2883 gebens bemüht, Fritzens Besorgnis, daß seine Bezie¬
1711 2867 2680 2924 hungen zu jener Dame entdeckt sind, zu zerstreuen,
1701 2910 2682 2956 und erzwingt im Verein mit Mizi, der einzig Unbe¬
1715 2967 2678 3005 fangenen in der Gesellschaft, eine forcirte Lustigkeit¬
1702 3007 2682 3061 Da klingelts draußen. Die Gäste gehen ins Neben¬
1710 3054 2682 3105 zimmer, und hereintritt der betrogene Gatte. Nach
1709 3108 2677 3167 kurzem Wortwechsel fordert er Fritz zum Zweikampfe.
1704 3157 2669 3219 Die Mädchen, über die Bedeutung des Besuches ge¬
1715 3202 2684 3265 täuscht, bleiben noch eine Weile und entfernen sich
1714 3248 2672 3304 dann mit Theodor in aller Lustigkeit Die beiden fol¬
1714 3303 2662 3366 genden Aufzüge spielen in Christinens Wohnung drau¬
1713 3349 2662 3399 ßen in der Vorstadt. Wir lernen ihren Vater kennen
1700 3395 2668 3456 den alten Weiring, einen Mann von gereifter, abgeklärter
1701 3449 2674 3506 Lebensanschauung. Er betrauert den Tod einer gelieb¬
1710 3487 2667 3546 ten Schwester, die er erzogen hat und der er zeitlebens
1701 3541 2658 3589 ein gewissenhafter Beschützer war. Zu spät hat er er¬
1704 3586 2663 3641 kannt, daß ihr in dieser treuen Hut die Jugend in
1705 3635 2666 3697 aller Ehrbarkeit einsam und freudlos hingeschwunden
1707 3681 2667 3734 und daß sie ein einsames altes Fräulein geworden ist.
1699 3731 2676 3781 Und so ist sie gestorben, ohne das Glück ihres Lebens
1709 3778 2670 3836 gesunden zu haben. So soll's bei seinem Kinde nicht
1710 3826 2669 3885 auch wieder werden. Christine soll das Glück ihrer
1697 3881 2669 3927 Jugend, oder was sie dafür hält und die Erinnerung
1703 3923 2661 3971 an dieses Glück für ihr späteres Leben haben und
1699 3965 2671 4032 darum duldet er ihren Roman stillschweigend, in der
1702 4018 2674 4074 Hoffnung, ihre gesunde Natur werde selbst die schwerste
1714 4065 2668 4111 Enttäuschung verwinden. Hierin irrt er aber. Als
