<?xml version="1.0" encoding="UTF-8" standalone="yes"?>
<PcGts xmlns="http://schema.primaresearch.org/PAGE/gts/pagecontent/2013-07-15" xmlns:xsi="http://www.w3.org/2001/XMLSchema-instance" xsi:schemaLocation="http://schema.primaresearch.org/PAGE/gts/pagecontent/2013-07-15 http://schema.primaresearch.org/PAGE/gts/pagecontent/2013-07-15/pagecontent.xsd">
    <Metadata>
        <Creator>prov=University of Rostock/Institute of Mathematics/CITlab/Gundram Leifert/gundram.leifert@uni-rostock.de:name=ONB_Newseye_GT_M1+(htr_id=10810)::::v=2.4.2
prov=University of Rostock/Institute of Mathematics/CITlab/Tobias Gruening/tobias.gruening@uni-rostock.de:name=de.uros.citlab.module.baseline2polygon.B2PSeamMultiOriented:v=2.4.2
prov=University of Rostock/Institute of Mathematics/CITlab/Tobias Gruening/tobias.gruening@uni-rostock.de:name=/mnt/transkribus/LA/DEA/URO/LA_news_onb_att.pb:de.uros.citlab.segmentation.CITlab_LA_ML:v=2.4.2
Transkribus</Creator>
        <Created>2019-10-07T11:57:38.599+02:00</Created>
        <LastChange>2019-10-09T11:05:15.798+02:00</LastChange>
        <TranskribusMetadata docId="223992" pageId="9508853" pageNr="1079" tsid="16645358" status="IN_PROGRESS" userId="40391" imgUrl="https://files.transkribus.eu/Get?id=DTONJFZQIEEEJKPEJVLKVLRM&amp;fileType=view" xmlUrl="https://files.transkribus.eu/Get?id=JMPRNQUGTJTADPGIVBVGBCHA" imageId="6197972"/>
    </Metadata>
    <Page imageFilename="223992_1079.jpeg" imageWidth="3484" imageHeight="4224">
        <ReadingOrder>
            <OrderedGroup id="ro_1711446136168" caption="Regions reading order">
                <RegionRefIndexed index="0" regionRef="r1"/>
            </OrderedGroup>
        </ReadingOrder>
        <TextRegion orientation="0.0" id="r1" custom="readingOrder {index:0;}">
            <Coords points="145,231 145,4126 3244,4126 3244,231"/>
            <TextLine id="r1l1" custom="readingOrder {index:0;}">
                <Coords points="941,255 973,271 1094,270 1108,257 1329,268 1372,249 1373,199 1167,197 1111,218 1079,204 1030,215 1010,199 942,201"/>
                <Baseline points="952,251 977,251 1003,253 1028,253 1054,254 1079,254 1105,255 1130,255 1156,256 1181,256 1207,256 1232,256 1258,256 1283,256 1309,256 1334,256 1360,256"/>
                <TextEquiv>
                    <Unicode>box 12/2</Unicode>
                </TextEquiv>
            </TextLine>
            <TextLine id="r1l2" custom="readingOrder {index:1;}">
                <Coords points="233,280 343,289 406,262 767,266 765,194 705,218 648,199 612,214 546,200 527,218 422,201 369,234 287,204 231,222"/>
                <Baseline points="244,259 269,261 295,262 320,263 346,263 371,263 397,262 422,262 448,261 473,260 499,259 524,257 550,256 575,256 601,254 626,253 652,252 677,252 703,252 728,252 754,253"/>
                <TextEquiv>
                    <Unicode>5. Liebelei</Unicode>
                </TextEquiv>
            </TextLine>
            <TextLine id="r1l3" custom="readingOrder {index:2;}">
                <Coords points="394,295 439,285 476,307 604,307 626,286 674,283 769,296 795,287 795,242 755,238 698,256 667,247 394,258"/>
                <Baseline points="405,278 430,279 455,279 480,279 506,279 531,279 556,278 581,278 607,277 632,277 657,276 682,276 708,276 733,277 758,277 784,279"/>
                <TextEquiv>
                    <Unicode>an a. an d 1 . — 1.</Unicode>
                </TextEquiv>
            </TextLine>
            <TextLine id="r1l4" custom="readingOrder {index:3;}">
                <Coords points="149,456 1925,414 1889,340 149,420"/>
                <Baseline points="161,443 248,442 336,442 423,441 511,440 599,439 686,437 774,435 862,433 949,431 1037,428 1125,425 1212,423 1300,420 1388,417 1475,414 1563,412 1651,409 1738,405 1826,402 1914,400"/>
                <TextEquiv>
                    <Unicode>in nur ein tiefer Denker. Seine die räumlich hart aneinander gerückt sind, sind innerlich</Unicode>
                </TextEquiv>
            </TextLine>
            <TextLine id="r1l5" custom="readingOrder {index:4;}">
                <Coords points="786,481 1930,437 1913,406 1636,403 785,443"/>
                <Baseline points="796,474 852,472 908,470 964,468 1020,467 1076,465 1132,463 1188,461 1244,460 1300,458 1357,457 1413,455 1469,453 1525,452 1581,450 1637,448 1693,446 1749,444 1805,443 1861,441 1918,438"/>
                <TextEquiv>
                    <Unicode>untereinander isoliert: Das schwärmerische Weib, der geile</Unicode>
                </TextEquiv>
            </TextLine>
            <TextLine id="r1l6" custom="readingOrder {index:5;}">
                <Coords points="620,475 658,478 684,492 705,475 728,474 735,479 739,474 764,473 784,467 782,427 769,427 753,439 703,435 679,447 665,443 652,449 638,442 618,448"/>
                <Baseline points="632,478 660,479 688,478 716,475 744,474 772,474"/>
                <TextEquiv>
                    <Unicode>— sind</Unicode>
                </TextEquiv>
            </TextLine>
            <TextLine id="r1l7" custom="readingOrder {index:6;}">
                <Coords points="144,495 243,498 272,479 416,496 436,475 466,491 626,474 625,456 521,440 510,451 350,441 323,455 287,440 265,463 190,442 143,459"/>
                <Baseline points="155,486 180,485 206,485 231,484 257,484 282,483 308,483 333,482 359,482 385,482 410,481 436,481 461,480 487,479 512,479 538,478 563,477 589,476 615,475"/>
                <TextEquiv>
                    <Unicode>chlich lyrischen Formen</Unicode>
                </TextEquiv>
            </TextLine>
            <TextLine id="r1l8" custom="readingOrder {index:7;}">
                <Coords points="790,514 1937,499 1886,442 789,480"/>
                <Baseline points="800,511 856,510 912,508 968,507 1025,505 1081,503 1137,500 1194,499 1250,497 1306,494 1363,491 1419,489 1475,488 1531,486 1588,484 1644,483 1700,481 1757,480 1813,480 1869,480 1926,480"/>
                <TextEquiv>
                    <Unicode>Commis und der alles ahnende, nichts wissende Alte. Dunkle</Unicode>
                </TextEquiv>
            </TextLine>
            <TextLine id="r1l9" custom="readingOrder {index:8;}">
                <Coords points="141,533 782,526 780,478 746,475 140,492"/>
                <Baseline points="153,526 183,526 214,525 245,524 276,523 307,522 337,521 368,520 399,519 430,518 461,518 491,516 522,516 553,515 584,514 615,513 645,512 676,512 707,511 738,510 769,509"/>
                <TextEquiv>
                    <Unicode>ären Splittern der Weltseele selbst</Unicode>
                </TextEquiv>
            </TextLine>
            <TextLine id="r1l10" custom="readingOrder {index:9;}">
                <Coords points="791,560 1926,525 1925,493 789,512"/>
                <Baseline points="801,546 856,546 912,545 968,544 1023,543 1079,541 1135,539 1190,537 1246,535 1302,532 1358,530 1413,528 1469,526 1525,524 1580,522 1636,521 1692,519 1747,519 1803,518 1859,518 1915,519"/>
                <TextEquiv>
                    <Unicode>Worte stehen zwischen ihnen, von denen man nicht weiß,</Unicode>
                </TextEquiv>
            </TextLine>
            <TextLine id="r1l11" custom="readingOrder {index:10;}">
                <Coords points="133,567 357,575 512,556 546,575 606,544 674,561 692,542 771,561 770,520 734,512 132,529"/>
                <Baseline points="145,568 175,566 206,564 237,562 268,562 298,560 329,559 360,558 391,557 421,556 452,555 483,555 514,555 544,554 575,554 606,553 637,553 667,552 698,552 729,552 760,552"/>
                <TextEquiv>
                    <Unicode>Sonnenwanderer“ sind wie ein</Unicode>
                </TextEquiv>
            </TextLine>
            <TextLine id="r1l12" custom="readingOrder {index:11;}">
                <Coords points="787,596 1912,566 1928,520 786,560"/>
                <Baseline points="799,587 854,585 910,582 966,581 1022,579 1078,577 1134,576 1190,574 1246,572 1302,571 1358,569 1413,568 1469,566 1525,564 1581,562 1637,561 1693,559 1749,557 1805,555 1861,553 1917,550"/>
                <TextEquiv>
                    <Unicode>ob sie aus Wille und Absicht geboren sind oder erst Wille</Unicode>
                </TextEquiv>
            </TextLine>
            <TextLine id="r1l13" custom="readingOrder {index:12;}">
                <Coords points="142,632 207,600 365,616 396,599 782,595 781,559 699,546 370,562 353,580 233,564 141,578"/>
                <Baseline points="153,608 183,606 214,605 245,603 276,602 307,600 338,598 368,597 399,596 430,596 461,594 492,594 523,593 554,592 584,592 615,591 646,591 677,590 708,590 739,590 770,590"/>
                <TextEquiv>
                    <Unicode>zu fernem Horizonte wölbt, und</Unicode>
                </TextEquiv>
            </TextLine>
            <TextLine id="r1l14" custom="readingOrder {index:13;}">
                <Coords points="779,632 1459,594 1924,611 1936,554 778,590"/>
                <Baseline points="791,624 847,623 904,621 961,620 1017,618 1074,616 1131,615 1187,613 1244,611 1301,609 1358,607 1414,605 1471,603 1528,601 1584,600 1641,598 1698,597 1754,595 1811,594 1868,593 1925,591"/>
                <TextEquiv>
                    <Unicode>und Absicht erzeugen sollen. Und Gefühle zittern in der</Unicode>
                </TextEquiv>
            </TextLine>
            <TextLine id="r1l15" custom="readingOrder {index:14;}">
                <Coords points="143,654 736,639 767,636 766,595 590,594 564,617 417,599 142,616"/>
                <Baseline points="155,650 185,647 215,645 245,643 275,641 305,639 335,638 365,638 395,637 425,636 455,636 485,636 515,635 545,635 575,634 605,634 635,633 665,632 695,630 725,628 755,626"/>
                <TextEquiv>
                    <Unicode>glitzernden Sternen. Auf jeder</Unicode>
                </TextEquiv>
            </TextLine>
            <TextLine id="r1l16" custom="readingOrder {index:15;}">
                <Coords points="795,676 982,645 1929,645 1928,609 1841,591 794,631"/>
                <Baseline points="807,663 862,662 918,661 973,659 1029,658 1084,656 1140,654 1195,652 1251,650 1306,648 1362,647 1418,645 1473,643 1529,641 1584,639 1640,638 1695,637 1751,636 1806,635 1862,634 1918,634"/>
                <TextEquiv>
                    <Unicode>Komödie, unausgesprochen und farblos; man weiß nicht,</Unicode>
                </TextEquiv>
            </TextLine>
            <TextLine id="r1l17" custom="readingOrder {index:16;}">
                <Coords points="141,688 528,669 670,685 769,673 768,635 385,652 362,635 140,657"/>
                <Baseline points="153,684 183,683 213,681 243,681 273,680 304,679 334,678 364,678 394,677 424,676 455,676 485,675 515,674 545,673 575,673 606,672 636,670 666,670 696,668 726,667 757,665"/>
                <TextEquiv>
                    <Unicode>kit aus dem Dunkel der schweren</Unicode>
                </TextEquiv>
            </TextLine>
            <TextLine id="r1l18" custom="readingOrder {index:17;}">
                <Coords points="787,722 1800,688 1874,658 1805,631 785,672"/>
                <Baseline points="798,704 851,702 904,701 957,699 1010,697 1064,696 1117,693 1170,692 1223,689 1276,688 1330,686 1383,683 1436,682 1489,680 1542,678 1596,677 1649,675 1702,673 1755,672 1808,671 1862,669"/>
                <TextEquiv>
                    <Unicode>ob sie wirklich existieren oder ob sie nur Schatten sind.</Unicode>
                </TextEquiv>
            </TextLine>
            <TextLine id="r1l19" custom="readingOrder {index:18;}">
                <Coords points="148,728 426,708 450,723 754,718 774,712 773,676 146,692"/>
                <Baseline points="159,728 189,725 219,723 249,721 279,720 310,719 340,718 370,717 400,717 430,716 461,715 491,715 521,714 551,714 581,713 612,711 642,711 672,709 702,707 732,705 763,702"/>
                <TextEquiv>
                    <Unicode>„Miniaturen“ des Dichters. Und</Unicode>
                </TextEquiv>
            </TextLine>
            <TextLine id="r1l20" custom="readingOrder {index:19;}">
                <Coords points="869,739 1937,708 1935,670 1888,664 868,710"/>
                <Baseline points="881,742 933,740 985,737 1037,735 1090,733 1142,731 1194,729 1246,727 1299,726 1351,725 1403,723 1455,722 1508,721 1560,720 1612,718 1664,716 1717,714 1769,713 1821,711 1873,708 1926,705"/>
                <TextEquiv>
                    <Unicode>Aber die Szene mit dem breiten und solide tape¬</Unicode>
                </TextEquiv>
            </TextLine>
            <TextLine id="r1l21" custom="readingOrder {index:20;}">
                <Coords points="148,762 727,753 776,743 775,709 147,729"/>
                <Baseline points="159,762 189,760 219,759 249,758 280,757 310,756 340,756 371,756 401,755 431,755 462,755 492,754 522,754 552,753 583,752 613,751 643,750 674,747 704,745 734,742 765,738"/>
                <TextEquiv>
                    <Unicode>scherin Schönheit sein Künstler¬</Unicode>
                </TextEquiv>
            </TextLine>
            <TextLine id="r1l22" custom="readingOrder {index:21;}">
                <Coords points="787,771 1930,758 1935,708 786,744"/>
                <Baseline points="799,784 855,780 911,778 967,775 1024,773 1080,771 1136,769 1193,767 1249,766 1305,764 1362,763 1418,762 1474,760 1530,759 1587,757 1643,756 1699,755 1756,753 1812,751 1868,749 1925,747"/>
                <TextEquiv>
                    <Unicode>zierten Zimmer war fehl am Orte. Hier wohnen nicht diese</Unicode>
                </TextEquiv>
            </TextLine>
            <TextLine id="r1l23" custom="readingOrder {index:22;}">
                <Coords points="142,803 776,792 774,744 142,765"/>
                <Baseline points="153,799 183,798 214,797 244,797 275,796 305,796 336,795 366,795 397,795 427,794 458,794 488,793 519,792 549,792 580,791 610,789 641,788 671,786 702,785 732,782 763,780"/>
                <TextEquiv>
                    <Unicode>ler“. Des Künstlers Verhältnis</Unicode>
                </TextEquiv>
            </TextLine>
            <TextLine id="r1l24" custom="readingOrder {index:23;}">
                <Coords points="784,837 1933,802 1943,754 782,769"/>
                <Baseline points="795,821 851,818 908,816 965,814 1022,812 1079,810 1136,809 1193,807 1250,806 1307,804 1364,802 1420,801 1477,800 1534,798 1591,796 1648,795 1705,793 1762,792 1819,790 1876,788 1933,786"/>
                <TextEquiv>
                    <Unicode>Menschen, diese vom Wucher gequälten Puppen des Lebens</Unicode>
                </TextEquiv>
            </TextLine>
            <TextLine id="r1l25" custom="readingOrder {index:24;}">
                <Coords points="134,845 652,839 672,822 774,837 782,796 133,807"/>
                <Baseline points="146,838 177,837 208,835 239,834 271,834 302,833 333,833 364,832 396,832 427,832 458,832 489,831 521,831 552,831 583,830 614,830 646,829 677,827 708,827 739,825 771,823"/>
                <TextEquiv>
                    <Unicode>en aus seinem „Tagebuch“. Zwi¬</Unicode>
                </TextEquiv>
            </TextLine>
            <TextLine id="r1l26" custom="readingOrder {index:25;}">
                <Coords points="785,861 1817,840 1951,796 784,825"/>
                <Baseline points="796,859 853,857 910,855 967,853 1025,851 1082,849 1139,848 1196,847 1254,845 1311,844 1368,843 1425,841 1483,840 1540,838 1597,837 1654,835 1712,834 1769,832 1826,830 1883,829 1941,827"/>
                <TextEquiv>
                    <Unicode>und ihrer Gefühle, sondern vielleicht irgend eine Familie</Unicode>
                </TextEquiv>
            </TextLine>
            <TextLine id="r1l27" custom="readingOrder {index:26;}">
                <Coords points="155,872 277,890 488,864 774,873 774,825 154,845"/>
                <Baseline points="165,875 194,874 224,872 254,872 284,871 314,871 344,870 374,870 404,870 434,869 464,869 493,869 523,869 553,868 583,868 613,867 643,866 673,866 703,864 733,863 763,861"/>
                <TextEquiv>
                    <Unicode>Carl Hauptmann und dem form¬</Unicode>
                </TextEquiv>
            </TextLine>
            <TextLine id="r1l28" custom="readingOrder {index:27;}">
                <Coords points="795,896 1879,877 1946,857 1945,821 794,865"/>
                <Baseline points="806,895 862,894 918,892 975,891 1031,889 1088,888 1144,887 1200,885 1257,884 1313,883 1370,881 1426,880 1482,878 1539,877 1595,875 1652,874 1708,872 1764,870 1821,868 1877,866 1934,864"/>
                <TextEquiv>
                    <Unicode>Schulze, die mit altem Gerümpel handelt. Das Zimmer hätte</Unicode>
                </TextEquiv>
            </TextLine>
            <TextLine id="r1l29" custom="readingOrder {index:28;}">
                <Coords points="155,921 561,917 576,901 700,916 783,903 783,876 668,860 560,879 303,873 280,889 154,878"/>
                <Baseline points="165,914 195,913 225,912 255,911 286,911 316,911 346,910 377,910 407,910 437,910 468,909 498,909 528,908 558,908 589,907 619,906 649,905 680,903 710,902 740,899 771,897"/>
                <TextEquiv>
                    <Unicode>beiden Seiten spähend, der Philo¬</Unicode>
                </TextEquiv>
            </TextLine>
            <TextLine id="r1l30" custom="readingOrder {index:29;}">
                <Coords points="793,951 1885,916 1941,898 1940,864 791,894"/>
                <Baseline points="803,938 859,937 915,934 971,932 1028,931 1084,929 1140,928 1197,926 1253,924 1309,922 1366,921 1422,919 1478,917 1534,916 1591,914 1647,912 1703,910 1760,907 1816,905 1872,903 1929,900"/>
                <TextEquiv>
                    <Unicode>so schmal und tief sein müssen, als es unsere Bühne nur</Unicode>
                </TextEquiv>
            </TextLine>
            <TextLine id="r1l31" custom="readingOrder {index:30;}">
                <Coords points="145,958 379,964 438,938 488,957 783,946 782,901 759,899 609,917 577,900 561,916 279,909 246,925 144,908"/>
                <Baseline points="157,954 187,952 218,952 249,951 280,950 310,949 341,949 372,949 403,948 433,948 464,948 495,948 526,948 556,947 587,947 618,946 649,946 679,945 710,944 741,943 772,941"/>
                <TextEquiv>
                    <Unicode>efen Schächten erbeutet hat, fast</Unicode>
                </TextEquiv>
            </TextLine>
            <TextLine id="r1l32" custom="readingOrder {index:31;}">
                <Coords points="798,984 1896,954 1947,941 1946,896 797,951"/>
                <Baseline points="809,980 865,977 921,975 977,972 1034,969 1090,968 1146,966 1203,965 1259,963 1315,962 1372,960 1428,959 1484,957 1540,956 1597,954 1653,952 1709,950 1766,948 1822,945 1878,942 1935,938"/>
                <TextEquiv>
                    <Unicode>gestattet. Und unser Blick hätte sich in dem an das Zimmer</Unicode>
                </TextEquiv>
            </TextLine>
            <TextLine id="r1l33" custom="readingOrder {index:32;}">
                <Coords points="142,998 264,1000 279,984 314,1008 345,987 494,982 602,998 622,979 681,996 710,973 784,978 784,944 141,957"/>
                <Baseline points="154,994 186,993 219,992 251,991 284,990 316,990 349,989 382,989 414,988 447,988 479,987 512,987 544,986 577,986 610,985 642,984 675,983 707,982 740,980 773,979"/>
                <TextEquiv>
                    <Unicode>ragen, und sicher mehr, als der</Unicode>
                </TextEquiv>
            </TextLine>
            <TextLine id="r1l34" custom="readingOrder {index:33;}">
                <Coords points="796,1015 1941,997 1939,945 795,988"/>
                <Baseline points="807,1017 863,1015 919,1013 975,1012 1031,1009 1087,1008 1143,1006 1199,1004 1255,1003 1311,1001 1368,999 1424,998 1480,996 1536,994 1592,992 1648,990 1704,989 1760,987 1816,985 1872,984 1929,981"/>
                <TextEquiv>
                    <Unicode>angrenzenden Magazin verlieren müssen, wie sich nur je</Unicode>
                </TextEquiv>
            </TextLine>
            <TextLine id="r1l35" custom="readingOrder {index:34;}">
                <Coords points="148,1057 231,1039 302,1058 414,1038 536,1052 596,1021 635,1045 723,1044 792,1018 792,984 494,980 400,1000 368,985 312,1009 284,987 147,998"/>
                <Baseline points="159,1029 190,1029 221,1029 252,1029 283,1029 314,1029 345,1028 376,1028 407,1027 438,1027 470,1026 501,1025 532,1025 563,1024 594,1023 625,1022 656,1022 687,1021 718,1020 749,1019 781,1018"/>
                <TextEquiv>
                    <Unicode>sher die Zwiespältigkeit in allen</Unicode>
                </TextEquiv>
            </TextLine>
            <TextLine id="r1l36" custom="readingOrder {index:35;}">
                <Coords points="801,1065 1943,1010 1687,982 800,1016"/>
                <Baseline points="812,1056 868,1053 924,1051 980,1049 1036,1048 1092,1046 1148,1044 1204,1043 1260,1041 1316,1040 1372,1038 1428,1037 1484,1035 1540,1033 1596,1031 1652,1029 1708,1027 1764,1024 1820,1022 1876,1019 1932,1015"/>
                <TextEquiv>
                    <Unicode>ein aus lebenden Augen kommender Blick zwischen Alter¬</Unicode>
                </TextEquiv>
            </TextLine>
            <TextLine id="r1l37" custom="readingOrder {index:36;}">
                <Coords points="795,1097 1926,1072 1945,1024 794,1059"/>
                <Baseline points="805,1092 861,1091 918,1090 974,1089 1031,1088 1087,1087 1144,1085 1200,1083 1257,1082 1313,1080 1370,1078 1426,1077 1483,1075 1539,1073 1596,1071 1652,1069 1709,1067 1765,1065 1822,1063 1878,1062 1935,1059"/>
                <TextEquiv>
                    <Unicode>tümern verloren hat. Dann hätte die Darstellung einen in</Unicode>
                </TextEquiv>
            </TextLine>
            <TextLine id="r1l38" custom="readingOrder {index:37;}">
                <Coords points="148,1118 274,1098 330,1113 786,1101 785,1056 742,1044 645,1063 620,1045 431,1060 390,1042 318,1064 214,1047 181,1063 147,1044"/>
                <Baseline points="158,1109 188,1107 219,1105 250,1104 281,1103 312,1102 343,1102 373,1102 404,1102 435,1102 466,1102 497,1102 528,1102 559,1101 589,1101 620,1101 651,1100 682,1099 713,1097 744,1095 775,1093"/>
                <TextEquiv>
                    <Unicode>och als die anderen Dichtungsarten</Unicode>
                </TextEquiv>
            </TextLine>
            <TextLine id="r1l39" custom="readingOrder {index:38;}">
                <Coords points="793,1134 1947,1107 1909,1066 1756,1059 792,1098"/>
                <Baseline points="805,1133 861,1132 918,1131 974,1129 1031,1128 1087,1126 1144,1124 1200,1123 1257,1121 1313,1119 1370,1117 1426,1115 1483,1113 1539,1111 1596,1110 1652,1108 1709,1106 1765,1104 1822,1103 1878,1101 1935,1100"/>
                <TextEquiv>
                    <Unicode>jedem Sinne wirksamen Hinter= und Untergrund gehabt.</Unicode>
                </TextEquiv>
            </TextLine>
            <TextLine id="r1l40" custom="readingOrder {index:39;}">
                <Coords points="147,1167 321,1139 790,1149 789,1104 737,1098 147,1115"/>
                <Baseline points="159,1147 191,1148 224,1148 256,1148 289,1148 321,1148 354,1147 387,1147 419,1147 452,1146 484,1146 517,1145 549,1145 582,1144 615,1143 647,1142 680,1140 712,1139 745,1137 778,1136"/>
                <TextEquiv>
                    <Unicode>perhaftet, ergibt sich dem Dichter</Unicode>
                </TextEquiv>
            </TextLine>
            <TextLine id="r1l41" custom="readingOrder {index:40;}">
                <Coords points="795,1180 1946,1132 1923,1099 794,1135"/>
                <Baseline points="807,1171 863,1169 919,1168 976,1167 1032,1165 1089,1163 1145,1162 1202,1160 1258,1158 1315,1157 1371,1155 1427,1153 1484,1151 1540,1150 1597,1148 1653,1146 1710,1144 1766,1142 1823,1141 1879,1139 1936,1138"/>
                <TextEquiv>
                    <Unicode>Wie hätte da der Antiquar des Herrn Kolmar gewirkt!</Unicode>
                </TextEquiv>
            </TextLine>
            <TextLine id="r1l42" custom="readingOrder {index:41;}">
                <Coords points="161,1182 317,1193 562,1170 659,1191 691,1172 790,1186 789,1143 760,1137 161,1153"/>
                <Baseline points="173,1186 203,1186 233,1186 263,1186 294,1186 324,1186 354,1185 385,1185 415,1184 445,1183 476,1182 506,1181 536,1181 566,1180 597,1179 627,1179 657,1178 688,1177 718,1177 748,1176 779,1176"/>
                <TextEquiv>
                    <Unicode>Hier ist darum auch sein frucht¬</Unicode>
                </TextEquiv>
            </TextLine>
            <TextLine id="r1l43" custom="readingOrder {index:42;}">
                <Coords points="798,1228 1829,1196 1955,1184 1956,1145 796,1181"/>
                <Baseline points="809,1209 865,1208 922,1207 979,1206 1036,1205 1093,1203 1150,1202 1206,1201 1263,1199 1320,1197 1377,1196 1434,1194 1491,1193 1548,1191 1604,1189 1661,1187 1718,1185 1775,1183 1832,1181 1889,1178 1946,1176"/>
                <TextEquiv>
                    <Unicode>Viel niederländischer gewissermaßen! So aber stand man</Unicode>
                </TextEquiv>
            </TextLine>
            <TextLine id="r1l44" custom="readingOrder {index:43;}">
                <Coords points="161,1218 317,1233 673,1207 795,1225 794,1185 765,1176 161,1182"/>
                <Baseline points="173,1225 203,1225 234,1225 264,1225 295,1224 325,1224 356,1224 386,1223 417,1223 447,1222 478,1221 508,1221 539,1220 569,1219 600,1218 630,1218 661,1216 691,1216 722,1215 752,1213 783,1212"/>
                <TextEquiv>
                    <Unicode>am schmerzlichsten fühlbar. Seine</Unicode>
                </TextEquiv>
            </TextLine>
            <TextLine id="r1l45" custom="readingOrder {index:44;}">
                <Coords points="800,1264 1924,1226 1956,1178 798,1210"/>
                <Baseline points="811,1249 867,1248 924,1247 981,1245 1037,1244 1094,1243 1151,1242 1207,1241 1264,1239 1321,1237 1378,1236 1434,1234 1491,1233 1548,1230 1604,1229 1661,1226 1718,1225 1774,1222 1831,1220 1888,1217 1945,1215"/>
                <TextEquiv>
                    <Unicode>nur vor einer oft hakenden, immer geschickten, aber nicht</Unicode>
                </TextEquiv>
            </TextLine>
            <TextLine id="r1l46" custom="readingOrder {index:45;}">
                <Coords points="144,1275 346,1260 405,1274 445,1253 793,1264 792,1221 670,1208 143,1235"/>
                <Baseline points="155,1265 186,1265 217,1264 249,1264 280,1263 311,1263 343,1262 374,1262 405,1261 437,1261 468,1260 499,1259 531,1258 562,1258 593,1257 625,1256 656,1256 687,1255 719,1254 750,1253 782,1252"/>
                <TextEquiv>
                    <Unicode>zu dramatischer Körperlichkeit; sie</Unicode>
                </TextEquiv>
            </TextLine>
            <TextLine id="r1l47" custom="readingOrder {index:46;}">
                <Coords points="807,1290 1947,1257 1933,1217 806,1251"/>
                <Baseline points="819,1287 874,1286 930,1284 986,1283 1042,1282 1098,1281 1153,1280 1209,1279 1265,1278 1321,1277 1377,1276 1432,1275 1488,1273 1544,1272 1600,1270 1656,1267 1711,1265 1767,1262 1823,1259 1879,1255 1935,1251"/>
                <TextEquiv>
                    <Unicode>immer ihrer selbst sicheren Leistung. Das Intermezzo des</Unicode>
                </TextEquiv>
            </TextLine>
            <TextLine id="r1l48" custom="readingOrder {index:47;}">
                <Coords points="146,1309 797,1287 796,1255 733,1250 145,1275"/>
                <Baseline points="156,1301 187,1301 219,1301 250,1301 282,1300 313,1300 345,1300 376,1299 408,1298 439,1298 471,1297 502,1296 534,1296 565,1295 597,1294 628,1293 660,1292 691,1292 723,1291 754,1290 786,1290"/>
                <TextEquiv>
                    <Unicode>sief. Zwischen den Menschen aber</Unicode>
                </TextEquiv>
            </TextLine>
            <TextLine id="r1l49" custom="readingOrder {index:48;}">
                <Coords points="799,1337 1952,1287 1935,1249 798,1295"/>
                <Baseline points="809,1324 865,1323 922,1323 978,1322 1035,1321 1092,1320 1148,1319 1205,1318 1261,1317 1318,1316 1375,1314 1431,1313 1488,1311 1544,1310 1601,1307 1658,1305 1714,1303 1771,1301 1827,1297 1884,1294 1941,1291"/>
                <TextEquiv>
                    <Unicode>Gebetes, neben der Schülerepisode die feinste dichterische Er¬</Unicode>
                </TextEquiv>
            </TextLine>
            <TextLine id="r1l50" custom="readingOrder {index:49;}">
                <Coords points="152,1351 309,1329 339,1354 366,1337 794,1331 793,1291 698,1286 151,1308"/>
                <Baseline points="162,1342 193,1341 224,1341 255,1341 286,1340 317,1339 348,1339 379,1338 410,1338 441,1337 472,1337 503,1336 534,1335 565,1334 596,1333 627,1332 658,1331 689,1330 720,1329 751,1328 783,1327"/>
                <TextEquiv>
                    <Unicode>berndes Fragen nach dem Woher</Unicode>
                </TextEquiv>
            </TextLine>
            <TextLine id="r1l51" custom="readingOrder {index:50;}">
                <Coords points="813,1369 1931,1342 1943,1295 812,1328"/>
                <Baseline points="825,1363 880,1362 935,1361 991,1360 1046,1359 1102,1358 1157,1358 1212,1357 1268,1356 1323,1355 1379,1353 1434,1352 1489,1350 1545,1348 1600,1347 1656,1344 1711,1342 1766,1340 1822,1336 1877,1333 1933,1330"/>
                <TextEquiv>
                    <Unicode>findung im Stücke, war von einer peinlichen Unbeherrschtheit.</Unicode>
                </TextEquiv>
            </TextLine>
            <TextLine id="r1l52" custom="readingOrder {index:51;}">
                <Coords points="149,1404 791,1375 790,1332 659,1325 148,1350"/>
                <Baseline points="159,1380 190,1379 221,1377 252,1377 283,1376 314,1375 345,1375 376,1374 407,1374 438,1374 469,1374 500,1373 531,1373 562,1373 593,1372 624,1372 655,1371 686,1370 717,1368 748,1367 779,1365"/>
                <TextEquiv>
                    <Unicode>Bau des Dramas als tragisches</Unicode>
                </TextEquiv>
            </TextLine>
            <TextLine id="r1l53" custom="readingOrder {index:52;}">
                <Coords points="803,1410 1632,1411 1956,1376 1887,1337 801,1365"/>
                <Baseline points="813,1403 869,1402 926,1401 982,1399 1039,1398 1096,1397 1152,1395 1209,1394 1265,1392 1322,1391 1379,1390 1435,1388 1492,1387 1548,1386 1605,1384 1662,1383 1718,1382 1775,1380 1831,1379 1888,1378 1945,1376"/>
                <TextEquiv>
                    <Unicode>Das triviale gelle Murmeln schwang in der Darstellung</Unicode>
                </TextEquiv>
            </TextLine>
            <TextLine id="r1l54" custom="readingOrder {index:53;}">
                <Coords points="799,1445 813,1444 822,1453 840,1448 877,1463 914,1435 976,1455 1007,1436 1025,1436 1024,1404 1001,1409 974,1401 954,1409 902,1401 891,1410 855,1402 839,1412 798,1411"/>
                <Baseline points="811,1441 836,1442 861,1442 887,1441 912,1441 937,1440 963,1439 988,1437 1014,1436"/>
                <TextEquiv>
                    <Unicode>nicht mit.</Unicode>
                </TextEquiv>
            </TextLine>
            <TextLine id="r1l55" custom="readingOrder {index:54;}">
                <Coords points="147,1473 397,1461 425,1442 455,1464 563,1441 597,1463 671,1445 798,1459 796,1401 436,1417 372,1394 348,1415 251,1422 205,1397 145,1421"/>
                <Baseline points="157,1460 188,1459 220,1457 251,1456 283,1455 314,1455 346,1453 377,1452 409,1451 440,1450 472,1450 503,1449 535,1448 566,1447 598,1446 629,1445 661,1445 692,1444 724,1444 755,1443 787,1442"/>
                <TextEquiv>
                    <Unicode>Schauspielen“ denen auch „Der</Unicode>
                </TextEquiv>
            </TextLine>
            <TextLine id="r1l56" custom="readingOrder {index:55;}">
                <Coords points="887,1484 1820,1472 1937,1455 1936,1410 886,1448"/>
                <Baseline points="898,1477 949,1477 1000,1476 1052,1476 1103,1475 1155,1474 1206,1473 1257,1472 1309,1471 1360,1469 1412,1468 1463,1466 1514,1465 1566,1463 1617,1462 1669,1460 1720,1459 1771,1457 1823,1456 1874,1455 1926,1453"/>
                <TextEquiv>
                    <Unicode>Die Sarah des Frl. Orska war merkwürdig ge¬</Unicode>
                </TextEquiv>
            </TextLine>
            <TextLine id="r1l57" custom="readingOrder {index:56;}">
                <Coords points="143,1502 211,1514 260,1497 299,1516 325,1495 546,1489 578,1506 710,1475 799,1491 798,1448 597,1463 563,1441 455,1466 432,1449 142,1473"/>
                <Baseline points="155,1503 186,1501 218,1499 249,1497 281,1496 313,1495 344,1494 376,1494 407,1493 439,1493 471,1492 502,1492 534,1491 565,1491 597,1490 629,1489 660,1488 692,1487 723,1484 755,1482 787,1480"/>
                <TextEquiv>
                    <Unicode>ig zu verspüren. Wenig, aber im¬</Unicode>
                </TextEquiv>
            </TextLine>
            <TextLine id="r1l58" custom="readingOrder {index:57;}">
                <Coords points="811,1528 1467,1527 1906,1501 1950,1466 810,1490"/>
                <Baseline points="822,1522 877,1521 933,1519 989,1518 1045,1518 1101,1517 1157,1516 1213,1515 1269,1515 1325,1514 1381,1513 1436,1511 1492,1510 1548,1508 1604,1506 1660,1504 1716,1500 1772,1497 1828,1493 1884,1489 1940,1484"/>
                <TextEquiv>
                    <Unicode>wandt gespielt; einige Töne ließen ein kapriziös schil¬</Unicode>
                </TextEquiv>
            </TextLine>
            <TextLine id="r1l59" custom="readingOrder {index:58;}">
                <Coords points="141,1541 463,1539 501,1518 675,1534 711,1517 792,1538 800,1490 712,1476 577,1507 466,1487 325,1495 294,1517 259,1497 140,1505"/>
                <Baseline points="151,1536 182,1536 214,1536 246,1535 278,1535 310,1535 342,1534 374,1534 406,1533 438,1532 470,1532 501,1530 533,1530 565,1529 597,1528 629,1527 661,1525 693,1524 725,1523 757,1521 789,1519"/>
                <TextEquiv>
                    <Unicode>keu im „Antiquar“ ist erfüllt von</Unicode>
                </TextEquiv>
            </TextLine>
            <TextLine id="r1l60" custom="readingOrder {index:59;}">
                <Coords points="804,1563 1863,1544 1950,1524 1950,1494 803,1530"/>
                <Baseline points="816,1564 872,1562 928,1560 984,1559 1040,1557 1096,1556 1152,1555 1209,1554 1265,1553 1321,1552 1377,1551 1433,1550 1489,1549 1545,1547 1602,1546 1658,1544 1714,1541 1770,1539 1826,1536 1882,1532 1939,1528"/>
                <TextEquiv>
                    <Unicode>lerndes Talent vermuten. Von einer glaubhaften Ver¬</Unicode>
                </TextEquiv>
            </TextLine>
            <TextLine id="r1l61" custom="readingOrder {index:60;}">
                <Coords points="146,1583 801,1563 800,1527 714,1518 145,1543"/>
                <Baseline points="157,1576 188,1576 220,1576 251,1575 283,1575 315,1575 346,1574 378,1574 409,1573 441,1572 473,1571 504,1570 536,1569 567,1568 599,1567 631,1565 662,1565 694,1563 725,1562 757,1560 789,1559"/>
                <TextEquiv>
                    <Unicode>ter Hebräer hat zwischen staubigen</Unicode>
                </TextEquiv>
            </TextLine>
            <TextLine id="r1l62" custom="readingOrder {index:61;}">
                <Coords points="808,1601 1962,1586 1960,1534 1919,1526 807,1568"/>
                <Baseline points="819,1601 875,1600 932,1599 988,1598 1045,1596 1101,1595 1158,1594 1214,1593 1271,1592 1327,1591 1384,1589 1440,1588 1497,1587 1553,1585 1610,1583 1666,1582 1723,1579 1779,1577 1836,1574 1892,1571 1949,1567"/>
                <TextEquiv>
                    <Unicode>körperung der Rolle kann keine Rede sein; doch schreibe ich</Unicode>
                </TextEquiv>
            </TextLine>
            <TextLine id="r1l63" custom="readingOrder {index:62;}">
                <Coords points="147,1623 392,1606 417,1626 482,1608 512,1623 538,1599 794,1609 792,1564 774,1563 146,1583"/>
                <Baseline points="157,1615 188,1615 219,1616 250,1616 281,1616 313,1616 344,1615 375,1614 406,1614 437,1613 469,1611 500,1610 531,1609 562,1607 593,1606 625,1604 656,1603 687,1601 718,1600 749,1599 781,1598"/>
                <TextEquiv>
                    <Unicode>fein funkelnd junges Weib Sarah</Unicode>
                </TextEquiv>
            </TextLine>
            <TextLine id="r1l64" custom="readingOrder {index:63;}">
                <Coords points="806,1642 1813,1631 1959,1584 805,1602"/>
                <Baseline points="817,1639 873,1638 930,1637 986,1636 1043,1635 1100,1634 1156,1633 1213,1632 1269,1632 1326,1630 1383,1629 1439,1628 1496,1626 1552,1625 1609,1623 1666,1621 1722,1619 1779,1615 1835,1612 1892,1609 1949,1605"/>
                <TextEquiv>
                    <Unicode>das, obwohl die Darstellerin durch ihr schlechtes Sprechen</Unicode>
                </TextEquiv>
            </TextLine>
            <TextLine id="r1l65" custom="readingOrder {index:64;}">
                <Coords points="135,1660 800,1646 798,1603 133,1610"/>
                <Baseline points="147,1655 179,1654 211,1654 243,1653 275,1653 307,1652 339,1652 371,1651 403,1650 435,1649 468,1648 500,1647 532,1646 564,1645 596,1643 628,1642 660,1641 692,1639 724,1638 756,1637 789,1635"/>
                <TextEquiv>
                    <Unicode>t!) und dazu und trotzdem einen</Unicode>
                </TextEquiv>
            </TextLine>
            <TextLine id="r1l66" custom="readingOrder {index:65;}">
                <Coords points="809,1688 1952,1652 1950,1607 808,1645"/>
                <Baseline points="821,1678 877,1677 933,1675 989,1674 1045,1673 1101,1672 1157,1671 1213,1670 1269,1669 1325,1668 1381,1667 1437,1665 1493,1664 1549,1663 1605,1661 1661,1659 1717,1657 1773,1655 1829,1652 1885,1650 1941,1646"/>
                <TextEquiv>
                    <Unicode>sich und dem Dichter viel verdarb, zum größeren Teile</Unicode>
                </TextEquiv>
            </TextLine>
            <TextLine id="r1l67" custom="readingOrder {index:66;}">
                <Coords points="141,1698 795,1688 794,1643 140,1656"/>
                <Baseline points="153,1692 184,1692 216,1691 247,1690 279,1689 310,1689 342,1688 373,1687 405,1686 436,1685 468,1684 499,1683 531,1683 562,1682 594,1681 625,1680 657,1679 688,1679 720,1678 751,1677 783,1676"/>
                <TextEquiv>
                    <Unicode>uel ins Haus genommen (nicht bloß</Unicode>
                </TextEquiv>
            </TextLine>
            <TextLine id="r1l68" custom="readingOrder {index:67;}">
                <Coords points="811,1715 1803,1709 1949,1690 1948,1652 810,1686"/>
                <Baseline points="822,1717 877,1715 933,1714 989,1713 1045,1712 1101,1711 1156,1710 1212,1709 1268,1708 1324,1707 1380,1705 1435,1704 1491,1703 1547,1701 1603,1700 1659,1698 1714,1695 1770,1693 1826,1691 1882,1688 1938,1685"/>
                <TextEquiv>
                    <Unicode>dem letzteren zu. Die Rolle ist kaum ganz glaubhaft zu</Unicode>
                </TextEquiv>
            </TextLine>
            <TextLine id="r1l69" custom="readingOrder {index:68;}">
                <Coords points="152,1750 268,1722 294,1738 798,1725 797,1687 711,1678 615,1698 599,1683 151,1698"/>
                <Baseline points="162,1733 193,1732 224,1731 255,1730 287,1729 318,1728 349,1728 380,1727 412,1726 443,1725 474,1724 505,1723 537,1722 568,1722 599,1721 630,1720 662,1720 693,1719 724,1719 755,1718 787,1718"/>
                <TextEquiv>
                    <Unicode>hins Haus). Da findet sich jung</Unicode>
                </TextEquiv>
            </TextLine>
            <TextLine id="r1l70" custom="readingOrder {index:69;}">
                <Coords points="810,1762 1961,1717 1960,1681 809,1713"/>
                <Baseline points="820,1756 876,1754 932,1752 989,1751 1045,1749 1102,1748 1158,1747 1215,1745 1271,1744 1328,1743 1384,1742 1440,1741 1497,1740 1553,1738 1610,1737 1666,1735 1723,1733 1779,1731 1836,1728 1892,1726 1949,1723"/>
                <TextEquiv>
                    <Unicode>machen. Zwei Rollen aber enthält das Stück, die außer¬</Unicode>
                </TextEquiv>
            </TextLine>
            <TextLine id="r1l71" custom="readingOrder {index:70;}">
                <Coords points="146,1789 245,1767 301,1782 542,1758 799,1767 798,1724 744,1718 145,1740"/>
                <Baseline points="157,1770 188,1768 220,1767 251,1766 283,1765 314,1764 346,1764 377,1764 409,1763 440,1763 472,1763 503,1763 535,1762 566,1762 598,1762 629,1761 661,1760 692,1759 724,1758 755,1756 787,1755"/>
                <TextEquiv>
                    <Unicode>von Sinnenlust, die in höhnischen</Unicode>
                </TextEquiv>
            </TextLine>
            <TextLine id="r1l72" custom="readingOrder {index:71;}">
                <Coords points="810,1806 1955,1772 1931,1725 809,1755"/>
                <Baseline points="822,1795 878,1792 934,1790 990,1789 1046,1787 1102,1786 1158,1784 1214,1784 1270,1783 1326,1782 1382,1781 1438,1780 1494,1779 1550,1777 1606,1776 1662,1774 1718,1773 1774,1771 1830,1768 1886,1766 1942,1762"/>
                <TextEquiv>
                    <Unicode>ordentlich dankbar sind; die des Schülers und des Kom¬</Unicode>
                </TextEquiv>
            </TextLine>
            <TextLine id="r1l73" custom="readingOrder {index:72;}">
                <Coords points="158,1808 278,1823 381,1804 456,1822 528,1795 718,1816 803,1798 802,1762 362,1768 315,1790 247,1767 157,1777"/>
                <Baseline points="169,1813 200,1811 231,1810 262,1809 293,1808 324,1807 355,1805 387,1804 418,1803 449,1802 480,1801 511,1800 542,1799 573,1798 605,1798 636,1797 667,1796 698,1796 729,1795 760,1795 792,1794"/>
                <TextEquiv>
                    <Unicode>und in geberischen Launen gegen</Unicode>
                </TextEquiv>
            </TextLine>
            <TextLine id="r1l74" custom="readingOrder {index:73;}">
                <Coords points="813,1834 1893,1821 1966,1794 1965,1749 812,1796"/>
                <Baseline points="825,1832 881,1831 938,1829 994,1828 1051,1827 1107,1826 1164,1825 1220,1824 1277,1822 1333,1821 1390,1819 1447,1818 1503,1816 1560,1815 1616,1813 1673,1811 1729,1810 1786,1808 1842,1805 1899,1803 1956,1801"/>
                <TextEquiv>
                    <Unicode>mis. Herr Fischer war als Schüler von dankenswerter</Unicode>
                </TextEquiv>
            </TextLine>
            <TextLine id="r1l75" custom="readingOrder {index:74;}">
                <Coords points="143,1843 180,1858 804,1845 803,1798 717,1816 528,1795 142,1809"/>
                <Baseline points="155,1849 186,1849 218,1848 250,1847 282,1846 314,1846 346,1845 378,1844 410,1844 442,1843 474,1842 505,1842 537,1841 569,1840 601,1839 633,1838 665,1838 697,1837 729,1835 761,1835 793,1833"/>
                <TextEquiv>
                    <Unicode>Allein es sind nur Launen, die</Unicode>
                </TextEquiv>
            </TextLine>
            <TextLine id="r1l76" custom="readingOrder {index:75;}">
                <Coords points="813,1875 1969,1858 1968,1793 812,1835"/>
                <Baseline points="824,1870 880,1868 937,1866 993,1865 1050,1863 1107,1862 1163,1862 1220,1861 1277,1860 1333,1860 1390,1859 1447,1858 1503,1857 1560,1856 1617,1855 1673,1853 1730,1851 1787,1848 1843,1845 1900,1841 1957,1838"/>
                <TextEquiv>
                    <Unicode>Schlichtheit. Dagegen zeigte der Samuel des Herrn Rot¬</Unicode>
                </TextEquiv>
            </TextLine>
            <TextLine id="r1l77" custom="readingOrder {index:76;}">
                <Coords points="142,1904 816,1878 815,1840 179,1858 140,1838"/>
                <Baseline points="154,1888 186,1886 218,1885 251,1883 283,1882 316,1881 348,1880 381,1879 413,1879 446,1878 478,1877 510,1877 543,1876 575,1875 608,1875 640,1874 673,1873 705,1873 738,1872 770,1870 803,1869"/>
                <TextEquiv>
                    <Unicode>haften. Das nimmt der Komödie von</Unicode>
                </TextEquiv>
            </TextLine>
            <TextLine id="r1l78" custom="readingOrder {index:77;}">
                <Coords points="808,1908 1966,1878 1927,1843 807,1874"/>
                <Baseline points="820,1910 876,1908 933,1906 990,1905 1046,1904 1103,1903 1160,1902 1216,1901 1273,1900 1330,1899 1387,1898 1443,1897 1500,1896 1557,1895 1613,1893 1670,1891 1727,1889 1783,1887 1840,1884 1897,1881 1954,1878"/>
                <TextEquiv>
                    <Unicode>mund einen ganz erheblichen Mangel an scharfer Kon¬</Unicode>
                </TextEquiv>
            </TextLine>
            <TextLine id="r1l79" custom="readingOrder {index:78;}">
                <Coords points="189,1923 816,1915 815,1876 722,1869 229,1887 189,1905"/>
                <Baseline points="200,1923 230,1923 260,1922 290,1922 321,1921 351,1921 381,1921 411,1920 442,1920 472,1919 502,1918 532,1918 563,1917 593,1917 623,1916 653,1915 684,1914 714,1913 744,1912 774,1911 805,1910"/>
                <TextEquiv>
                    <Unicode>Schwere. Da aber gerade die</Unicode>
                </TextEquiv>
            </TextLine>
            <TextLine id="r1l80" custom="readingOrder {index:79;}">
                <Coords points="816,1948 1645,1963 1751,1927 1963,1941 1962,1882 815,1917"/>
                <Baseline points="828,1948 884,1947 940,1946 996,1945 1052,1944 1109,1943 1165,1941 1221,1940 1277,1939 1333,1937 1390,1936 1446,1935 1502,1934 1558,1933 1614,1932 1671,1931 1727,1930 1783,1930 1839,1930 1895,1930 1952,1930"/>
                <TextEquiv>
                    <Unicode>turierung. Der Darsteller brachte die Rolle, die nicht</Unicode>
                </TextEquiv>
            </TextLine>
            <TextLine id="r1l81" custom="readingOrder {index:80;}">
                <Coords points="179,1966 648,1951 797,1965 826,1955 825,1910 178,1927"/>
                <Baseline points="191,1964 222,1964 253,1964 284,1963 315,1963 346,1962 377,1961 409,1960 440,1959 471,1958 502,1957 533,1956 564,1955 595,1954 627,1953 658,1952 689,1952 720,1951 751,1951 782,1950 814,1950"/>
                <TextEquiv>
                    <Unicode>Schwere spricht, so ergibt sich</Unicode>
                </TextEquiv>
            </TextLine>
            <TextLine id="r1l82" custom="readingOrder {index:81;}">
                <Coords points="811,1990 881,2007 930,1985 1178,1994 1286,1971 1329,1989 1385,1967 1385,1938 810,1954"/>
                <Baseline points="822,1985 849,1985 877,1985 904,1984 932,1984 960,1984 987,1983 1015,1983 1043,1982 1070,1982 1098,1981 1126,1980 1153,1980 1181,1979 1209,1979 1236,1978 1264,1977 1292,1977 1319,1976 1347,1975 1375,1974"/>
                <TextEquiv>
                    <Unicode>umzubringen ist, nahezu um.</Unicode>
                </TextEquiv>
            </TextLine>
            <TextLine id="r1l83" custom="readingOrder {index:82;}">
                <Coords points="162,2015 340,2009 355,1993 804,1998 802,1958 777,1952 160,1972"/>
                <Baseline points="172,2007 203,2006 234,2005 265,2004 296,2002 327,2001 358,2000 389,1998 420,1998 451,1996 482,1995 513,1994 544,1993 575,1992 606,1991 637,1990 668,1989 699,1989 730,1989 761,1988 792,1988"/>
                <TextEquiv>
                    <Unicode>s zwischen künstlerischem Aufwand</Unicode>
                </TextEquiv>
            </TextLine>
            <TextLine id="r1l84" custom="readingOrder {index:83;}">
                <Coords points="887,2037 1796,1999 1849,2025 1954,2008 1953,1959 885,1994"/>
                <Baseline points="897,2026 949,2025 1001,2023 1053,2022 1106,2021 1158,2019 1210,2018 1263,2017 1315,2016 1367,2014 1420,2013 1472,2011 1524,2010 1576,2009 1629,2007 1681,2006 1733,2004 1786,2003 1838,2001 1890,1999 1943,1997"/>
                <TextEquiv>
                    <Unicode>Kein Wunder, daß diese Aufführung dieses Stückes</Unicode>
                </TextEquiv>
            </TextLine>
            <TextLine id="r1l85" custom="readingOrder {index:84;}">
                <Coords points="145,2049 683,2042 739,2024 812,2046 810,1994 357,1994 143,2016"/>
                <Baseline points="155,2051 187,2049 219,2046 251,2045 284,2043 316,2041 348,2039 380,2038 413,2037 445,2036 477,2035 509,2034 542,2033 574,2032 606,2032 638,2031 671,2030 703,2029 735,2028 767,2027 800,2026"/>
                <TextEquiv>
                    <Unicode>g. Dieses junge Weib schlottert im</Unicode>
                </TextEquiv>
            </TextLine>
            <TextLine id="r1l86" custom="readingOrder {index:85;}">
                <Coords points="815,2070 1960,2048 1959,2005 1796,2000 814,2014"/>
                <Baseline points="827,2064 883,2064 939,2064 995,2063 1051,2063 1107,2062 1163,2061 1219,2060 1275,2059 1331,2058 1387,2057 1443,2055 1499,2054 1555,2053 1611,2051 1667,2050 1723,2048 1779,2046 1835,2045 1891,2043 1948,2041"/>
                <TextEquiv>
                    <Unicode>ein Fehlschlag sein mußte; das Publikum blieb kühr bis</Unicode>
                </TextEquiv>
            </TextLine>
            <TextLine id="r1l87" custom="readingOrder {index:86;}">
                <Coords points="153,2085 806,2063 805,2034 735,2029 152,2054"/>
                <Baseline points="165,2084 196,2083 228,2082 259,2081 291,2079 322,2079 354,2078 385,2077 417,2076 448,2075 480,2074 511,2073 543,2072 574,2071 606,2071 637,2070 669,2068 700,2067 732,2066 763,2065 795,2064"/>
                <TextEquiv>
                    <Unicode>der Samuel, der „mutige“ Kom¬</Unicode>
                </TextEquiv>
            </TextLine>
            <TextLine id="r1l88" custom="readingOrder {index:87;}">
                <Coords points="822,2109 1933,2092 1961,2041 821,2075"/>
                <Baseline points="834,2106 889,2104 945,2102 1001,2101 1057,2099 1113,2098 1168,2097 1224,2097 1280,2096 1336,2095 1392,2095 1447,2094 1503,2093 1559,2092 1615,2091 1671,2090 1726,2088 1782,2086 1838,2084 1894,2081 1950,2078"/>
                <TextEquiv>
                    <Unicode>ans Herz hinan. Der Dichter, der an der Mannheimer</Unicode>
                </TextEquiv>
            </TextLine>
            <TextLine id="r1l89" custom="readingOrder {index:88;}">
                <Coords points="149,2124 795,2117 813,2114 812,2074 672,2057 652,2078 253,2074 148,2095"/>
                <Baseline points="159,2122 191,2121 223,2120 255,2119 287,2117 319,2117 351,2116 383,2115 415,2114 447,2113 480,2113 512,2112 544,2112 576,2111 608,2110 640,2109 672,2109 704,2108 736,2107 768,2105 801,2104"/>
                <TextEquiv>
                    <Unicode>mit Worten und Gesten mystischen</Unicode>
                </TextEquiv>
            </TextLine>
            <TextLine id="r1l90" custom="readingOrder {index:89;}">
                <Coords points="819,2146 1970,2109 1868,2080 818,2110"/>
                <Baseline points="830,2147 886,2144 942,2142 999,2141 1055,2139 1112,2138 1168,2137 1224,2136 1281,2135 1337,2135 1394,2134 1450,2133 1506,2132 1563,2131 1619,2130 1676,2128 1732,2126 1788,2124 1845,2122 1901,2119 1958,2116"/>
                <TextEquiv>
                    <Unicode>Aufführung Anteil, an der gleichzeitigen Kölner Auffüh¬</Unicode>
                </TextEquiv>
            </TextLine>
            <TextLine id="r1l91" custom="readingOrder {index:90;}">
                <Coords points="153,2165 808,2153 812,2112 152,2127"/>
                <Baseline points="163,2161 196,2160 230,2159 263,2158 297,2157 331,2156 364,2156 398,2155 432,2154 465,2153 499,2152 532,2151 566,2150 600,2150 633,2149 667,2148 701,2147 734,2146 768,2145 802,2144"/>
                <TextEquiv>
                    <Unicode> nun der Alte, nichts wissend und</Unicode>
                </TextEquiv>
            </TextLine>
            <TextLine id="r1l92" custom="readingOrder {index:91;}">
                <Coords points="822,2185 1931,2169 1966,2109 821,2147"/>
                <Baseline points="834,2188 890,2185 946,2183 1002,2181 1058,2179 1114,2178 1170,2177 1226,2176 1282,2175 1338,2174 1395,2174 1451,2173 1507,2172 1563,2171 1619,2170 1675,2168 1731,2167 1787,2164 1843,2161 1899,2158 1956,2154"/>
                <TextEquiv>
                    <Unicode>rung der „Panspiele“ wirklich teilnahm, hat durch diesen</Unicode>
                </TextEquiv>
            </TextLine>
            <TextLine id="r1l93" custom="readingOrder {index:92;}">
                <Coords points="145,2206 816,2186 815,2150 727,2143 144,2167"/>
                <Baseline points="155,2199 187,2199 220,2198 252,2198 285,2197 317,2196 350,2195 382,2194 415,2194 447,2193 480,2192 512,2191 545,2190 577,2189 610,2188 642,2187 675,2187 707,2186 740,2185 772,2184 805,2183"/>
                <TextEquiv>
                    <Unicode>nen wird zum Drohen und dieses</Unicode>
                </TextEquiv>
            </TextLine>
            <TextLine id="r1l94" custom="readingOrder {index:93;}">
                <Coords points="1674,2210 1719,2199 1756,2218 1813,2198 1850,2219 1872,2200 1906,2210 1967,2191 1965,2162 1929,2168 1909,2160 1878,2172 1855,2158 1803,2175 1776,2163 1713,2173 1701,2162 1672,2167"/>
                <Baseline points="1685,2203 1712,2204 1739,2204 1766,2204 1793,2203 1820,2201 1847,2199 1874,2198 1901,2196 1928,2195 1955,2195"/>
                <TextEquiv>
                    <Unicode>? Ich glaube</Unicode>
                </TextEquiv>
            </TextLine>
            <TextLine id="r1l95" custom="readingOrder {index:94;}">
                <Coords points="820,2235 1609,2214 1622,2175 819,2185"/>
                <Baseline points="831,2221 870,2221 909,2220 948,2220 987,2219 1026,2218 1065,2217 1104,2217 1143,2216 1182,2215 1221,2214 1260,2213 1299,2212 1338,2211 1377,2210 1416,2209 1455,2208 1494,2208 1533,2207 1572,2207 1611,2207"/>
                <TextEquiv>
                    <Unicode>Abend nichts gewonnen. Ob in Köln.</Unicode>
                </TextEquiv>
            </TextLine>
            <TextLine id="r1l96" custom="readingOrder {index:95;}">
                <Coords points="158,2244 791,2237 814,2232 813,2187 157,2206"/>
                <Baseline points="169,2237 200,2236 232,2235 263,2234 295,2233 327,2232 358,2232 390,2232 421,2231 453,2231 485,2230 516,2230 548,2230 579,2229 611,2228 643,2228 674,2227 706,2225 737,2223 769,2221 801,2219"/>
                <TextEquiv>
                    <Unicode> Geste: Mit dem Dolch in der</Unicode>
                </TextEquiv>
            </TextLine>
            <TextLine id="r1l97" custom="readingOrder {index:96;}">
                <Coords points="819,2281 1007,2242 1844,2266 1975,2250 1974,2194 818,2230"/>
                <Baseline points="829,2262 885,2260 942,2259 999,2257 1055,2256 1112,2255 1169,2253 1225,2252 1282,2251 1339,2250 1396,2249 1452,2248 1509,2248 1566,2247 1622,2246 1679,2245 1736,2243 1792,2242 1849,2241 1906,2240 1963,2239"/>
                <TextEquiv>
                    <Unicode>es nicht denn diese Panspiele sagen zu wenig von dem</Unicode>
                </TextEquiv>
            </TextLine>
            <TextLine id="r1l98" custom="readingOrder {index:97;}">
                <Coords points="158,2287 356,2268 381,2283 538,2265 820,2274 819,2236 736,2222 707,2239 157,2244"/>
                <Baseline points="169,2276 201,2276 233,2275 265,2275 297,2274 329,2273 361,2272 393,2272 425,2271 457,2270 489,2269 521,2268 553,2267 585,2266 617,2265 649,2264 681,2264 713,2263 745,2262 777,2262 809,2261"/>
                <TextEquiv>
                    <Unicode>r Samuel (bei der hiesigen Auf¬</Unicode>
                </TextEquiv>
            </TextLine>
            <TextLine id="r1l99" custom="readingOrder {index:98;}">
                <Coords points="821,2308 1538,2285 1537,2255 1483,2252 820,2267"/>
                <Baseline points="833,2303 867,2301 902,2299 937,2298 971,2297 1006,2297 1041,2295 1075,2294 1110,2294 1145,2293 1180,2293 1214,2292 1249,2291 1284,2291 1318,2290 1353,2289 1388,2289 1422,2288 1457,2287 1492,2285 1527,2284"/>
                <TextEquiv>
                    <Unicode>großen Pan Carl Hauptmanns aus.</Unicode>
                </TextEquiv>
            </TextLine>
            <TextLine id="r1l100" custom="readingOrder {index:99;}">
                <Coords points="137,2321 746,2312 827,2292 826,2272 752,2265 137,2285"/>
                <Baseline points="148,2316 181,2315 214,2314 248,2314 281,2313 314,2313 348,2312 381,2311 414,2310 448,2310 481,2309 514,2308 548,2307 581,2306 614,2306 648,2305 681,2304 714,2303 748,2303 781,2302 815,2301"/>
                <TextEquiv>
                    <Unicode>von allerdings nichts). Dann aber</Unicode>
                </TextEquiv>
            </TextLine>
            <TextLine id="r1l101" custom="readingOrder {index:100;}">
                <Coords points="906,2342 1902,2326 1951,2291 1817,2255 1705,2290 1662,2266 905,2306"/>
                <Baseline points="918,2338 969,2336 1020,2335 1071,2333 1122,2332 1173,2331 1224,2331 1276,2330 1327,2329 1378,2328 1429,2327 1480,2326 1531,2325 1582,2324 1634,2323 1685,2321 1736,2320 1787,2318 1838,2316 1889,2313 1941,2310"/>
                <TextEquiv>
                    <Unicode>Dem zweiten Stücke des Abends, Schnitzlers „Liebe¬</Unicode>
                </TextEquiv>
            </TextLine>
            <TextLine id="r1l102" custom="readingOrder {index:101;}">
                <Coords points="156,2366 272,2348 545,2359 565,2341 775,2355 822,2343 822,2300 155,2321"/>
                <Baseline points="167,2354 199,2353 231,2351 263,2350 295,2350 328,2349 360,2348 392,2348 424,2348 456,2347 489,2347 521,2347 553,2347 585,2346 617,2346 650,2345 682,2344 714,2343 746,2342 778,2340 811,2338"/>
                <TextEquiv>
                    <Unicode>Alten wieder kraftlos in sich zurück</Unicode>
                </TextEquiv>
            </TextLine>
            <TextLine id="r1l103" custom="readingOrder {index:102;}">
                <Coords points="148,2409 1919,2366 1970,2317 147,2357"/>
                <Baseline points="159,2395 249,2392 339,2390 429,2388 519,2386 609,2384 699,2382 789,2381 879,2379 969,2377 1059,2375 1149,2373 1239,2371 1329,2369 1419,2366 1509,2364 1599,2362 1689,2359 1779,2357 1869,2354 1960,2352"/>
                <TextEquiv>
                    <Unicode>en Nichtwissen aus: „Samuel! ... Plei“ begegnet man wie einem leuchtend dehen Erlebnis</Unicode>
                </TextEquiv>
            </TextLine>
            <TextLine id="r1l104" custom="readingOrder {index:103;}">
                <Coords points="805,2437 1918,2403 1972,2391 1972,2357 804,2388"/>
                <Baseline points="816,2414 873,2413 930,2412 987,2412 1044,2411 1102,2410 1159,2409 1216,2409 1273,2408 1330,2407 1388,2406 1445,2406 1502,2404 1559,2403 1616,2402 1674,2400 1731,2399 1788,2397 1845,2395 1902,2393 1960,2390"/>
                <TextEquiv>
                    <Unicode>saus früherer Zeit. Jugend und Liebe sito hien tragisch ver¬</Unicode>
                </TextEquiv>
            </TextLine>
            <TextLine id="r1l105" custom="readingOrder {index:104;}">
                <Coords points="144,2449 214,2429 293,2443 342,2430 351,2437 369,2429 435,2434 434,2396 402,2404 386,2390 328,2403 247,2392 211,2407 181,2398 143,2408"/>
                <Baseline points="155,2435 181,2433 208,2432 235,2431 262,2430 289,2430 315,2429 342,2428 369,2428 396,2427 423,2427"/>
                <TextEquiv>
                    <Unicode>en, Samuel!</Unicode>
                </TextEquiv>
            </TextLine>
            <TextLine id="r1l106" custom="readingOrder {index:105;}">
                <Coords points="158,2479 1980,2410 157,2442"/>
                <Baseline points="168,2473 258,2470 348,2467 438,2465 528,2462 618,2460 708,2457 798,2455 888,2453 978,2451 1069,2449 1159,2447 1249,2445 1339,2444 1429,2442 1519,2441 1609,2439 1699,2437 1789,2436 1879,2434 1970,2433"/>
                <TextEquiv>
                    <Unicode>imlichen Reize sind, die das Milieu klärt. Die Melodie ihrer Verklärung ki gt auch heute noch</Unicode>
                </TextEquiv>
            </TextLine>
            <TextLine id="r1l107" custom="readingOrder {index:106;}">
                <Coords points="931,2506 1900,2503 1977,2491 1976,2430 930,2448"/>
                <Baseline points="942,2496 993,2494 1044,2493 1095,2491 1146,2490 1197,2489 1248,2488 1300,2487 1351,2486 1402,2486 1453,2485 1504,2484 1555,2484 1606,2483 1658,2482 1709,2482 1760,2480 1811,2480 1862,2478 1913,2477 1965,2476"/>
                <TextEquiv>
                    <Unicode>und rein, eine unverblaßte othese eben der¬</Unicode>
                </TextEquiv>
            </TextLine>
            <TextLine id="r1l108" custom="readingOrder {index:107;}">
                <Coords points="156,2533 938,2517 937,2461 912,2455 155,2476"/>
                <Baseline points="167,2517 206,2516 246,2515 286,2513 326,2512 366,2511 406,2509 446,2509 486,2508 526,2507 566,2506 606,2505 646,2504 686,2504 726,2503 766,2502 806,2502 846,2501 886,2500 926,2500"/>
                <TextEquiv>
                    <Unicode>t leicht zu erreten. Die Menschen, voll</Unicode>
                </TextEquiv>
            </TextLine>
            <TextLine id="r1l109" custom="readingOrder {index:108;}">
                <Coords points="1841,2553 3222,2579 3223,2500 2727,2528 1841,2492"/>
                <Baseline points="1852,2535 1919,2537 1987,2539 2055,2540 2123,2541 2191,2543 2259,2543 2327,2544 2395,2545 2463,2546 2531,2546 2598,2547 2666,2548 2734,2548 2802,2550 2870,2551 2938,2552 3006,2554 3074,2556 3142,2558 3210,2560"/>
                <TextEquiv>
                    <Unicode></Unicode>
                </TextEquiv>
            </TextLine>
            <TextLine id="r1l110" custom="readingOrder {index:109;}">
                <Coords points="963,2554 1089,2585 2105,2599 2089,2551 1619,2559 965,2506"/>
                <Baseline points="974,2560 1030,2561 1086,2562 1142,2563 1198,2565 1254,2566 1310,2568 1366,2571 1422,2572 1478,2575 1534,2576 1590,2578 1646,2581 1702,2582 1758,2584 1814,2586 1870,2587 1926,2589 1982,2590 2038,2591 2095,2592"/>
                <TextEquiv>
                    <Unicode>selben Jugend und Liebe. Halbes „Jugend“ ist alt geworden,</Unicode>
                </TextEquiv>
            </TextLine>
            <TextLine id="r1l111" custom="readingOrder {index:110;}">
                <Coords points="2108,2600 3203,2618 3235,2580 2194,2572 2108,2544"/>
                <Baseline points="2118,2598 2173,2598 2228,2598 2283,2597 2339,2597 2394,2597 2449,2598 2505,2598 2560,2598 2615,2598 2671,2599 2726,2600 2781,2600 2836,2601 2892,2602 2947,2603 3002,2604 3058,2605 3113,2607 3168,2608 3224,2610"/>
                <TextEquiv>
                    <Unicode>mit elementarer Wucht aus sich heraus. Das Liebesleid de</Unicode>
                </TextEquiv>
            </TextLine>
            <TextLine id="r1l112" custom="readingOrder {index:111;}">
                <Coords points="954,2599 1989,2647 2096,2637 2097,2601 1085,2584 955,2552"/>
                <Baseline points="964,2600 1020,2601 1076,2602 1132,2603 1188,2605 1244,2607 1300,2609 1356,2612 1412,2614 1468,2616 1524,2619 1580,2621 1636,2623 1692,2625 1748,2627 1804,2629 1860,2631 1916,2632 1972,2633 2028,2633 2085,2633"/>
                <TextEquiv>
                    <Unicode>diese „Liebelei“ ist im all ihren geistigen Energien, die</Unicode>
                </TextEquiv>
            </TextLine>
            <TextLine id="r1l113" custom="readingOrder {index:112;}">
                <Coords points="2106,2640 3215,2659 3238,2619 2106,2600"/>
                <Baseline points="2118,2636 2173,2637 2228,2638 2284,2639 2339,2639 2395,2639 2450,2640 2506,2640 2561,2640 2617,2640 2672,2640 2727,2640 2783,2640 2838,2640 2894,2641 2949,2642 3005,2643 3060,2645 3116,2646 3171,2649 3227,2652"/>
                <TextEquiv>
                    <Unicode>Mädchens wurde zum Leide der ganzen Menschheit. Aus</Unicode>
                </TextEquiv>
            </TextLine>
            <TextLine id="r1l114" custom="readingOrder {index:113;}">
                <Coords points="963,2632 2098,2678 2099,2636 2019,2621 1599,2641 1294,2596 964,2600"/>
                <Baseline points="974,2639 1029,2639 1085,2640 1141,2641 1196,2643 1252,2644 1308,2647 1363,2649 1419,2651 1475,2654 1531,2656 1586,2659 1642,2661 1698,2663 1753,2665 1809,2667 1865,2669 1920,2670 1976,2671 2032,2671 2088,2671"/>
                <TextEquiv>
                    <Unicode>subtil sind wie alte Kulturkräfte, noch unverbraucht. Das</Unicode>
                </TextEquiv>
            </TextLine>
            <TextLine id="r1l115" custom="readingOrder {index:114;}">
                <Coords points="2107,2685 3094,2700 3233,2694 3234,2656 2107,2635"/>
                <Baseline points="2118,2675 2173,2676 2228,2677 2283,2677 2339,2678 2394,2678 2449,2679 2504,2679 2560,2679 2615,2679 2670,2679 2725,2680 2781,2680 2836,2680 2891,2681 2946,2681 3002,2682 3057,2684 3112,2685 3167,2686 3223,2688"/>
                <TextEquiv>
                    <Unicode>der Weiring des Herrn Kolmar war von tiefstem Jamme</Unicode>
                </TextEquiv>
            </TextLine>
            <TextLine id="r1l116" custom="readingOrder {index:115;}">
                <Coords points="953,2693 2013,2706 1996,2656 955,2628"/>
                <Baseline points="966,2676 1017,2678 1069,2679 1121,2681 1173,2682 1225,2684 1276,2686 1328,2688 1380,2690 1432,2692 1484,2693 1535,2695 1587,2696 1639,2698 1691,2699 1743,2701 1794,2702 1846,2703 1898,2703 1950,2704 2002,2704"/>
                <TextEquiv>
                    <Unicode>Erlebnis aus früherer Zeit erneut sich immer wieder.</Unicode>
                </TextEquiv>
            </TextLine>
            <TextLine id="r1l117" custom="readingOrder {index:116;}">
                <Coords points="2101,2727 3230,2735 3230,2693 3084,2671 2101,2686"/>
                <Baseline points="2112,2715 2167,2717 2222,2717 2278,2718 2333,2719 2388,2719 2444,2719 2499,2719 2554,2720 2610,2720 2665,2720 2720,2720 2776,2720 2831,2720 2886,2721 2942,2721 2997,2722 3052,2723 3108,2724 3163,2726 3219,2728"/>
                <TextEquiv>
                    <Unicode>angefaßt. Der Künstler gestaltéte die Tragödie dieses zu</Unicode>
                </TextEquiv>
            </TextLine>
            <TextLine id="r1l118" custom="readingOrder {index:117;}">
                <Coords points="1051,2713 2103,2753 2104,2706 2060,2697 1933,2719 1052,2684"/>
                <Baseline points="1062,2716 1113,2718 1165,2719 1216,2721 1268,2723 1319,2725 1371,2726 1422,2728 1474,2730 1525,2731 1577,2733 1628,2735 1680,2736 1731,2737 1783,2739 1834,2740 1886,2741 1937,2742 1989,2743 2040,2744 2092,2745"/>
                <TextEquiv>
                    <Unicode>Die Musik dier Sprache klingt auch heute noch so weich</Unicode>
                </TextEquiv>
            </TextLine>
            <TextLine id="r1l119" custom="readingOrder {index:118;}">
                <Coords points="2108,2756 3231,2769 3231,2733 3170,2715 2108,2723"/>
                <Baseline points="2119,2757 2174,2757 2229,2757 2284,2758 2339,2758 2394,2758 2449,2758 2504,2759 2559,2759 2614,2759 2669,2759 2724,2759 2779,2760 2834,2760 2889,2760 2944,2761 2999,2761 3054,2762 3109,2762 3164,2763 3219,2763"/>
                <TextEquiv>
                    <Unicode>Resignation gereiften Menschen und Künstlers in ihrer ganzem</Unicode>
                </TextEquiv>
            </TextLine>
            <TextLine id="r1l120" custom="readingOrder {index:119;}">
                <Coords points="947,2764 1348,2753 2010,2803 2098,2792 2099,2754 948,2712"/>
                <Baseline points="958,2752 1014,2754 1070,2755 1127,2756 1183,2757 1240,2759 1296,2761 1353,2762 1409,2764 1466,2766 1522,2767 1578,2769 1635,2771 1691,2773 1748,2774 1804,2777 1861,2779 1917,2780 1974,2782 2030,2784 2087,2786"/>
                <TextEquiv>
                    <Unicode>und doch beherrscht wie einst. Eine Stadt lebte in diesen</Unicode>
                </TextEquiv>
            </TextLine>
            <TextLine id="r1l121" custom="readingOrder {index:120;}">
                <Coords points="2111,2800 3213,2817 3236,2769 2111,2757"/>
                <Baseline points="2123,2795 2178,2795 2233,2796 2288,2796 2343,2797 2398,2797 2453,2797 2508,2797 2563,2797 2618,2797 2674,2798 2729,2798 2784,2798 2839,2799 2894,2799 2949,2800 3004,2800 3059,2801 3114,2802 3169,2803 3225,2804"/>
                <TextEquiv>
                    <Unicode>Tiefe und Breite. Das Vorbeigehen am Menschen= und</Unicode>
                </TextEquiv>
            </TextLine>
            <TextLine id="r1l122" custom="readingOrder {index:121;}">
                <Coords points="943,2792 1882,2832 2101,2829 2103,2795 945,2749"/>
                <Baseline points="956,2783 1012,2785 1069,2787 1126,2789 1182,2791 1239,2793 1296,2795 1352,2797 1409,2799 1466,2801 1523,2804 1579,2805 1636,2808 1693,2810 1749,2812 1806,2814 1863,2816 1919,2819 1976,2821 2033,2824 2090,2826"/>
                <TextEquiv>
                    <Unicode>brei Akten auf: Wien. Schuberts Büste steht in dem alt¬</Unicode>
                </TextEquiv>
            </TextLine>
            <TextLine id="r1l123" custom="readingOrder {index:122;}">
                <Coords points="2111,2844 3233,2857 3233,2810 3148,2800 2111,2801"/>
                <Baseline points="2122,2835 2179,2835 2237,2834 2295,2834 2353,2834 2411,2834 2469,2834 2526,2835 2584,2835 2642,2836 2700,2836 2758,2837 2816,2837 2873,2838 2931,2839 2989,2839 3047,2840 3105,2841 3163,2841 3221,2842"/>
                <TextEquiv>
                    <Unicode>Künstlerglück wurde sichtbar. Die Schatten eines langen</Unicode>
                </TextEquiv>
            </TextLine>
            <TextLine id="r1l124" custom="readingOrder {index:123;}">
                <Coords points="963,2818 2089,2873 2097,2830 964,2791"/>
                <Baseline points="974,2823 1029,2824 1085,2827 1140,2829 1196,2830 1251,2832 1307,2835 1362,2837 1418,2839 1473,2841 1529,2844 1585,2845 1640,2848 1696,2850 1751,2853 1807,2855 1862,2857 1918,2859 1973,2860 2029,2862 2085,2864"/>
                <TextEquiv>
                    <Unicode>väterischen Zimmer des lieben, guten Weiering, Schuberts</Unicode>
                </TextEquiv>
            </TextLine>
            <TextLine id="r1l125" custom="readingOrder {index:124;}">
                <Coords points="2111,2878 3245,2881 3245,2843 2111,2845"/>
                <Baseline points="2122,2875 2177,2875 2233,2875 2288,2875 2344,2876 2400,2876 2455,2876 2511,2877 2566,2877 2622,2878 2678,2878 2733,2879 2789,2879 2844,2880 2900,2880 2956,2880 3011,2880 3067,2881 3122,2881 3178,2881 3234,2880"/>
                <TextEquiv>
                    <Unicode>glücklosen Lebens zeichneten sich wie Schattenrisse an dem</Unicode>
                </TextEquiv>
            </TextLine>
            <TextLine id="r1l126" custom="readingOrder {index:125;}">
                <Coords points="953,2862 2097,2903 2063,2863 954,2831"/>
                <Baseline points="964,2865 1020,2866 1076,2867 1132,2868 1188,2870 1244,2872 1300,2873 1357,2876 1413,2878 1469,2879 1525,2882 1581,2885 1637,2887 1693,2889 1750,2891 1806,2894 1862,2895 1918,2897 1974,2899 2030,2900 2087,2902"/>
                <TextEquiv>
                    <Unicode>Geist aber schwebt über der ganzen Dichtung. Aus leise</Unicode>
                </TextEquiv>
            </TextLine>
            <TextLine id="r1l127" custom="readingOrder {index:126;}">
                <Coords points="2103,2920 3234,2932 3235,2884 2103,2875"/>
                <Baseline points="2114,2912 2169,2912 2225,2913 2280,2913 2336,2914 2391,2914 2447,2915 2502,2915 2558,2916 2613,2916 2669,2917 2724,2917 2780,2917 2835,2918 2891,2918 2946,2918 3002,2918 3057,2918 3113,2918 3168,2918 3224,2918"/>
                <TextEquiv>
                    <Unicode>letzten größten Unglück ab. Herr Kolmars Künstlerium er¬</Unicode>
                </TextEquiv>
            </TextLine>
            <TextLine id="r1l128" custom="readingOrder {index:127;}">
                <Coords points="949,2905 2095,2951 2096,2913 2004,2896 950,2862"/>
                <Baseline points="960,2903 1016,2904 1072,2906 1128,2907 1185,2908 1241,2910 1297,2911 1353,2914 1410,2915 1466,2917 1522,2919 1578,2921 1635,2924 1691,2926 1747,2929 1803,2931 1860,2933 1916,2935 1972,2938 2028,2940 2085,2942"/>
                <TextEquiv>
                    <Unicode>schwingenden Tönen gräbt sich die Melodie auf, wächst an</Unicode>
                </TextEquiv>
            </TextLine>
            <TextLine id="r1l129" custom="readingOrder {index:128;}">
                <Coords points="2106,2965 3237,2978 3237,2915 2106,2918"/>
                <Baseline points="2117,2953 2172,2953 2227,2954 2283,2954 2338,2954 2394,2954 2449,2955 2505,2955 2560,2956 2616,2956 2671,2956 2726,2957 2782,2957 2837,2957 2893,2958 2948,2958 3004,2958 3059,2958 3115,2958 3170,2958 3226,2957"/>
                <TextEquiv>
                    <Unicode>schien mir noch selten reifer und voller als hier. Leider</Unicode>
                </TextEquiv>
            </TextLine>
            <TextLine id="r1l130" custom="readingOrder {index:129;}">
                <Coords points="945,2933 2048,2991 2086,2990 2088,2945 946,2906"/>
                <Baseline points="956,2942 1012,2943 1068,2944 1124,2945 1180,2947 1236,2949 1292,2950 1348,2952 1404,2954 1460,2957 1516,2958 1572,2961 1628,2962 1684,2965 1740,2967 1796,2969 1852,2971 1908,2973 1964,2975 2020,2977 2076,2978"/>
                <TextEquiv>
                    <Unicode>wie Herbstwind im Park zu Schönbrunn und braust schließlich</Unicode>
                </TextEquiv>
            </TextLine>
            <TextLine id="r1l131" custom="readingOrder {index:130;}">
                <Coords points="2098,3004 3186,3011 3238,3000 3239,2953 2098,2957"/>
                <Baseline points="2110,2992 2165,2992 2221,2992 2277,2992 2333,2992 2389,2993 2444,2993 2500,2994 2556,2995 2612,2995 2668,2996 2723,2997 2779,2998 2835,2998 2891,2999 2947,2999 3002,2999 3058,2999 3114,2999 3170,2999 3226,2998"/>
                <TextEquiv>
                    <Unicode>eilte Herr Rotmund auch als Fritz mehr von Szene zu</Unicode>
                </TextEquiv>
            </TextLine>
            <TextLine id="r1l132" custom="readingOrder {index:131;}">
                <Coords points="953,2990 2091,3025 2090,2986 1917,2971 955,2942"/>
                <Baseline points="966,2982 1021,2983 1077,2984 1133,2985 1188,2986 1244,2988 1300,2990 1355,2992 1411,2993 1467,2995 1523,2997 1578,2999 1634,3002 1690,3004 1745,3006 1801,3008 1857,3011 1912,3012 1968,3015 2024,3017 2080,3019"/>
                <TextEquiv>
                    <Unicode>über die Menschen hin wie über stolze Bäume. Der Stolzesten</Unicode>
                </TextEquiv>
            </TextLine>
            <TextLine id="r1l133" custom="readingOrder {index:132;}">
                <Coords points="2099,3032 3142,3057 3244,3042 3244,2997 2099,3008"/>
                <Baseline points="2110,3031 2166,3031 2222,3032 2278,3032 2334,3032 2390,3033 2446,3033 2502,3034 2558,3034 2614,3035 2671,3035 2727,3036 2783,3036 2839,3037 2895,3037 2951,3038 3007,3038 3063,3038 3119,3039 3175,3039 3232,3039"/>
                <TextEquiv>
                    <Unicode>Szene, als daß er ein Ganzes geformt hätte. Die einzelm</Unicode>
                </TextEquiv>
            </TextLine>
            <TextLine id="r1l134" custom="readingOrder {index:133;}">
                <Coords points="950,3026 2097,3063 2098,3029 1992,3012 951,2995"/>
                <Baseline points="962,3019 1018,3021 1074,3023 1130,3025 1186,3026 1242,3029 1298,3031 1355,3033 1411,3034 1467,3036 1523,3038 1579,3040 1635,3042 1691,3044 1748,3046 1804,3048 1860,3051 1916,3053 1972,3055 2028,3057 2085,3060"/>
                <TextEquiv>
                    <Unicode>einer aber kommt zu Fell und Tod: Christine. Die Melodie</Unicode>
                </TextEquiv>
            </TextLine>
            <TextLine id="r1l135" custom="readingOrder {index:134;}">
                <Coords points="2101,3070 3239,3070 3206,3038 2101,3041"/>
                <Baseline points="2113,3072 2168,3072 2224,3072 2280,3072 2335,3073 2391,3073 2447,3073 2502,3074 2558,3074 2614,3074 2670,3075 2725,3075 2781,3076 2837,3076 2892,3076 2948,3077 3004,3077 3059,3077 3115,3077 3171,3077 3227,3077"/>
                <TextEquiv>
                    <Unicode>Szenen gelangen ihm überzeugend. Herr Köckerr und</Unicode>
                </TextEquiv>
            </TextLine>
            <TextLine id="r1l136" custom="readingOrder {index:135;}">
                <Coords points="958,3060 2095,3104 2096,3061 959,3024"/>
                <Baseline points="968,3057 1023,3059 1079,3060 1135,3063 1191,3065 1247,3066 1302,3069 1358,3071 1414,3072 1470,3075 1526,3076 1581,3078 1637,3080 1693,3082 1749,3084 1805,3086 1860,3088 1916,3090 1972,3092 2028,3094 2084,3096"/>
                <TextEquiv>
                    <Unicode>lebt ab und verwimmert in der leisen Klage eines leisen</Unicode>
                </TextEquiv>
            </TextLine>
            <TextLine id="r1l137" custom="readingOrder {index:136;}">
                <Coords points="2102,3129 3234,3121 3234,3087 3128,3070 2102,3070"/>
                <Baseline points="2113,3110 2168,3110 2223,3109 2279,3109 2334,3109 2390,3109 2445,3109 2501,3109 2556,3110 2612,3110 2667,3111 2722,3112 2778,3112 2833,3113 2889,3113 2944,3114 3000,3114 3055,3115 3111,3115 3166,3115 3222,3115"/>
                <TextEquiv>
                    <Unicode>Frl. Weißenbacher waren als das andere, leichtere Paar</Unicode>
                </TextEquiv>
            </TextLine>
            <TextLine id="r1l138" custom="readingOrder {index:137;}">
                <Coords points="953,3101 2027,3147 2088,3140 2090,3101 955,3056"/>
                <Baseline points="964,3099 1019,3100 1075,3101 1131,3102 1186,3103 1242,3105 1298,3107 1353,3109 1409,3111 1465,3113 1521,3115 1576,3118 1632,3120 1688,3122 1743,3125 1799,3127 1855,3129 1910,3131 1966,3132 2022,3134 2078,3135"/>
                <TextEquiv>
                    <Unicode>Menschen, Weirings, des Vaters. Melodic ist alles. Diese</Unicode>
                </TextEquiv>
            </TextLine>
            <TextLine id="r1l139" custom="readingOrder {index:138;}">
                <Coords points="2092,3160 3232,3153 3232,3122 2969,3111 2092,3112"/>
                <Baseline points="2103,3151 2158,3151 2214,3151 2270,3151 2326,3151 2382,3151 2438,3151 2493,3151 2549,3151 2605,3151 2661,3151 2717,3151 2773,3151 2829,3152 2884,3152 2940,3153 2996,3153 3052,3154 3108,3155 3164,3156 3220,3157"/>
                <TextEquiv>
                    <Unicode>zwar fesch und fidel, blieben aber ohne suggestive Wirkurg.</Unicode>
                </TextEquiv>
            </TextLine>
            <TextLine id="r1l140" custom="readingOrder {index:139;}">
                <Coords points="951,3144 2095,3188 2083,3138 952,3105"/>
                <Baseline points="962,3138 1018,3140 1074,3142 1130,3144 1186,3146 1242,3147 1298,3149 1354,3150 1410,3152 1466,3154 1522,3155 1578,3157 1634,3159 1690,3160 1746,3162 1802,3164 1858,3166 1914,3168 1970,3170 2026,3172 2083,3175"/>
                <TextEquiv>
                    <Unicode>Tragödie ist ganz aus dem Geiste der Musik — der Musik</Unicode>
                </TextEquiv>
            </TextLine>
            <TextLine id="r1l141" custom="readingOrder {index:140;}">
                <Coords points="2093,3206 3216,3205 3216,3158 2094,3149"/>
                <Baseline points="2105,3188 2162,3188 2220,3188 2278,3188 2336,3189 2394,3190 2452,3190 2509,3191 2567,3192 2625,3192 2683,3193 2741,3194 2799,3194 2856,3194 2914,3194 2972,3194 3030,3194 3088,3193 3146,3192 3204,3190"/>
                <TextEquiv>
                    <Unicode>Die Dame ist der Rolle — bei allen guten Ansätzen — nich</Unicode>
                </TextEquiv>
            </TextLine>
            <TextLine id="r1l142" custom="readingOrder {index:141;}">
                <Coords points="948,3171 2094,3217 2095,3183 1886,3158 949,3142"/>
                <Baseline points="960,3176 1016,3178 1072,3178 1128,3180 1184,3182 1240,3183 1296,3185 1352,3187 1408,3189 1464,3191 1521,3193 1577,3194 1633,3197 1689,3198 1745,3201 1801,3203 1857,3205 1913,3207 1969,3209 2025,3211 2082,3213"/>
                <TextEquiv>
                    <Unicode>einer alten, lieben Stadt — geboren. Es klingt wie Rauschen</Unicode>
                </TextEquiv>
            </TextLine>
            <TextLine id="r1l143" custom="readingOrder {index:142;}">
                <Coords points="2097,3230 3235,3236 3235,3191 2097,3192"/>
                <Baseline points="2108,3228 2163,3228 2219,3228 2275,3228 2331,3228 2387,3228 2442,3228 2498,3229 2554,3229 2610,3229 2666,3230 2721,3230 2777,3231 2833,3232 2889,3232 2945,3233 3000,3234 3056,3235 3112,3236 3168,3237 3224,3237"/>
                <TextEquiv>
                    <Unicode>nicht gewachsen. Frl. Wittels war als die Nachbatin</Unicode>
                </TextEquiv>
            </TextLine>
            <TextLine id="r1l144" custom="readingOrder {index:143;}">
                <Coords points="945,3227 2052,3242 1845,3203 946,3184"/>
                <Baseline points="956,3217 1010,3218 1064,3219 1118,3219 1172,3220 1227,3222 1281,3223 1335,3225 1389,3226 1443,3228 1498,3230 1552,3232 1606,3234 1660,3237 1714,3239 1769,3241 1823,3243 1877,3245 1931,3247 1985,3250 2040,3251"/>
                <TextEquiv>
                    <Unicode>der Wipfel in Schönbrunn sund wie ein Lied von Schubert.</Unicode>
                </TextEquiv>
            </TextLine>
            <TextLine id="r1l145" custom="readingOrder {index:144;}">
                <Coords points="2097,3265 3226,3278 3226,3240 3179,3235 2097,3231"/>
                <Baseline points="2108,3265 2163,3265 2218,3265 2274,3265 2329,3266 2384,3267 2440,3267 2495,3268 2550,3269 2606,3270 2661,3271 2716,3272 2772,3272 2827,3273 2882,3273 2938,3273 2993,3273 3048,3273 3104,3272 3159,3270 3215,3269"/>
                <TextEquiv>
                    <Unicode>wieder einmal von einer ganz köstlichen, talmiechten Be¬</Unicode>
                </TextEquiv>
            </TextLine>
            <TextLine id="r1l146" custom="readingOrder {index:145;}">
                <Coords points="1040,3261 1720,3296 1996,3277 2047,3303 2092,3298 2094,3244 1041,3232"/>
                <Baseline points="1052,3253 1103,3255 1154,3258 1206,3260 1257,3263 1309,3265 1360,3267 1412,3269 1463,3270 1515,3272 1566,3274 1617,3275 1669,3277 1720,3278 1772,3280 1823,3283 1875,3284 1926,3286 1978,3289 2029,3292 2081,3294"/>
                <TextEquiv>
                    <Unicode>Die „Liebelei“ ist viel, viel schwerer darstellbar als</Unicode>
                </TextEquiv>
            </TextLine>
            <TextLine id="r1l147" custom="readingOrder {index:146;}">
                <Coords points="2097,3310 3208,3329 3209,3273 2098,3265"/>
                <Baseline points="2108,3305 2162,3305 2217,3305 2271,3306 2326,3306 2380,3307 2435,3307 2489,3308 2544,3308 2598,3308 2653,3309 2707,3309 2762,3310 2816,3310 2871,3311 2925,3311 2980,3312 3034,3313 3089,3314 3143,3314 3198,3315"/>
                <TextEquiv>
                    <Unicode>derkeit, Herr Götz verinnerlichte den fremden Herrn saß</Unicode>
                </TextEquiv>
            </TextLine>
            <TextLine id="r1l148" custom="readingOrder {index:147;}">
                <Coords points="940,3308 2065,3343 2082,3296 942,3261"/>
                <Baseline points="952,3291 1007,3293 1063,3295 1119,3297 1175,3299 1231,3300 1287,3302 1343,3304 1399,3306 1455,3308 1511,3310 1566,3312 1622,3314 1678,3316 1734,3318 1790,3320 1846,3322 1902,3324 1958,3327 2014,3329 2070,3331"/>
                <TextEquiv>
                    <Unicode>die meisten Regisseure auch nur ahnen. Herr Gregori ließ</Unicode>
                </TextEquiv>
            </TextLine>
            <TextLine id="r1l149" custom="readingOrder {index:148;}">
                <Coords points="2099,3340 2184,3368 2220,3349 2251,3363 2288,3347 2328,3368 2367,3351 2407,3367 2477,3352 2535,3371 2536,3324 2485,3303 2464,3321 2446,3307 2361,3303 2286,3322 2252,3304 2221,3317 2099,3306"/>
                <Baseline points="2110,3341 2135,3341 2161,3343 2187,3344 2213,3345 2239,3345 2265,3346 2291,3346 2317,3347 2343,3347 2369,3347 2395,3347 2421,3347 2447,3347 2473,3347 2499,3348 2525,3348"/>
                <TextEquiv>
                    <Unicode>etwas zu aufdringlich.</Unicode>
                </TextEquiv>
            </TextLine>
            <TextLine id="r1l150" custom="readingOrder {index:149;}">
                <Coords points="956,3335 1976,3378 2096,3369 2097,3337 957,3299"/>
                <Baseline points="967,3334 1022,3336 1078,3337 1134,3339 1190,3340 1246,3342 1302,3343 1357,3344 1413,3346 1469,3347 1525,3349 1581,3351 1637,3353 1693,3355 1748,3356 1804,3358 1860,3360 1916,3363 1972,3365 2028,3368 2084,3370"/>
                <TextEquiv>
                    <Unicode>manchmal manches laut werden von den heimlichen Tönen</Unicode>
                </TextEquiv>
            </TextLine>
            <TextLine id="r1l151" custom="readingOrder {index:150;}">
                <Coords points="3081,3383 3121,3384 3141,3368 3164,3369 3187,3387 3257,3378 3255,3310 3228,3306 3194,3332 3176,3315 3167,3322 3149,3309 3129,3330 3110,3314 3079,3313"/>
                <Baseline points="3091,3359 3116,3360 3142,3360 3167,3359 3193,3357 3218,3357 3244,3356"/>
                <TextEquiv>
                    <Unicode>1</Unicode>
                </TextEquiv>
            </TextLine>
            <TextLine id="r1l152" custom="readingOrder {index:151;}">
                <Coords points="947,3373 2098,3411 2099,3375 1753,3348 948,3344"/>
                <Baseline points="958,3372 1014,3374 1070,3376 1127,3378 1183,3379 1240,3382 1296,3383 1353,3385 1409,3386 1466,3388 1522,3390 1578,3391 1635,3393 1691,3395 1748,3396 1804,3398 1861,3400 1917,3402 1974,3404 2030,3406 2087,3408"/>
                <TextEquiv>
                    <Unicode>der Dichtung. Freilich war das kalte Zimmer des ersten</Unicode>
                </TextEquiv>
            </TextLine>
            <TextLine id="r1l153" custom="readingOrder {index:152;}">
                <Coords points="3100,3422 3113,3420 3120,3427 3127,3423 3133,3426 3136,3423 3142,3426 3165,3425 3168,3369 3152,3368 3145,3374 3141,3370 3122,3382 3115,3379 3113,3382 3102,3381"/>
                <Baseline points="3112,3401 3154,3403"/>
                <TextEquiv>
                    <Unicode></Unicode>
                </TextEquiv>
            </TextLine>
            <TextLine id="r1l154" custom="readingOrder {index:153;}">
                <Coords points="952,3415 2094,3456 2095,3416 1974,3400 953,3379"/>
                <Baseline points="963,3411 1019,3412 1075,3413 1131,3415 1187,3416 1243,3417 1299,3419 1355,3421 1411,3423 1467,3425 1523,3427 1579,3429 1635,3431 1691,3434 1747,3436 1803,3438 1859,3440 1915,3442 1971,3443 2027,3445 2084,3447"/>
                <TextEquiv>
                    <Unicode>Aktes kein besonders geeigneter Rahmen für das halb liebliche,</Unicode>
                </TextEquiv>
            </TextLine>
            <TextLine id="r1l155" custom="readingOrder {index:154;}">
                <Coords points="946,3458 2091,3495 2092,3456 2022,3445 948,3415"/>
                <Baseline points="957,3450 1013,3451 1069,3452 1125,3454 1181,3455 1237,3457 1293,3458 1349,3460 1405,3462 1461,3463 1518,3465 1574,3467 1630,3469 1686,3471 1742,3473 1798,3475 1854,3477 1910,3479 1966,3481 2022,3483 2079,3486"/>
                <TextEquiv>
                    <Unicode>halb fesche Bild, das sich vor unseren Augen aufrollt. Der</Unicode>
                </TextEquiv>
            </TextLine>
            <TextLine id="r1l156" custom="readingOrder {index:155;}">
                <Coords points="950,3487 1990,3536 2094,3524 2095,3495 951,3453"/>
                <Baseline points="962,3487 1018,3489 1074,3490 1130,3492 1186,3494 1242,3495 1298,3497 1354,3500 1410,3501 1466,3503 1523,3505 1579,3507 1635,3508 1691,3510 1747,3512 1803,3514 1859,3516 1915,3517 1971,3519 2027,3521 2084,3522"/>
                <TextEquiv>
                    <Unicode>Regisseur hatte sich ganz für den Charakter einer möblierten</Unicode>
                </TextEquiv>
            </TextLine>
            <TextLine id="r1l157" custom="readingOrder {index:156;}">
                <Coords points="943,3516 1041,3549 2100,3569 2086,3524 944,3485"/>
                <Baseline points="953,3528 1009,3529 1066,3530 1123,3532 1180,3533 1236,3535 1293,3536 1350,3538 1407,3540 1463,3541 1520,3543 1577,3545 1634,3547 1690,3548 1747,3550 1804,3552 1861,3554 1917,3556 1974,3558 2031,3559 2088,3561"/>
                <TextEquiv>
                    <Unicode>Junggesellenwohnung entschieden, ohne zu berücksichtigen, daß</Unicode>
                </TextEquiv>
            </TextLine>
            <TextLine id="r1l158" custom="readingOrder {index:157;}">
                <Coords points="946,3579 2016,3615 2097,3609 2099,3575 948,3525"/>
                <Baseline points="958,3563 1014,3565 1070,3567 1127,3570 1183,3572 1240,3574 1296,3576 1352,3578 1409,3580 1465,3582 1522,3583 1578,3585 1634,3587 1691,3589 1747,3591 1804,3592 1860,3594 1916,3596 1973,3598 2029,3600 2086,3602"/>
                <TextEquiv>
                    <Unicode>sie immerhin von Fritz, diesem eleganten Sentimentalen,</Unicode>
                </TextEquiv>
            </TextLine>
            <TextLine id="r1l159" custom="readingOrder {index:158;}">
                <Coords points="953,3607 1979,3651 2102,3637 2103,3610 954,3564"/>
                <Baseline points="965,3602 1021,3605 1077,3607 1133,3609 1190,3612 1246,3614 1302,3616 1358,3617 1415,3619 1471,3621 1527,3623 1583,3624 1640,3626 1696,3628 1752,3629 1808,3631 1865,3632 1921,3634 1977,3637 2033,3638 2090,3641"/>
                <TextEquiv>
                    <Unicode>bewohnt wird. Um ko wohnlicher sund lieblicher war die</Unicode>
                </TextEquiv>
            </TextLine>
            <TextLine id="r1l160" custom="readingOrder {index:159;}">
                <Coords points="947,3646 2014,3699 2110,3672 2093,3635 948,3614"/>
                <Baseline points="959,3646 1018,3647 1078,3648 1138,3649 1198,3650 1258,3652 1318,3654 1378,3656 1438,3658 1498,3660 1558,3662 1618,3664 1678,3666 1738,3668 1798,3669 1858,3671 1918,3672 1978,3673 2038,3674 2098,3675"/>
                <TextEquiv>
                    <Unicode>Wohus## Christinens und ihres Vaters. Wenn nur die</Unicode>
                </TextEquiv>
            </TextLine>
            <TextLine id="r1l161" custom="readingOrder {index:160;}">
                <Coords points="953,3709 1192,3688 1929,3723 1994,3718 1995,3680 954,3650"/>
                <Baseline points="964,3685 1015,3687 1066,3688 1117,3690 1168,3691 1219,3692 1270,3694 1321,3695 1372,3696 1423,3697 1474,3698 1525,3699 1576,3700 1627,3702 1678,3703 1729,3705 1780,3707 1831,3708 1882,3710 1933,3712 1984,3714"/>
                <TextEquiv>
                    <Unicode>Beleutlung etwas sorgfältiger reguliert gewesen wäre.</Unicode>
                </TextEquiv>
            </TextLine>
            <TextLine id="r1l162" custom="readingOrder {index:161;}">
                <Coords points="1014,3729 2078,3767 2093,3700 1015,3700"/>
                <Baseline points="1026,3722 1078,3725 1131,3728 1184,3731 1237,3732 1289,3734 1342,3736 1395,3738 1448,3739 1500,3740 1553,3741 1606,3742 1659,3743 1711,3745 1764,3746 1817,3747 1870,3749 1922,3751 1975,3753 2028,3755 2081,3758"/>
                <TextEquiv>
                    <Unicode>Darstellung stand ein verlockendes Material zur</Unicode>
                </TextEquiv>
            </TextLine>
            <TextLine id="r1l163" custom="readingOrder {index:162;}">
                <Coords points="946,3764 2077,3813 2092,3766 948,3717"/>
                <Baseline points="958,3759 1014,3762 1070,3766 1126,3768 1182,3771 1238,3773 1294,3775 1350,3776 1406,3778 1462,3779 1519,3780 1575,3782 1631,3783 1687,3785 1743,3786 1799,3787 1855,3789 1911,3790 1967,3793 2023,3794 2080,3797"/>
                <TextEquiv>
                    <Unicode>Verfünung, das ganz echte, stille, gefühlsbetonte Talent der</Unicode>
                </TextEquiv>
            </TextLine>
            <TextLine id="r1l164" custom="readingOrder {index:163;}">
                <Coords points="938,3811 2085,3855 2100,3791 939,3777"/>
                <Baseline points="949,3804 1008,3805 1068,3807 1128,3808 1188,3809 1248,3811 1308,3812 1368,3814 1428,3815 1488,3817 1548,3818 1608,3820 1668,3822 1728,3824 1788,3825 1848,3827 1908,3829 1968,3831 2028,3833 2088,3835"/>
                <TextEquiv>
                    <Unicode>Frl. Rub. Leider wurde es nur mangelhaft für die Dichtung</Unicode>
                </TextEquiv>
            </TextLine>
            <TextLine id="r1l165" custom="readingOrder {index:164;}">
                <Coords points="948,3839 1878,3883 2072,3874 2073,3838 948,3812"/>
                <Baseline points="959,3847 1014,3847 1069,3847 1124,3847 1179,3848 1234,3849 1289,3850 1344,3852 1399,3853 1454,3855 1510,3857 1565,3859 1620,3861 1675,3862 1730,3863 1785,3865 1840,3866 1895,3866 1950,3867 2005,3867 2061,3866"/>
                <TextEquiv>
                    <Unicode>ausgemünzt. Es floß nicht durch die drei Akte hin, sondern</Unicode>
                </TextEquiv>
            </TextLine>
            <TextLine id="r1l166" custom="readingOrder {index:165;}">
                <Coords points="943,3896 1876,3922 1988,3913 1989,3875 944,3844"/>
                <Baseline points="954,3883 1005,3885 1056,3886 1107,3888 1158,3889 1209,3890 1260,3892 1312,3892 1363,3894 1414,3895 1465,3896 1516,3897 1567,3898 1618,3899 1670,3900 1721,3901 1772,3903 1823,3903 1874,3905 1925,3906 1977,3907"/>
                <TextEquiv>
                    <Unicode>staute sich und stockte zu verschiedenen Malen. Frl.</Unicode>
                </TextEquiv>
            </TextLine>
            <TextLine id="r1l167" custom="readingOrder {index:166;}">
                <Coords points="944,3921 1987,3948 1975,3907 945,3887"/>
                <Baseline points="956,3921 1009,3923 1063,3925 1116,3926 1170,3928 1224,3929 1277,3931 1331,3932 1385,3933 1438,3934 1492,3935 1545,3937 1599,3938 1653,3939 1706,3940 1760,3941 1814,3943 1867,3944 1921,3946 1975,3948"/>
                <TextEquiv>
                    <Unicode>wari m ersten Akte zu finster, zu bewußt tragisch. Die</Unicode>
                </TextEquiv>
            </TextLine>
            <TextLine id="r1l168" custom="readingOrder {index:167;}">
                <Coords points="939,3975 1941,3993 1976,3951 940,3928"/>
                <Baseline points="950,3962 1000,3963 1051,3964 1102,3965 1152,3966 1203,3967 1254,3968 1304,3969 1355,3970 1406,3971 1457,3972 1507,3973 1558,3975 1609,3976 1659,3977 1710,3978 1761,3979 1811,3981 1862,3982 1913,3984 1964,3985"/>
                <TextEquiv>
                    <Unicode>stellerin entezivierte zu viel aus den folgenden Akten.</Unicode>
                </TextEquiv>
            </TextLine>
            <TextLine id="r1l169" custom="readingOrder {index:168;}">
                <Coords points="941,3999 2090,4038 2090,3988 941,3965"/>
                <Baseline points="952,4002 1008,4003 1064,4005 1121,4006 1177,4007 1233,4008 1290,4008 1346,4009 1402,4009 1459,4010 1515,4011 1571,4012 1628,4012 1684,4013 1740,4015 1797,4016 1853,4018 1909,4020 1966,4023 2022,4026 2079,4029"/>
                <TextEquiv>
                    <Unicode>unter mußte die Steigerung im zweiten Akte leiden. Erst</Unicode>
                </TextEquiv>
            </TextLine>
            <TextLine id="r1l170" custom="readingOrder {index:169;}">
                <Coords points="939,4047 1895,4051 2113,4094 2114,4033 1984,4023 940,4009"/>
                <Baseline points="950,4044 1007,4045 1065,4045 1122,4046 1180,4047 1238,4047 1295,4048 1353,4049 1410,4049 1468,4050 1526,4051 1583,4052 1641,4054 1698,4055 1756,4057 1814,4059 1871,4061 1929,4064 1986,4066 2044,4069 2102,4073"/>
                <TextEquiv>
                    <Unicode>im dritten Akte war wieder die Möglichkeit des Wachsens</Unicode>
                </TextEquiv>
            </TextLine>
            <TextLine id="r1l171" custom="readingOrder {index:170;}">
                <Coords points="936,4105 1661,4135 2072,4125 2088,4090 937,4044"/>
                <Baseline points="948,4091 1004,4091 1060,4092 1117,4092 1173,4092 1230,4092 1286,4092 1343,4093 1399,4093 1456,4094 1512,4095 1568,4095 1625,4097 1681,4098 1738,4100 1794,4102 1851,4104 1907,4107 1964,4109 2020,4113 2077,4116"/>
                <TextEquiv>
                    <Unicode>zur letzten Größe gegeben. Hier ging denn auch die Künstlerin</Unicode>
                </TextEquiv>
            </TextLine>
            <TextEquiv>
                <Unicode>box 12/2
5. Liebelei
an a. an d 1 . — 1.
in nur ein tiefer Denker. Seine die räumlich hart aneinander gerückt sind, sind innerlich
untereinander isoliert: Das schwärmerische Weib, der geile
— sind
chlich lyrischen Formen
Commis und der alles ahnende, nichts wissende Alte. Dunkle
ären Splittern der Weltseele selbst
Worte stehen zwischen ihnen, von denen man nicht weiß,
Sonnenwanderer“ sind wie ein
ob sie aus Wille und Absicht geboren sind oder erst Wille
zu fernem Horizonte wölbt, und
und Absicht erzeugen sollen. Und Gefühle zittern in der
glitzernden Sternen. Auf jeder
Komödie, unausgesprochen und farblos; man weiß nicht,
kit aus dem Dunkel der schweren
ob sie wirklich existieren oder ob sie nur Schatten sind.
„Miniaturen“ des Dichters. Und
Aber die Szene mit dem breiten und solide tape¬
scherin Schönheit sein Künstler¬
zierten Zimmer war fehl am Orte. Hier wohnen nicht diese
ler“. Des Künstlers Verhältnis
Menschen, diese vom Wucher gequälten Puppen des Lebens
en aus seinem „Tagebuch“. Zwi¬
und ihrer Gefühle, sondern vielleicht irgend eine Familie
Carl Hauptmann und dem form¬
Schulze, die mit altem Gerümpel handelt. Das Zimmer hätte
beiden Seiten spähend, der Philo¬
so schmal und tief sein müssen, als es unsere Bühne nur
efen Schächten erbeutet hat, fast
gestattet. Und unser Blick hätte sich in dem an das Zimmer
ragen, und sicher mehr, als der
angrenzenden Magazin verlieren müssen, wie sich nur je
sher die Zwiespältigkeit in allen
ein aus lebenden Augen kommender Blick zwischen Alter¬
tümern verloren hat. Dann hätte die Darstellung einen in
och als die anderen Dichtungsarten
jedem Sinne wirksamen Hinter= und Untergrund gehabt.
perhaftet, ergibt sich dem Dichter
Wie hätte da der Antiquar des Herrn Kolmar gewirkt!
Hier ist darum auch sein frucht¬
Viel niederländischer gewissermaßen! So aber stand man
am schmerzlichsten fühlbar. Seine
nur vor einer oft hakenden, immer geschickten, aber nicht
zu dramatischer Körperlichkeit; sie
immer ihrer selbst sicheren Leistung. Das Intermezzo des
sief. Zwischen den Menschen aber
Gebetes, neben der Schülerepisode die feinste dichterische Er¬
berndes Fragen nach dem Woher
findung im Stücke, war von einer peinlichen Unbeherrschtheit.
Bau des Dramas als tragisches
Das triviale gelle Murmeln schwang in der Darstellung
nicht mit.
Schauspielen“ denen auch „Der
Die Sarah des Frl. Orska war merkwürdig ge¬
ig zu verspüren. Wenig, aber im¬
wandt gespielt; einige Töne ließen ein kapriziös schil¬
keu im „Antiquar“ ist erfüllt von
lerndes Talent vermuten. Von einer glaubhaften Ver¬
ter Hebräer hat zwischen staubigen
körperung der Rolle kann keine Rede sein; doch schreibe ich
fein funkelnd junges Weib Sarah
das, obwohl die Darstellerin durch ihr schlechtes Sprechen
t!) und dazu und trotzdem einen
sich und dem Dichter viel verdarb, zum größeren Teile
uel ins Haus genommen (nicht bloß
dem letzteren zu. Die Rolle ist kaum ganz glaubhaft zu
hins Haus). Da findet sich jung
machen. Zwei Rollen aber enthält das Stück, die außer¬
von Sinnenlust, die in höhnischen
ordentlich dankbar sind; die des Schülers und des Kom¬
und in geberischen Launen gegen
mis. Herr Fischer war als Schüler von dankenswerter
Allein es sind nur Launen, die
Schlichtheit. Dagegen zeigte der Samuel des Herrn Rot¬
haften. Das nimmt der Komödie von
mund einen ganz erheblichen Mangel an scharfer Kon¬
Schwere. Da aber gerade die
turierung. Der Darsteller brachte die Rolle, die nicht
Schwere spricht, so ergibt sich
umzubringen ist, nahezu um.
s zwischen künstlerischem Aufwand
Kein Wunder, daß diese Aufführung dieses Stückes
g. Dieses junge Weib schlottert im
ein Fehlschlag sein mußte; das Publikum blieb kühr bis
der Samuel, der „mutige“ Kom¬
ans Herz hinan. Der Dichter, der an der Mannheimer
mit Worten und Gesten mystischen
Aufführung Anteil, an der gleichzeitigen Kölner Auffüh¬
 nun der Alte, nichts wissend und
rung der „Panspiele“ wirklich teilnahm, hat durch diesen
nen wird zum Drohen und dieses
? Ich glaube
Abend nichts gewonnen. Ob in Köln.
 Geste: Mit dem Dolch in der
es nicht denn diese Panspiele sagen zu wenig von dem
r Samuel (bei der hiesigen Auf¬
großen Pan Carl Hauptmanns aus.
von allerdings nichts). Dann aber
Dem zweiten Stücke des Abends, Schnitzlers „Liebe¬
Alten wieder kraftlos in sich zurück
en Nichtwissen aus: „Samuel! ... Plei“ begegnet man wie einem leuchtend dehen Erlebnis
saus früherer Zeit. Jugend und Liebe sito hien tragisch ver¬
en, Samuel!
imlichen Reize sind, die das Milieu klärt. Die Melodie ihrer Verklärung ki gt auch heute noch
und rein, eine unverblaßte othese eben der¬
t leicht zu erreten. Die Menschen, voll

selben Jugend und Liebe. Halbes „Jugend“ ist alt geworden,
mit elementarer Wucht aus sich heraus. Das Liebesleid de
diese „Liebelei“ ist im all ihren geistigen Energien, die
Mädchens wurde zum Leide der ganzen Menschheit. Aus
subtil sind wie alte Kulturkräfte, noch unverbraucht. Das
der Weiring des Herrn Kolmar war von tiefstem Jamme
Erlebnis aus früherer Zeit erneut sich immer wieder.
angefaßt. Der Künstler gestaltéte die Tragödie dieses zu
Die Musik dier Sprache klingt auch heute noch so weich
Resignation gereiften Menschen und Künstlers in ihrer ganzem
und doch beherrscht wie einst. Eine Stadt lebte in diesen
Tiefe und Breite. Das Vorbeigehen am Menschen= und
brei Akten auf: Wien. Schuberts Büste steht in dem alt¬
Künstlerglück wurde sichtbar. Die Schatten eines langen
väterischen Zimmer des lieben, guten Weiering, Schuberts
glücklosen Lebens zeichneten sich wie Schattenrisse an dem
Geist aber schwebt über der ganzen Dichtung. Aus leise
letzten größten Unglück ab. Herr Kolmars Künstlerium er¬
schwingenden Tönen gräbt sich die Melodie auf, wächst an
schien mir noch selten reifer und voller als hier. Leider
wie Herbstwind im Park zu Schönbrunn und braust schließlich
eilte Herr Rotmund auch als Fritz mehr von Szene zu
über die Menschen hin wie über stolze Bäume. Der Stolzesten
Szene, als daß er ein Ganzes geformt hätte. Die einzelm
einer aber kommt zu Fell und Tod: Christine. Die Melodie
Szenen gelangen ihm überzeugend. Herr Köckerr und
lebt ab und verwimmert in der leisen Klage eines leisen
Frl. Weißenbacher waren als das andere, leichtere Paar
Menschen, Weirings, des Vaters. Melodic ist alles. Diese
zwar fesch und fidel, blieben aber ohne suggestive Wirkurg.
Tragödie ist ganz aus dem Geiste der Musik — der Musik
Die Dame ist der Rolle — bei allen guten Ansätzen — nich
einer alten, lieben Stadt — geboren. Es klingt wie Rauschen
nicht gewachsen. Frl. Wittels war als die Nachbatin
der Wipfel in Schönbrunn sund wie ein Lied von Schubert.
wieder einmal von einer ganz köstlichen, talmiechten Be¬
Die „Liebelei“ ist viel, viel schwerer darstellbar als
derkeit, Herr Götz verinnerlichte den fremden Herrn saß
die meisten Regisseure auch nur ahnen. Herr Gregori ließ
etwas zu aufdringlich.
manchmal manches laut werden von den heimlichen Tönen
1
der Dichtung. Freilich war das kalte Zimmer des ersten

Aktes kein besonders geeigneter Rahmen für das halb liebliche,
halb fesche Bild, das sich vor unseren Augen aufrollt. Der
Regisseur hatte sich ganz für den Charakter einer möblierten
Junggesellenwohnung entschieden, ohne zu berücksichtigen, daß
sie immerhin von Fritz, diesem eleganten Sentimentalen,
bewohnt wird. Um ko wohnlicher sund lieblicher war die
Wohus## Christinens und ihres Vaters. Wenn nur die
Beleutlung etwas sorgfältiger reguliert gewesen wäre.
Darstellung stand ein verlockendes Material zur
Verfünung, das ganz echte, stille, gefühlsbetonte Talent der
Frl. Rub. Leider wurde es nur mangelhaft für die Dichtung
ausgemünzt. Es floß nicht durch die drei Akte hin, sondern
staute sich und stockte zu verschiedenen Malen. Frl.
wari m ersten Akte zu finster, zu bewußt tragisch. Die
stellerin entezivierte zu viel aus den folgenden Akten.
unter mußte die Steigerung im zweiten Akte leiden. Erst
im dritten Akte war wieder die Möglichkeit des Wachsens
zur letzten Größe gegeben. Hier ging denn auch die Künstlerin</Unicode>
            </TextEquiv>
        </TextRegion>
    </Page>
</PcGts>
