3248 4320
477 125 859 209 Liebelei
311 102 1442 248 3 4 box 10/1
2389 507 2546 586 Ariom.
1294 544 2585 630 Was ist wienerisch? Darüber denkt man jetzt im Burgtheater
1173 611 2579 666 eifrig nach, denn Schnitzler's „Liebelei“ ist nach den Versicherungen
1177 654 2613 739 sachkundiger Feuilletonisten ein echt wienerisches Stück, Wiener Boden##
1175 694 2583 782 Wiener Luft. Und so etwas muß man natürlich wienerisch spielen. Dazl
1170 752 2592 813 würde nun vor allem eine Sprache gehören, die der heimatliche zum
1180 811 2580 874 mindesten ähnlich klänge. Aber wo nimmt man im Burgtheater#
1175 852 2577 928 Sprache her? Sächsisch, plattdeutsch, sogar französisch können dort  dier
1172 906 2589 970 meisten Schauspieler sprechen, aber wienerisch die wenigsten. Das gehort
1171 987 1810 1178 V C·
1038 1244 2435 1304 nun einmal zu den Traditionen des Hauses, wo die Leute „wech“ statt
1028 1302 2433 1354 weg, und „Enn'l“ statt Engel sagen. Man denke sich Herrn Sonnenthal
1028 1342 2434 1398 als Musikanten eines Wiener Vorstadtheaters und Fräulein Sandrock als
1037 1389 2437 1441 Wiener Vorstadtmädel! Man braucht das nur auszusprechen, um es
1037 1435 2436 1497 unaussprechlich zu finden. Herr Sonnenthal ist aus Budapest, Fräulein
1037 1490 2430 1554 Sandrock aus Rotterdam — woher sollen die wienerisch verstehen und
1027 1538 2431 1599 wie sollten sie es an einer Bühne lernen, an der bisher jeder deutsche
1030 1582 2440 1637 Dialect eher geduldet wurde als der heimatliche? Aber, wird man sagen,
1026 1630 2444 1694 das Wienerische steckt doch nicht nur in der Sprache, es muß doch etwas
1035 1684 2439 1749 davon auch im Geiste eines echt wienerischen Stückes, in den Charak¬
1028 1735 2432 1801 teren, in ihrer Denk= und Handlungsweise zu merken sein. Ganz richtig.
1024 1790 2443 1849 Aber, ehe man's merken kann, muß man doch wohl wissen, was es ist.
1026 1830 2440 1884 Also heraus endlich mit der Sprache, Ihr sachkundigen Feuilletonisten
1033 1881 2437 1948 und Burgtheaterdenker! Was ist wienerisch? Sie sagen es uns nicht.
1036 1933 2433 1992 Sie behaupten nur es zu spüren, zu riechen, zu schmecken. Man kennt
1027 1982 2444 2031 das ja — angeblich ein Hauch, das Allerfeinste, das Undefinirbare.
1028 2030 2438 2085 Versuchen wir den Hauch zu fassen. In den modernen Großstädten, wo
1027 2086 2433 2147 der Wellenschlag des Zeitlebens am heftigsten ist, wird überall die ur¬
1031 2125 2443 2196 sprüngliche Stadtphysiognomie, der charakteristische Volkstypus verschliffen
1033 2178 2437 2231 und verwaschen. In Wien mit seinem bunten Nationalitätengemisch geschieht
1020 2228 2444 2293 Das noch rascher und gründlicher als in anderen Städten. Man muß
1031 2269 2430 2331 in tiesere Gesellschaftsschichten, besonders in das von Bildung und Welt¬
1024 2322 2435 2370 verkehr noch ziemlich abgeschlossene kleinbürgerliche Spießerthum hinein¬
1032 2381 2441 2438 gehen, um die Reste der alten Eigenart zu finden. Wo man sie aber
1041 2425 2436 2487 findet, da sind sie derb und leben in groben Typen, die — nicht „burg¬
1036 2474 2440 2532 theaterfähig“ sind. In den minder abgeschlossenen und in den gebildeteren
1036 2522 2440 2579 Schichten findet man das Ureigen=wienerische nur mehr verdünnt, abge¬
1042 2574 2446 2633 schwächt bis zur Unkenntlichkeit. Die Sinnlichkeit, die Raisonnirsucht, die
1037 2623 2449 2665 Sentimentalität, die gerne in Spott umschlägt, die weibliche Koketterie und
1033 2666 2442 2719 der männliche Cynismus, das alles hat hier ein allgemein großstädtisches
1031 2722 2449 2784 Gesicht mit kaum mehr merklichen localen Nüancen. Diese Feinheiten
1036 2779 2445 2848 aber sind für die Technik der groben Umrisse, wie sie das Theater selbst
1027 2811 2452 2867 in seinen feinsten Gattungen verlangt, überhaupt nicht faßbar. Was
1032 2859 2449 2913 bleibt also an Wienerischem für das Burgtheater übrig? Gar nichts als
1027 2919 2439 2984 die Sprache, und die beherrscht es nicht. Und was bleibt von den Ent¬
1032 2961 2449 3032 deckungen der sachkundigen Feuiiletonisten übrig? Gar nichts als gerochener
1034 3012 1525 3097 und geschmeckter Unsinn.
2152 3016 2403 3087 Danubius.
1153 3050 2442 3128 Ein Regentag, namentlich einer auf dem Lande, und gar einer in
1035 3108 2439 3169 der Nähe von Olmütz ist eine mißliche Sache. Die Mißlichkeit wächst aber zur
1030 3157 2450 3210 Katastrophe, wenn ein Regentag zu deren drei zerplätschert und eine leichtlebige
1034 3195 2447 3238 Wiener Demi-vierge mit schwerblütigen Provinzleuten in ein Zimmer, in eine
1037 3233 2448 3279 Familiengemeinschaft bannt. Nicht die sprichwörtliche Sonne, sondern der Regen
1028 3271 2444 3317 bringt's hier an den Tag, daß sie zu einander nicht passen, und so gehen die im
1035 3312 2439 3362 strömenden Gusse wieder auseinander, die im hellen Sonnenschein zusammenge¬
1037 3354 2445 3396 kommen waren. Diese dramatische Gegenüberstellung von Sonnenschirm und Para¬
1029 3399 2446 3442 pluie, welche in dem jüngsten Volkstheaterstücke „Ein Regentag“ von J. J. David
1039 3430 2448 3483 vollzogen wird, muß natürlich nur symbolisch genommen werden; der Dichter wollte die
1038 3468 2444 3530 Unverträglichkeit des sonnigen doch wurmstichtigen Wienerthums mit dem ernst umwölkten
1032 3508 2442 3558 bleiernen Pflichtthum der Prooinz aufzeigen. Die Leute im Volkstheater nahmen
1037 3549 2437 3597 aber den Luftdruck als psychologisches Motiv wortwörtlich und lachten den in der
1031 3589 2446 3630 Absicht feinen Gedanken aus. Das Stück fiel mit dem Barometer. Schade, denn in
1040 3627 2212 3693 dem Werke steckt neben falsch Geschantem viel Echtes und Werthvolles.
2228 3656 2406 3733 Justus.
