3436 4256
485 158 771 233 Lrebel
331 147 1462 269 5.— box 11/1
2701 116 3183 292 e
1689 197 2672 319 r Morgen=Zeitung“.
3099 304 3195 390 27
1845 440 3070 498 Herr du meine Zeit, eine von Loyalität triefende, für Thron und
1684 484 1783 536 eden
1790 478 3073 537 Altar mit dem Brustion der Ueberzeugung kämpfende Zeitung nennt die
1662 534 2808 572 Abertkünftige Königin von Italien eine — Kastanienknabberin.
1687 563 1797 619 wie
1852 553 3082 625 Es ist um schwindlig zu werden. Steht denn nichts mehr fest?
1682 602 1781 646 t ist.
1783 594 2047 664 Wankt alles?
1852 621 3077 688 Ich gäbe was d'rum, Herrn Macola, den Besitzer der „Gazzetta
1673 630 1787 690 hnen,
1679 682 1774 725 inter
1793 676 3070 715 di Venezia“, den schneidigen Abgeordneten und Afrikakenner, den Feind
1670 715 1781 765 Hent¬
1783 714 3074 753 Meneliks und seines Gönners, des Zaren, bei der ersten Audienz, die er
1694 753 3068 800 Lirefnatürlich schleunigst nachsuchen wird, vor der Kastanienkauerin, Ver¬
1699 792 1788 851 von
1787 786 3077 849 zeihung, ich wollte sagen, vor der künftigen Königin von Italien zu sehen.
1696 865 1790 913 um
1673 903 1784 958 higer
1839 881 3090 956 Lobetheater. Sonnabend, 12. September: „Liebelei.“ Schau¬
1681 931 2384 986 undssviel von Arthur Schnitzler.
1690 978 1785 1029 und
1851 974 3083 1022 Die erste vollwichtige Novität der Spielzeit! Neulich gab man im
1680 1014 1776 1067 ollen
1796 1006 3069 1059 Lobetheater die „Renaissance". Die war in richtigen Versen „gedichtet“
1676 1053 1777 1102 hrem
1791 1051 3078 1102 und wirkte prosaisch. „Liebelei“ bedient sich der Prosa und ist eine
1717 1097 1774 1145 ge¬
1798 1090 3084 1132 Dichtung. Der Autor ist ein Wiener Kind, und wenn ich nicht irre,
1692 1129 1786 1178 der
1797 1125 3078 1167 Arzt gewesen, bevor er zur Feder griff. Es verging bereits manches
1667 1164 1781 1211 men¬
1798 1168 3083 1214 Jahr, seit die damals als Beilage zur „Presse“ erscheinende Wochenschrift
1791 1199 3094 1251 „An der schönen blauen Donau“ zuerst kleine, feine Novelletten von
1669 1206 1780 1263 däch¬
1781 1247 3085 1294 Arthur Schnitzler veröffentlichte. Schon zu jener Zeit nannten ihn seine
1666 1269 1781 1328 ihren
1793 1276 3084 1324 Freunde und die Gefährten vom Stammtische ein großes Talent.
1796 1329 3089 1372 Schnitzler hat noch geraume Weile gebraucht, um sich zu offenbaren, aber
1676 1312 1787 1367 auch
1800 1355 3087 1398 nun ist er zum Unterschiede von anderen Literaturcafé=Talenten wirksich
1673 1355 1781 1411 ionen
1788 1391 3104 1437 „Wer“ geworden. Ein Novellist, den man kauft, und ein Dramatiker,
1784 1428 2132 1489 den man aufführt.
1669 1412 1781 1481 stach
1671 1470 1796 1520 e hat
1853 1466 3076 1515 Ein großes, himmelstürmendes Genie ist Schnitzler keineswegs.
1691 1507 1788 1554 heute.
1795 1504 3085 1551 Eher dürfte man ihn eine sensitive, zarte Dichternatur nennen, die, merk¬
1689 1545 1783 1590 eipen
1805 1540 3081 1586 würdig genug, mit einem stupenden Blick für die Erscheinungen des all¬
1681 1578 1786 1628 chens
1792 1573 3090 1635 täglichen Lebens begabt ist. Schnitzler besitzt zudem die seltene Fähigkeit, diese
1672 1618 1783 1666 festen
1799 1612 3089 1661 Erscheinungen zu contrastreichen Bühnenwirkungen zu verwerthen. Der
1696 1658 1777 1702 ver
1794 1651 3098 1691 erste Act von „Liebelei“ ist davon ein starkes Beispiel. Ein Quartett
1796 1691 3085 1739 junger, verliebter, leichtsinniger Menschenkinder, zwei Lebemänner des
1689 1691 1786 1740 das
1793 1731 3081 1775 Mittelstandes und zwei Mädchen, bessere Grisetten. Beide Paare sind
1693 1730 1787 1777 her¬
1794 1760 3084 1807 Villant charakterisirt. Die fesche, kecke Schlager=Mizi mit ihrem drolligen,
1668 1767 1791 1819 nein¬
1807 1800 3093 1838 leicht oberflächlichen Schatz Theodor sind prächtige, echte Gewächse des
1679 1807 1783 1852 ethan
1802 1842 3088 1896 Wiener Bodens, auf dem Harmlosigkeit und heiterer Lebensgenuß noch
1674 1842 1781 1908 ischen
1792 1880 3087 1925 immer — wenn auch weit seltener als früher — gedeihen können. Da¬
1797 1908 3094 1968 nehen der tief angelegte, melancholisch=blasirte Frauenliebling Fritz,
1689 1900 1785 1963 Die
1695 1954 1793 2001 Sie
1801 1951 2991 2009 an dem die stille, zarte Christine in tiefer hingebender Liebe hängt.
1846 1986 3092 2040 Die vier sind in der Garconwohnung Fritzens zusammen. Sie soupiren,
1687 1986 1788 2042 ldigt
1801 2027 3087 2076 schwatzen Blödsinn, amüsiren sich. Ein ohne Sensationsmacherei gezeich¬
1692 2034 1790 2093 gen¬
1782 2065 3103 2128 Inetes Bild von prägnantester Lebensschärfe. Mitten hinein in den Tru¬
1789 2097 2935 2152 bel schrillt die Klingel, mitten in die Posse greift die Tragödie.
1676 2091 1785 2156 Leser
1849 2128 3095 2184 Den weitherzigen Fritz hat sein Liebebedürfniß nicht nur zu Mädchen
1676 2145 1793 2205 ingen
1796 2181 3085 2229 geringeren Standes, auch zu Damen der sogenannten guten Gesellschaft
1673 2218 1789 2273 riffen
1794 2220 3092 2273 geführt. Zu einer verheiratheten Frau hat er zuletzt in unerlaubten Be¬
1800 2257 3095 2319 ziehungen gestanden. Der betrogene Gatte ist es, der mitten in die
1683 2262 1781 2310 ichts
1801 2292 3096 2337 Lustigkeit des intimen Soupers hineinplatzt. Er kommt, um Rechen¬
1667 2298 1792 2350 aggio.
1696 2331 3096 2384 frei=schaft zu fordern. Eine kurze, harte, schwüle Scene. Dann geht der
1669 2382 3089 2434 seben, [Mann und die verscheuchten Mädchen kehren aus dem Nebenzimmer zu¬
1702 2411 1792 2460 Die
1801 2408 3091 2451 rück. Abe die richtige Lustigkeit ist erloschen. Es drückt auf sie Alle
1801 2449 3092 2494 wie Ahnuig kommenden Unheils. Man bricht auf und während sich
1678 2448 1780 2499 paal
1684 2490 1789 2538 jahr¬
1792 2482 3107 2547 draußen in der Nacht die lachenden Stimmen entfernen, bleibt Fritz
1807 2531 2714 2579 allein mit den Gedanken an das kommende Unheil.
1700 2530 1792 2576 am
1794 2563 3091 2617 Fürwahr ein Act, wie ihrer nicht viele geschrieben worden sind.
1696 2597 1800 2668 siten
1796 2599 3095 2644 Einfach, zwingend logisch, erschütternd. Die beiden Aufzüge, die dann
1765 2640 3088 2693 folgen, haben wunderschöne Scenen, scharf gezeichnete Charaktere, sehr viel
1795 2675 3092 2742 des Guten, aber sie reichen in ihrer poetischen wie dramatischen Wirk¬
1722 2715 2527 2756 ge=lsamkeit an ihren Vorgänger nicht heran.
1853 2740 3088 2805 Das Schicksal Fritzens und Christinens erfüllt sich. Gerade als
1717 2757 1794 2810 die
1706 2787 3085 2846 ein Fritz erkennt, daß Christine ihm mehr sein dürfte, als eine bloße „Liebelei“,
1694 2840 3081 2888 ter=ldaß sie ihm das Glück bedeuten könnte, fordert ihn die Vergeltung. Er
1708 2867 3090 2917 len,fällt im Duell von der Hand des Mannes, den er betrogen. Und die
1705 2907 3087 2948 tuchtarme Christine, die von der Katastrophe nicht eher erfährt, als bis ihr
1712 2953 3097 3007 und Liebstes schon im Grabe ruht, wird nicht länger leben. „Sie kommt
1715 2981 2887 3029 irtenicht wieder“, ruft die bange Ahnung aus Christinens Vater.
1862 3017 3089 3071 Dieses Stück, das mit seinem tnappen, alltäglichen Dialog, mit
1717 3030 1799 3073 un¬
1802 3059 3101 3117 seinen einfachen, gar nicht complicirten Menschen ebensoweit entfernt steht
1723 3083 3108 3151 tenlvon den blendenden Theaterpraktiken Sudermanns, wie von den seelischen
1808 3134 3091 3186 Grübeleien Hauptmanns, zeigt seinen Schöpfer als eine scharfumrissene
1702 3131 1788 3194 zer¬
1802 3176 3103 3220 dichterische Persönlichkeit. Nicht daß Alles, was Schnitzler zeigt, neu
1705 3177 1794 3227 igst
1704 3215 3080 3257 inerswäre. Im Gegentheil, die Handlung von „Liebelei“ ist ebenso oft da¬
1798 3249 3102 3299 gewesen, wie etwa das Duell als dramatisches Motiv. Aber Schnitzler
1703 3255 1801 3305 ener
1801 3294 3100 3341 durchdringt den trivialen Stoff mit der Kraft seines eigenen, besonderen
1702 3293 1793 3339 dem
1805 3320 3091 3367 Empfindens und erringt so, als wenn sie ihm von selber zuflögen, ganz
1719 3330 1801 3377 sich
1811 3360 3100 3405 erstaunliche, theatralische Wirkungen. Daß Beide: die Literatur und das
1712 3369 1788 3417 das
1810 3397 3093 3444 Theater, Vortheil haben von Schnitzlers Erstlingsschaffen, das ist das
1803 3440 2734 3500 besonders Erfreuliche an diesem dichterischen Debut.
1691 3443 1798 3501 irt“,
1860 3480 3086 3526 „Liebelei“ gehört zu den Stücken, die sich nicht von selber spielen,
1682 3498 3093 3567 Mans die einer starken schauspielerischen Interpreiation bedürfen. Das Werk ist
1802 3552 3094 3599 um eine Saison zu spät nach Breslau gekommen. Das Witte=Wild'sche
1703 3561 1806 3624 der
1804 3591 3091 3638 Ensemble, so musterhaft besonders im modernen Fache, hätte auch der
1801 3635 3093 3679 „Liebelei“ sicher einen durchschlagenden Erfolg verschafft. Bei der gegen¬
1807 3668 3095 3715 wärtigen Darstellung mußte man mit einem von der Regie (A. Hofmann)
1693 3707 3104 3753 weisel sorglich bereiteten Zusammenspiele, viel gutem Willen und einigen hübschen
1804 3749 3092 3794 Einzelleistungen vorlieb nehmen. Darum wollte sich der rechte Enthusiasmus
1683 3750 1799 3800 stern
1807 3777 3097 3845 im Publikum nicht einstellen. Ja, der vortreffliche erste##t begegnete
1688 3789 1792 3838 reich
1810 3818 2519 3883 einer fast kühl zu nennenden Aufnahme.
1683 3824 1791 3876 ischen
1875 3869 3103 3911 Es fehlt der für die vereinigten Theater geworbenen Truppe nicht an
1668 3869 1813 3914 in der
1674 3899 3086 3957 infeld.lpassablen Schauspielern, wohl aber an k ünstlerisch bedeutsamen Indivi¬
1698 3943 3103 3987 ungen dualitäten. Am raschesten dürfte sich zu einer solchen Frl. Jurberg
1702 3977 3094 4030 hrigesauswachsen, ein hübsches, munteres Persönchen, das mit kecker
1702 4029 3101 4055 eine Grazie und überwiegend trefflichem Gelingen die Schlager=Mizi
1678 4059 3094 4108 ungen verkörperte. Das war echtes Wiener Blut. Nur selten gewahrte man,
1749 4092 3106 4135 diel daß Frl. Jurberg an schauspielerischer Routine noch gewinnen darf.
