3436 4256
483 175 720 247 Liebe
949 162 1443 265 box 10/4
291 159 879 299 5. Liesslei
2768 575 2978 685 Seite 3.
1729 600 2027 706 Mephisto
734 602 926 709 Nr. 4.
740 729 2988 838 wandten Schauspielers) auf's Haar einem Berliner Dandy noch nicht durch den Goldklang der Tantièmen um
1869 814 2987 890 seine Unschuld gebracht war, auf die Hofbühne zu
753 822 1868 896 glich. Den Wiener Dialekt haben nur Fräulein
1875 852 2083 925 bringen.
755 885 1865 958 Reinier, Fräulein Ida Timling (deren „Mizi
1976 877 2997 962 Dem Stammpublikum des Residenztheaters
753 933 1869 1022 Schlager“ ein echtes Wiener Frücht'l voll Verve und
1879 939 2994 1022 ist also Felix Philippi kein Unbekannter; im Gegen¬
1868 994 2991 1076 theil, man kennt ihn sehr gut, man weiß ganz genau,
761 992 1860 1072 „Hamur“, nur ein bischen gar zu „resch“ angepackt war)
1869 1061 2998 1124 worauf man sich bei ihm gefaßt machen und was man
753 1060 1869 1124 und Herr Krein=Rhoden (als Fritz Lobheimer) be¬
1879 1086 3005 1162 nicht von ihm erwarten darf. Man geht zu seinen
758 1126 1874 1201 herrscht. Das war zweifellos ein den Gesammteindruck
1873 1135 3002 1223 Premièren wie in eine Gesellschaft, in der man sich
752 1169 1868 1260 empfindlich störender Mangel, welcher aber keineswegs be¬
1881 1204 2999 1268 schon öfters sehr gut amüsirt hat, in der einem die
764 1232 1875 1310 weist, daß es dem von Direktor Meßthaler gebildeten En¬
1877 1241 3006 1305 Stunden in der Unterhaltung mit klugen, erfahrenen
1878 1289 2996 1374 und beredsam plaudernden Leuten schon mehrmals
765 1309 1880 1383 semble an tüchtigen, leistungsfähigen Kräften fehlt, sondern
1884 1337 2994 1393 ungemein rasch und angenehm entflogen sind, gleich¬
769 1360 1873 1423 nur, daß es noch einige Lücken darin gibt, die aus¬
1887 1383 3011 1464 viel, ob man am nächsten Morgen noch eine Ahnung
760 1397 1876 1478 zufüllen man zweifellos bestrebt sein wird. Freilich darf
1886 1430 3005 1504 davon hatte, wovon eigentlich die Rede gewesen war
766 1464 1874 1542 dabei auch nicht vergessen werden, daß die Stücke, welche
1880 1477 2993 1562 und warum man dem Gespräch so theilnahmsvoll ge¬
766 1523 1873 1603 das Programm Direktor Meßthaler's bilden, im Hinblick
1893 1529 3009 1599 lauscht hatte. Man weiß, oder man erwartet wenigstens
1882 1573 3006 1645 mit Bestimmtheit, daß der Abend „bei Philippi“ wieder
775 1587 1876 1662 auf die Verschiedenartigkeit und Komplizirtheit ihrer
1883 1621 3004 1695 „ganz reizend“ wieder sehr unterhaltend und anregend
768 1645 1875 1715 Milieus der Darstellung ganz andere Schwierigkeiten
1890 1670 3006 1747 sein wird. Wovor man sich aber hütet, das ist die
763 1696 1885 1786 bereiten, als das beliebte Salon=Repertoir unserer Tages¬
1891 1723 3018 1810 Illusion, in „Stimmung“ versetzt zu werden, bei einem
770 1750 1880 1835 größen, welche die Rollen ihrer Stücke nach gewissen
1888 1778 3001 1842 Dichter geladen zu sein, dessen Worten man im
775 1818 1885 1904 Schablonen den verschiedenen „Fächern“ auf den Leib zu
1890 1812 3011 1899 Innersten bewegt lauschen könnte, dessen Gestalten uns
1897 1870 3007 1951 Mitgefühl einflößen würden. Davor hütet man sich, denn
767 1883 1142 1965 schreiben pflegen.
1884 1923 3017 1992 man würde sich mit solchen naiven Erwartungen nur
873 1923 1886 2013 Ein hiesiger Kritiker, dessen Urtheil stets hochachtbar
1890 1975 2360 2052 den Abend verderben.
780 1990 1885 2072 erscheint, weil es der lauteren Quelle einer vornehmen
1987 1985 3011 2088 Das Publikum, das „seinen Philippi“ kennt und,
772 2054 1874 2132 Gesinnung entspringt, hat bedauert, daß die „Liebelei“
1894 2063 3018 2134 in diesem Sinne vorbereitet, seiner letzten Soirée im
778 2101 1877 2205 nicht im Hoftheater aufgeführt wurde. Er ist jedoch
1897 2112 3013 2189 Residenztheater beiwohnte, wird auch diesmal keine
1895 2169 3015 2239 Enttäuschung erlebt haben. Man hat sich insgesammt
776 2168 1886 2241 den Beweis dafür schuldig geblieben, daß sie dort in
1887 2215 3021 2295 wieder vortrefflich amüsirt, man wurde wieder in
775 2227 1883 2303 der Hauptsache eine bessere Darstellung gefunden hätte,
1889 2258 3010 2336 virtuoser Weise unterhalten, sogar in angenehm kitzelnde
773 2288 1885 2368 als im Deutschen Theater; er hat vergessen zu ver¬
1904 2316 3004 2382 Spannung versetzt; man hat anfangs ziemlich viel ge¬
771 2345 1880 2417 rathen, wer denn wohl auf der Hofbühne die „Christine“
1901 2352 3017 2447 lacht und schließlich wäre es beinahe rührend geworden;
1893 2411 3014 2477 mit einem Worte: man war vollkommen befriedigt;
775 2413 1880 2499 besser oder nur ebenso gut gespielt hätte, wie Fräulein
1898 2462 3013 2529 man applaudirte herzhaft, rief den Autor schon nach
774 2461 1894 2552 Reinier; er hat uns nicht davon überzeugt, daß im
1903 2506 3013 2569 dem zweiten Akte wiederholt, nach dem Schlußakte, um
784 2529 1899 2596 Hoftheater der Wiener Lokalton besser und einheitlicher
1896 2554 3023 2629 ihn sich ganz genau anzusehen, fünfmal und ging dann
777 2591 1890 2659 getroffen worden wäre, als im Deutschen Theater: er hat
1899 2605 3023 2675 in bester Stimmung nach Hause. Viele werden sich
786 2635 1891 2723 nicht bedacht, daß man wohl überhaupt nicht berechtigt
1903 2659 3024 2736 das Stück nochmals ansehen, Alle werden es all' ihren
788 2696 1895 2777 ist, von einem jungen, erst am Beginn seiner Ent¬
1900 2703 3018 2767 Verwandten und Bekannten empfehlen, die Kassen¬
1894 2750 3015 2830 rapporte werden wieder glänzend ausfallen und das
777 2755 1893 2846 wicklung stehenden Kunstinstitute, das sich im Laufe der Zeit
1907 2814 3023 2896 nächste Opus Felix Philippi's wird Herr Possart bereits
792 2814 1894 2897 noch zu vervollkommnen haben wird, zu fordern, daß es
1904 2868 2356 2941 im Keime erwerben.
793 2873 1906 2949 schon heute in jeder Beziehung den Vergleich mit einem
1997 2886 3027 2985 Wir sind weit davon entfernt, Herrn Felix Philippi
788 2955 1898 3019 jahrhundertalten, in jedmöglicher Weise begünstigten
1909 2979 3024 3033 diesen Erfolg zu mißgönnen oder gar zu behaupten,
796 2998 1889 3077 Hoftheater aushalten könne. Er scheint aber auch
1914 3007 3027 3077 er habe ihn nicht verdient. Wer das Publikum so
1916 3054 3023 3120 trefflich zu unterhalten versteht und zwar mit der Miene
786 3052 1904 3126 übersehen zu haben, worin das Deutsche Theater dem
1910 3106 3028 3174 und im Tone eines Gentleman, mit den Mitteln eines
785 3118 1903 3183 Hostheäter schonl heute überlegen ist. Ich muß mich
1915 3155 3014 3229 klugen, weltkundigen Mannes, der verdient zweifellos,
792 3182 1902 3265 für heute damit begnügen, dies wohl verständlich genug
1903 3206 3030 3272 daß man sich bei ihm bedankt. Daß Herr Felix Philippi
787 3235 1903 3312 angedeutet zu haben. Bei nächster Gelegenheit vielleicht
1918 3257 3028 3332 kein Dichter ist, sondern ein ungewöhnlich begabter
1684 3291 1873 3374 J. Sch.
801 3288 1290 3388 ein Mehreres darüber!
1913 3306 3026 3373 Theaterschriftsteller, der sein Metier aus dem ff kennt,
1913 3353 3024 3420 das ist kein Fehler, für den er verantwortlich zu machen
1305 3338 1402 3435 *
1916 3395 3037 3480 wäre. Denn man macht sich nicht selbst zum Dichter.
1557 3427 1627 3491 „
1107 3409 1582 3524 „Wer war's?“
1926 3444 3028 3515 Zu tadeln wäre blos, wenn in seiner Arbeit die
1922 3498 3025 3574 Prätension läge, sie sei das Werk eines Dichters. Ich
849 3483 1862 3588 Schauspiel in drei Akten von Felix Philippi.
1919 3555 3035 3628 habe sie jedoch nicht darin entdecken können. Es ist
808 3555 1897 3637 (Erstaufführung im königl. Residenztheater am 10. Oktober 1896.)
1929 3610 2653 3689 ehrliche und anspruchslose Arbeit.
902 3615 1909 3684 Felix Philippi gehört schon beinahe zu den
2002 3624 3029 3717 Ob es auch sonst tadellose Arbeit ist? Nicht
796 3666 1912 3742 Hausdichtern des königlichen Residenztheaters. Die Kassen¬
1919 3703 3029 3779 so ganz. Philippi hat, will mir scheinen, diesmal sein
803 3719 1907 3788 rapporte über seine „Wohlthäter der Menschheit“, seinen
1914 3753 3041 3828 Metier nicht mit der Umsicht ausgeübt, wie in den
809 3756 1910 3836 „Dornenweg“ mögen im Intendanzbureau mit ver¬
1928 3798 3027 3863 früheren hier bekannt gewordenen Fällen. Es hätte
797 3814 1916 3886 gnüglichem Schmunzeln aufgenommen worden sein und
1925 3836 3041 3914 ihm sonst nicht entgehen können, daß schon die Fabel
811 3866 1924 3939 so brachte man seinem jüngsten Opus solches Vertrauen
1919 3891 3038 3973 des neuen Stückes in ihrem Kern nicht ganz gesund
803 3916 1916 3980 entgegen, daß man sich sogar zu der kühnen Leistung
1923 3945 3028 4008 ist. Eine junge Frau aus der besten Gesellschaft, eine
818 3962 1922 4038 entschloß, ein Stück, das noch nirgends seine Zugkraft
811 3987 3042 4084 bewährt hatte, das noch vollkommen jungfräulich und junge Dame, welche für gebildet, ja sogar für besonders
