3484 4224
482 131 836 209 Liebelei
951 127 1424 221 box 12/7
301 135 922 249 5. B 4
364 393 1310 509 00 Kunst und Bühne.
1089 480 1437 553 Wien. 2. März.
440 530 1464 590 Burgtheater. Als Weiring in der „Liebelei“ tat
401 579 1462 642 gestern Alexander Cirardi seinen zweiten Wurf.
401 625 1466 673 Wer des Künstlers Art und die Rolle kennt, war von
394 654 1467 727 vornherein von dem Gelingen überzeugt. Girardi über¬
390 701 1458 761 raschte nur insoferne, als er noch schlichter, inniger und
387 750 1471 802 wärmer war, als man es erwartet hatte, und man
389 787 1463 860 darf es ruhig sagen, daß jetzt erst, dreiundzwanzig
386 843 1474 905 Jahre nach dem Entstehen des Stückes, die Rolle des
392 863 1459 931 Weiring an den berufenen Darsteller geraten ist. Was
391 926 1470 989 Schnitzler vom guten Geist des Wiener Volksstückes
383 964 1467 1017 übernommen hat, lebt in der Darstellung Girardis
391 1019 1451 1080 wie eine Mahnung zur Rückkehr aus dem Ueberspitzten
379 1050 1452 1122 und Ueberwitzten auf und diese Mahnung wirkte ge¬
387 1104 1458 1153 stern um so stärker, als auch Frau Medelsky in der
383 1143 1453 1204 erschütternden Wiedergabe der rührenden Christine
384 1181 1456 1233 von gleicher volkstümlicher Schlichtheit war. Die neu¬
376 1220 850 1287 wienerische Welt Schn
894 1230 1460 1292 #fand in Fräulein Ku¬
375 1276 1461 1341 tschera und in Herrn Läckner keck zugreifende
380 1303 1454 1369 Vertreter. Nur Herr Gerasch war weder alt= noch
382 1359 1462 1429 neuwienerisch, sondern unwienerisch wie ein junger
383 1401 1332 1452 Werther, der sich nach Lichtenthal verirrt hat.
484 2033 1526 2111 (Burgtheater.) „Liebelei“. Den braven Vater der un¬
380 2080 1546 2164 glücklichen Christine, jenes süßen Mädchens, dem zum Schicksal
368 2141 1539 2216 wurde, was doch nur Episode war, spielt jetzt Herr Girardi,
375 2188 1532 2265 Einfach und schön, die ganze Figur tief in weiches, warmes
374 2235 1535 2319 Abendsonnenlicht getaucht. Etwas wahrhaft Urväterliches ist in
365 2291 1516 2365 seinem Wesen. Etwas prinzipi Väterliches, das gar nicht der
366 2325 944 2390 Christine allein gilt, sondern al
950 2336 1524 2418 Menschen, Tieren und Dingen.
362 2378 927 2449 Der liebe Mensch ... so ausg
937 2397 1524 2460 rochen wie man sagt: der liebe
355 2427 916 2493 Gott. Am besten gefiel er mir
933 2447 1502 2513 enn — das geschah manchmal —
358 2480 897 2547 sein Humor so sachte durchb!
930 2493 1516 2562 e. Es waren Erkennungszeichen,
362 2526 868 2589 übers Burgtheater hinweg.
941 2552 1525 2610 agte: ich tn so, weil ich hier so
346 2566 861 2646 tun muß, ich spiele ja Lit¬
1016 2591 1511 2656 aber eigentlich bin ich doch
351 2626 848 2692 der Girardi. Rührend der
943 2635 1518 2708 espreizter Theatralik, den er in
347 2672 846 2742 den hochdramatischen Aug
948 2688 1527 2773 hatte. Gegen Pathos reagiert
343 2720 852 2788 eben seine prächtige Natu
937 2737 1515 2807 mit einem unwillkürlichen leisen
343 2769 795 2837 Einschlag von Parodie.
893 2787 1511 2866 in nach dieser Liebelei ganz be¬
349 2838 1510 2906 ruhigt. Girardi ist kräftig das Burgtheater. Seine Echtheit
341 2872 822 2930 trotzt allen Dichtern. E
868 2890 1510 2959 Natur ist gottlob stärker als die
333 2927 1094 3000 Kunst. Sie werden sie m anterkriegen!
557 3089 1260 3209 Ole
2591 593 2878 677 4 32.7916
2675 653 3046 761 Loitiig Wien
2095 803 3130 902 (Burgtheater.) „Liebelei“. Den braven Vater der un¬
1979 868 3143 954 glücklichen Chtistine, jenes saßen Mädchens, dem zum Schicksal
1991 923 3149 989 wurde, was doch nur Episobe war, spielt jetzt Herr Gixardi.
1979 989 3141 1041 Einfach und (schön, die hanze (Figur tief in weiches, warmes
1981 1011 3132 1102 Abendsonnetzhcht gefticht, E##as#, wahrhaft Urväterliches ist in
1987 1068 3139 1127 seinem Wesen. Etwas prinzipiell Väterliches, das gar nicht der
1995 1120 3140 1193 Christine allein gilt, sondern allen Menschen, Tieren und Dingen.
1981 1161 3131 1234 Der liebe Mensch ... so ausgesprochen wie man sagt: der liebe
1989 1215 3128 1281 Gott. Am besten gefiel er mir, wenn — das geschah manchmal —
1993 1262 3144 1318 sein Humor so sachte durchblinzelte. Es waren Erkennungszeichen,
1993 1313 3153 1387 übers Burgtheater hinweg. Es sagte: ich tu so, weil ich hier so
1993 1378 3138 1423 tun muß, ich spiele ja Literatur . . . aber eigentlich bin ich doch
1996 1389 3147 1476 der Girardi. Rührend der Ton gespreizter Theatralik, den er in
1982 1457 3149 1529 den hochdramatischen Augenblicken hatte. Gegen Pathos reagiert
1982 1507 3156 1563 eben seine prächtige Natur sofort mit einem unwillkürlichen leisen
1985 1563 3153 1620 Einschlag von Parodie. Ich bin nach dieser Liebelei ganz be¬
1987 1614 3141 1673 ruhigt. Girardi ist kräftiger als das Burgtheater. Seine Echtheit
1990 1649 3141 1736 trotzt allen Dichtern. Seine Natur ist gottlob stärker als die
3020 1707 3117 1781 p.
1985 1707 2749 1793 Kuust. Si##m#den sie nicht unterkriegen!
2254 2256 2926 2430 Graser Tagblatt, Grat
2098 2366 2748 2467 4. 3. 19 8 Abendblatt
2178 2445 3155 2520 #alexunder Giratdi) hat als zweite Antritts¬
2125 2501 3149 2562 rolle im Wiener Hofburgtheater den alten Musiker
2132 2556 2818 2622 Weiring in der „Liebelei“ ###
2129 2561 3155 2665 Das Stück bemüht sich bekannklich, ein wienerscher
2120 2651 3165 2737 Volksstück vorzutäuschen. Mit Hilfe der Mit¬
2134 2673 3163 2768 wirkung Girardis gelingt es ihm beinahe, sobald
2139 2741 3162 2808 dieser auf der Bühne steht, vollständig. Er über¬
2134 2790 3171 2866 sonnt aber von den beiden Auftritten, die ihm
2125 2832 3181 2897 vorgezeichnet sind, mit seiner köstlichen Schlichtheit
2139 2896 3173 2953 und seinen ungekünstelten Herzenstönen das ganze
2139 2933 3172 3004 Stück. Diesmal hat er gezeigt, daß er sich nicht
2141 2979 3170 3067 nur als Halbgott der Feenwelt Raimunds, sondern
2139 3031 3158 3103 auch als Stein unter Steinen, die des Burg¬
2135 3080 3171 3132 theaters Größe aufbauen, zu fügen weiß. Das war
2135 3124 3169 3206 vielleicht die schwerere Aufgabe, unser großer Lands¬
3009 3180 3131 3247 —nn.
2131 3175 2886 3247 mann hat aber auch sie restlos gelöst.
2783 3220 3162 3301 artegntefueng des
