3484 4224
419 141 739 216 iebelei
223 138 325 217 5
903 142 1340 237 box 13/8
332 159 753 260 HLLS S A
251 407 480 477 31924—
248 476 1269 651 ienna Letternd bro
1005 566 1364 716 LU
351 638 742 728 By PIERRE LOVING
213 725 1341 777 ched with brief mediaval tale of the mwunger Iseult whose
213 773 1360 823 g threat of in- pale white hand was worshipped and
222 810 1351 859 il, inhuman, and chronicled far and wide by the Knights of
227 851 539 917 rian art and lit¬
541 859 1363 917 the Round Table. The style of this book
236 891 546 948 very real one,
547 902 1353 948 is so lyrical, so bardesque that it fairly
217 935 538 996 onduces to wild
549 947 1344 992 brims over into the most limpid poetry.
229 980 543 1039 as, for instance,
553 982 1347 1044 Fredegund“ (Rikola Verlag) is another
210 1019 535 1079 rigin is capable
552 1019 1351 1074 ancient tale, but of Nordic erigin, treated in
227 1066 534 1117 yto the eternal
548 1066 1342 1125 a somewhat similar vein; the gestes are
225 1105 535 1162 and folk-ways
547 1124 1343 1178 more uncouth and barbaric, far more ele¬
209 1135 545 1206 Il. That this is
550 1158 1343 1212 mental, although the lyrical vein of the
215 1190 535 1246 xtended proof;
551 1201 1340 1244 narrative remains unabated. Lucka has just
226 1232 548 1286 also used this
548 1240 1345 1296 completed a study of Dostoievsky which
212 1273 546 1331 total deflance of
546 1283 1347 1340 shows the Russian novelist in an entirely
214 1319 530 1375 Werfel any num
543 1315 1342 1389 new lighit, that is, as a super-modernist;
210 1362 536 1413 uld be cited to
550 1367 1350 1423 perhaps the greatest spirit of our times in
207 1404 538 1466 ization. On the
548 1414 1353 1461 that he fought valorously against the
212 1445 536 1506 esire for a sure
553 1449 1341 1505 idolatry of intellect and the apotheosis of
222 1491 551 1546 unchanging and
548 1501 1349 1555 natural science. Lucka is busily at work
219 1527 542 1593 Hermann Bahr
555 1539 1352 1598 upon a, new bock which will deal with
209 1574 534 1633 ns of the Cath¬
543 1577 1352 1633 primitive myths and their quaint disguises
221 1616 528 1675 t autobiography
555 1627 1352 1670 in ceremonials, customs, and daily habits
228 1658 535 1717 Catholic always
547 1663 1346 1716 of thought and speech. The tentative
211 1701 530 1759 ie strayed from
546 1704 1345 1768 title of this work, which gives just enough
213 1746 533 1803 le law has com¬
553 1746 1347 1817 of its theme and drift, is Der Ur-Gut der
548 1785 772 1854 Menscheit.“
207 1779 530 1844 cous pomp and
215 1826 524 1892 sciplined faith;
568 1848 1344 1912 Apropos of the far-flung pessimism
231 1873 524 1929 which has re¬
542 1887 1353 1965 which prevails with regard to European
228 1913 521 1987 sweetness and
550 1934 1350 1986 civilization, Jacob Wassermann, who has
222 1956 386 2014 e land.
540 1986 1346 2033 just published a new book of stories, enti¬
211 1992 522 2063 n literature the
541 2027 1349 2086 tled Der Geist des Pilgers'’ (the scene of
211 2044 528 2100 to portray the
544 2063 1344 2121 one of them is laid in Mexico!), writes in
208 2084 535 2144 ie city is fully
546 2109 1332 2157 the Neue Ereie Presse-that Europe has, in
226 2128 524 2183 Heimatsdichter,
545 2160 1332 2205 his opinion, becôme jaded and overcultured.
216 2161 489 2228 familiar soil.
539 2194 1343 2243 He relates how, after an address which
212 2212 529 2272 o be sure, write
536 2229 1345 2288 ehe had delivered at a Swedish University
223 2249 520 2315 is of secondary
538 2272 1338 2332 on the subject of humanity, a student came
227 2296 529 2353 the cornlands
544 2318 1332 2379 up to him, his eyes overflowing with tears,
224 2338 527 2398 make of then.
542 2356 1340 2405 and asked wistfully:" Do you really believe
211 2381 519 2441 hief among these
540 2397 1322 2458 that people can be changed for the better ?“
208 2420 524 2477 r, who is known
545 2434 1336 2494 This question, Wassermann records, not
211 2464 529 2525 his Children's
546 2479 1335 2552 only stunned him, but cut deeply into his
210 2511 531 2565 est but certäinly
536 2526 663 2576 soul.
255 2552 533 2605 A far better
941 2564 1037 2644 *2
201 2569 510 2652 eure is Erde.“
213 2627 532 2694 icant is Glaube
562 2639 1330 2685 In my last letter I mentioned, in pass¬
229 2680 521 2737 is so deeplz
534 2678 1329 2739 ing, Franz Werfel’s Spiegelmensch, one
198 2720 524 2780 fe of the Tyrol
542 2732 1326 2784 of the greatest dramatic poems in contem¬
205 2761 518 2821 translator, how¬
530 2776 1331 2818 porary German literäture. Whien I first
208 2807 513 2865 over into intelli¬
544 2815 1329 2869 read  Spiegelmensch, in 102o, I was not a
196 2834 525 2904 words might be
537 2839 1325 2907 little puzzled by its dense symbolism. Parts
197 2892 523 2955 and atmosphere
534 2896 1332 2940 I could just make out; others, quite frank¬
194 2933 521 2989 Hote and foreign.
532 2939 1323 2992 ly, were the sheerest kind of abracadabra.
209 2973 522 3034 ready guessed, a
532 2980 1341 3026 The comment which has appeared since in
205 3018 524 3076 fe, and we have
538 3022 1348 3076 the literary reviews has been, I am afraid,
204 3059 530 3121 othe Austrian
541 3064 1342 3112 not very helpful or enlightening. But the
207 3105 519 3159 rtrays an aspect
543 3108 1350 3165 difficult symbolism of“ Spiegelmensch' was
216 3146 522 3200 exemplified by
533 3140 1331 3204 recently clarified for me by the author him¬
217 3187 516 3244 Austrian Alps;
535 3203 1347 3245 self. He was good enough to give me a
200 3230 520 3299 peasants sullenly
535 3229 1344 3290 copy of his Dramaturgie' (Kurt Wolff),
211 3271 525 3331 of their fathers
534 3276 1339 3333 of which no copies were sold and only ten
203 3314 523 3375 ughts of invad¬
547 3317 1328 3372 were printed for private use. The“ Drama¬
541 3360 1337 3415 turgie“ makes the symbolism of  Spiegel¬
197 3355 519 3418 e und Heimat'
528 3388 1336 3459 mensch“ perfectly clear; the language is
211 3404 516 3457 s problem play.
531 3445 1344 3486 terse and to the point. I have only space
217 3439 516 3501 has used the
534 3485 1339 3537 here to point out that the three worlds
195 3484 517 3550 arting point, but
537 3531 1343 3582 limned in the magic trilogy correspond to
198 3530 520 3583 bove everything
533 3566 1335 3627 the three phases of man’s mind. The clois¬
202 3569 524 3644 uman faith and
538 3607 1345 3659 ter, says the author, represents the world
546 3653 1340 3705 of Logos (philosophy); the monk stands
538 3693 1339 3745 for inexorable consequence. (I do not take
530 3736 1345 3793 this to signify Fate in the Greck sense, but
205 3746 521 3815 plumbed to the
542 3778 1334 3819 the moral Nemesis which pursues all our
196 3798 525 3859 t’s soul; and his
541 3819 1341 3866 thoughts and acts in everyday life.) The
207 3842 522 3901 elling, so beauti¬
545 3861 1338 3903 second part of the trilogy symbolizes the
205 3882 526 3942 that the effect of
541 3898 1342 3948 Living World: father, friend, wife, child,
202 3925 515 3986 put into words.
538 3942 1343 4000 priest, and people—in other words, the
203 3967 516 4031 rde' is closer to
544 3983 1354 4040 world of Eros, which is the plane on which
211 4012 525 4066 unwritten poem
206 4051 522 4110 Wordsworth or
227 4096 522 4130 radoxical as it
1404 434 2116 493 " P orer —1 1824.
1380 514 2170 588 temporal man of necessity dwells. The
1375 567 2157 633 third part depicts the world of the alter
1369 621 2164 678 ego, Spiegelemensch, who is Mephistoph¬
1365 661 2161 715 eles to Thamal’s Faust. This is the do¬
1376 692 2161 749 main of reflected valucs (Spiegelwerte). In
1361 732 2148 798 this realm the ignoble desires come troop¬
1372 791 2164 828 ing forth: desire of victory, the submerged
1374 824 2168 879 self and fear of death; in one word, as
1376 868 2157 928 Werfel puts it, the world of uncontrolled
1360 909 1620 970 sex impulse.
1397 947 2154 1030 The“ Collected Poems“ of Stefan Zweig
1363 1007 2164 1070 have ar last been published, he is one of
1371 1063 2162 1106 the most exquisite poets of the older group
1371 1102 2163 1160 in Austria; he is classic and refined in
1369 1146 2161 1192 manner and his appeal is to all who admire
1374 1189 2158 1246 serene quietude and a high degree of liter¬
1363 1223 2155 1285 ary craftsmanship. Arnold Bronnen, onc of
1369 1270 2161 1339 the most significant of the younger
1371 1314 2153 1373 Austrian dramatists and author of the
1366 1359 2154 1420 notorious Vatermord' (Fischer), has
1364 1400 2168 1455 just finished his new play“ Verrat' (Be¬
1368 1446 2157 1498 trayal), which I was privileged to examine
1366 1537 2161 1587 pressionistic in manner, of a theme treated
1367 1587 2156 1640 with great beauty by Frederich Hebbel in
1371 1631 2156 1689 Gieges and His Ring.“ Bronnen belongs
1355 1671 2158 1735 *to that class of German writers, mostly
1362 1721 2161 1773 Jounger men, who have definitely broken
1366 1764 2148 1823 with traditional form; they are trying to
1356 1802 2154 1876 discover a more direct, less rhetorical form
1375 1852 2149 1915 of expression. The most successful mem¬
1359 1888 2159 1954 ber of this group is, of course, George
1369 1940 2160 1989 Kaiser, who is now in Vienna in connec¬
1365 1984 2150 2052 tion with the rehearsals of his new play,
1382 2025 1707 2093 Nebeneinander.“
1386 2086 2157 2148 Anew play by Raoul Auernheimer, entitled
1346 2130 2148 2173 # Casanova in Wien, has just been pro¬
1353 2163 2162 2230 duced with Moissi in the title röle and will
1364 2215 2164 2256 shortly be published by Rikola. Casancva
1355 2252 2149 2313 is made out to be far more idealistic than
1357 2301 2149 2357 he was in the living flesh. He is set off in
1363 2340 2151 2392 contrast with his brother, the painter.
1361 2378 2153 2440 Auernheimer is concerned with the eternal
1361 2437 2153 2483 conflict between the acquisitive, material¬
1363 2477 2162 2543 istic man and the creative spirit; Casanova,
1352 2521 2160 2582 of course, is the materialist, while his
1353 2575 2152 2627 brother is the idealist. Let no one quarrel
1360 2609 2151 2669 with this free rewriting of the immortal
1361 2664 2150 2710 memoirs. All history and the whole field
1353 2695 2150 2754 of fiction are fair game for the dramatist
1356 2736 2154 2799 if he can suggestively rework his original
1352 2775 2151 2825 material; and this, let it be added, Auern¬
2180 533 2970 602 heimer has done; the result is a play writ¬
2184 585 2980 639 ten in delicate half dreamy blank verse, with
2178 629 2676 696 one or two fine moments.
2217 675 2972 750 An interesting play, dealing witl post¬
2182 732 2967 785 war problems in Austria, is Paul Wert¬
2178 779 2987 837 heimer’s Menschen von Heute“ (People
2182 833 2995 884 of Today), put out by Rikola. It deals
2180 867 2987 920 with the temptations which confront medi¬
2176 908 2984 970 cal men in modern Vienna; its theme, in
2173 952 2986 1009 a broader sense, is the danger of total sub¬
2181 999 2973 1047 mergence which stares the whole middle
2182 1039 2983 1103 class in the face. The theme is deftly
2179 1089 2988 1147 handled and the action moves forward in¬
2186 1146 2987 1189 cxorably, so that we feel at moments that
2184 1179 2980 1229 we are witnessing a tragedy based on the
2180 1224 2981 1277 little stringent inevitabilities of everyday
2181 1264 2987 1320 life. There are, however, few Austrian
2178 1303 2981 1374 dramatists who can portray the life of Aus¬
2188 1356 2983 1419 trie, and especially that of Vienna, with,
2175 1406 2979 1464 greater pathos, truth and tenderness than
2175 1443 2970 1505 Schnitzler has done. A revival of Lie¬
2171 1492 2956 1549 belei“ recently proved that the old magic
2178 1523 2970 1584 the incisive charm, was still present in this
2184 1575 2973 1622 characteristic piece, written at least fifteen
2177 1620 2965 1686 years ago. This opinion was confirmed only
2174 1668 2953 1712 a few days ago by Hermann Sudermann,
2179 1707 2947 1767 who observed, in the course of an inter¬
2178 1737 2974 1808 view, that for him Schnitzler was and stilf
2157 1775 2969 1850 is the most charactéristic painter of Aus¬
2179 1831 2659 1902 trian and Viennese life 1
2195 1953 2985 2020 Jean Rostand’s new novel, Deux An¬
2165 2016 2980 2069 goisses, recently issued from the press of
2172 2054 2989 2104 Fasquelle in Paris, has met with widely
2165 2092 2995 2154 divergent comment from French critics. Se
2168 2143 3023 2188 eminent a man as Fernand Vandrem has 1
2164 2176 2986 2219 pronounced it one of the most forceful
2176 2223 2996 2270 studies of jealousyrthat have ever appeared.
2178 2255 2971 2311 Never, anywnere' (shades of Shake¬
2166 2300 2982 2362 speare!), says M. Vanderem, “has any one
2169 2346 2980 2395 written so profoundly, so variously, so
2171 2379 2971 2439 movingly, or so bitingly of jealousy.“ On
2160 2434 2978 2494 the other hand, René Crevel holds that
2167 2482 2976 2541 M. Rostand has produced a wearisome
2173 2518 2974 2564 book, one in which his instincts as an
2179 2560 2970 2614 essayist have got the better of his ro¬#
2183 2610 2973 2672 mantic sense, and produced a work in
2173 2653 3041 2717 which maxims, thoughts, and counsels are #.
2174 2691 3070 2744 blended into a nondescript banality. Any
3037 2742 3077 2790 955
2170 2732 2969 2794 niediocre novel,' concludes M. Crevel,“ is
2164 2783 2777 2840 better than this fricassée.
2953 2874 2996 2928 8
