3436 4256
440 126 769 205 iebelei
1001 126 1314 222 OK 12
232 118 783 238 5. L  2
998 716 1170 835 20 /10
268 841 1200 937 Nene Tiroler Stimmen, Innsbrnek
351 920 1201 1025 „Licbelel“ von Arthur Schnigler.
344 983 1425 1054 Am vergangenen Freita# d man Schüitzlers
244 1034 1420 1092 Schauspiel „Liebelei“, das einstmals viel gelobt wurde,
244 1082 1401 1132 heute aber bereits erheblich muffelt. Schnitzter ist
245 1129 1415 1206 kein Dramatiker. Er hat Stimmung und auch Witz,
252 1179 1414 1252 ist ein unancenreicher Gestalter, aber eine kräftige,
247 1226 1413 1300 vorwärtstreibende Handlung vermag er nicht aufzu¬
240 1263 1410 1350 kauen. In der „Liebeler“ lassen wir die zwei ersten
242 1335 1411 1392 Szenen, der kleine Bacchanal im Junggesellenlogis
245 1385 1418 1428 und den plötzlichen Eintritt des Schicksals in der Ge¬
242 1426 1405 1485 stalt des beleidigten Ehemannes gelten. Aber sobald
246 1481 1418 1542 die Tüee sich hinter diesen geschlossen hat, ist auch
239 1537 1411 1600 eigennsh das Stück schon aus. Was noch folgt, ist
241 1575 1409 1640 Austlang. Stimmungsmalerei, Gegie, Idyll, aber
249 1612 1403 1674 Drun## #st es nicht mehr. Schnitters Komödien sind
249 1669 1412 1724 nich leicht zu spielen und zwar deshalb nicht, weil
242 1723 1408 1786 sie #e# sind. Weil aber auch das heimlich=tragische
244 1768 1404 1826 bei ihnen nie sich tragödienhaft äußern darf. Und
245 1812 1405 1888 gerade daran fehlte es bei der Aufführung am Frei¬
251 1880 1411 1929 tag am allermeisten. Sämtliche Mitwirkenden nahmen
243 1916 1406 1989 Schn###ters Schauspiel viel zu stark, viel zu kräftig,
247 1971 870 2030 zu tragödienhaft, man gia
1081 1963 1406 2030 nSeinahe bei
240 1994 1409 2065 Hebbel als Gast geladen zu sein. Und nocht an einem
239 2069 1409 2125 Mangel litt die Aufführung: S mitzters „Liebelei“ ist
241 2112 1408 2183 ein spezifisch wienerisches Schau Biel; und gerade hie¬
235 2160 1408 2212 von war in der Wiedergabe nic, eine Spur zufinden.
248 2217 1416 2270 Frl. Welten — eine Schauspielerin, die etwas kann,
237 2262 1420 2312 aber bei uns vollkommen kaltgest ilt ist — lieh der
238 2306 1407 2370 Christine viel zu starte, zu tragödienhafte Töne. Frl.
236 2368 1399 2431 Mone war alles eher als das hantige Wiener Vor¬
244 2406 1404 2461 stadtmädel mit der sechsläufigen Goschen, das keine
235 2462 1413 2510 Antwort schuldig bleibt, immer den Nagel auf den
235 2508 1408 2575 Kopf treffend und doch ein lieber guter Kerl ist. Herr
243 2558 1407 2617 Ferstl lief schon vom ersten Augenblick an herum wie
239 2612 1408 2678 ein Trauerpferd. Auch die Herren Braun und Felda
222 2752 1396 2843 dürften den Intentionen des Dichters nur halb ent¬
232 2808 1394 2921 sprochen haben. Am besten war noch Frau Bellau¬
233 2864 1392 2975 Felda in der illustrierenden Rebenrolle der neuge¬
224 2909 634 2985 rigen Klatschbase.
313 2970 1392 3045 Allein das Publikum war auch mit dieser ver¬
218 3021 1389 3092 unglückten Liebelei=Aufführung zufrieden, wie es über¬
209 3057 1371 3161 haupt mit allem zufrieden ist, was man ihm vorsetzt,
222 3099 1385 3218 und bezeigte seine Zufriedenheit mit starkem Beifall
222 3142 855 3233 und viel, viel — Blumen.
304 3199 966 3309 Mittmach: Die ##
2409 147 3002 262 Btlesia. Tesche
2122 234 2405 336 21.M. 1013
2271 373 2958 498 Theater und Kunst.
2218 495 3008 599 Deutsches Theater in Leschen.
2498 581 2719 657 „Liebelei.“
2229 638 3112 701 In dem Schauspiele „Liebelei“ von Arthur
2133 695 3098 746 Schgitlen das auf unserer Bühne in ausge¬
2144 712 3105 787 zeichneter Weise zut Aufführung gelangte, hatte
2141 767 3119 837 unser Schauspielperinal wieder eine willkommene
2152 818 3100 867 Gelegenheit, sein reiches Können zu zeigen. Zwei
2149 860 3111 925 junge Herren, Vertreter-von den Vielen, denen
2145 900 3093 941 Eintagsliebrleien nur Abwechtlung bedeuten, fin¬
2143 926 3111 1006 den, dem ungezügelten Triebe folgend, Anschluß.
2143 980 3091 1034 Der eine der beiden weiß die Sache von der rich¬
2132 1013 3107 1090 tigen Seite anzufassen und auch seine Partnerin,
2142 1064 3108 1127 eine lustige Modisiin, beurteilt die Liebelei nur
2146 1095 3106 1166 vom Standpunkt des vorübergehenden Genusses.
2145 1141 3100 1208 Anders ihre Freundin, die Tochter eines Musikers.
2142 1206 3103 1254 ie kennt den Unterschied zwischen Liebelei und
2124 1237 3104 1303 Liebe nicht und der bitterste Herzenskummer bleibt
2134 1282 3101 1345 fihr nicht erspart. Ihr Liebster hat einer Frau
2133 1326 3106 1380 glühende Liebe entgegengebracht, die Folge ist ein
2128 1371 3114 1433 Duelt, in welchem jugendlicher Leichtsinn seine:
2133 1412 2413 1471 Sühne findet.
2217 1440 3115 1504 Herr Riedl als der kluge Liebhaber, der alle
2125 1481 3099 1561 Schliche kennt, um nicht in eine Falligzu geben,
2139 1536 3098 1596 spielte mit ausgezeichneter Gewandtheit und Leb¬
2120 1575 3090 1640 haftigkeit, die durch großen Beifall belohnt wurde.
2127 1623 3091 1686 Ebenso gefiel die temperamentvolle und übermütige
2121 1654 3084 1731 Modistin, Frl. Rainert; Herr Fallmann
2125 1719 3098 1769 gab die Rolle des forglosen Liebhabers, dem der
2127 1752 3089 1812 Verstand und die Ueberlegung mir dem Herzen
2130 1795 3104 1854 davongeht, der rat= und bilfles die Konsequenzen
2129 1841 3090 1891 seiner Liebelei über sich ergehen lassen muß. Die
2132 1875 3093 1922 unglückliche Tochter eines biederen Violinspielers
2138 1921 3105 1981 gab zrl Sandorf und traf den sentimentalen
2139 1961 3099 2024 Ton in lobenswerter Weise. Herr Stieber
2126 1997 3103 2048 war ein gutmütiger alter Wiener und Herr Nel¬
2115 2045 3110 2104 ison ein ausgezeichneter Verireter des beleidigten
2120 2092 3092 2154 Ehemanns Frl. Prandan stellte eine schwatt
2122 2123 3090 2195 hafte Wienerin erfolgreich dar. Das Schauspiel,
2130 2175 3096 2231 dessen erster Alt sich durch besondere Frische und
2123 2222 3110 2276 Lebendigkeit auszeichnet, gefiel aufs beste. Neben
2123 2262 3107 2317 der Spielleitung durch Herrn Friedrich hat
2115 2299 3100 2380 (das eifrige Streben der Bühnenkräfte Anteil am
2118 2336 2307 2412 Erfolge.
2507 2563 2720 2654 Epn 19
2169 2638 2985 2813 Tene Wians Taghlatt, Wigg
2136 2889 3111 2995 Burgtheatek. In Schnitzlers WLiebelei“ hat
2042 2951 3087 3047 gestren Herr Emmerich Reimers den jungen Fritz
2041 3024 3091 3089 Lobheimer gespielt; auch diesmal blieb dem jungen
2051 3057 3083 3132 Debütauten freundliche Aufmunterung nicht versagt.
2047 3102 3077 3190 Reimers nimmt durch eine verhaltene, herbe, wohl¬
2041 3154 3076 3237 tuend unsentimentale Innigkeit für sich ein, durch
2054 3203 3078 3275 eine stille, fast schüchterne Einfachhelt; sogar seine
2052 3261 3077 3314 noch etwas schülerhaft eckige Befangenheit wirkt
2056 3292 3067 3374 sympathisch. Eigene Züge, einen eigenen, vollen Ton,
2054 3336 3062 3433 der aufhorchen macht, das darf man von diesem erst
2039 3395 3064 3473 in den verheißenden Anfängen seiner Ent¬
2047 3442 3066 3495 wicklung begriffenen Talente vorläufig nicht ver¬
2040 3480 3072 3567 langen; auch bleibt es, nicht nur für einen Debu¬
2042 3529 3053 3614 tanten, keine loichte Aufgabe, neben einer über¬
2035 3591 3060 3659 ragenden Partnerin wie Frau Medelsky hervor¬
2030 3625 3048 3690 zutreten. Den alten Weiring gab diesmal der ver¬
2034 3686 3052 3746 läßliche Herr Baumgartner; dem beweglichen
2033 3726 3063 3816 Theodor des Herrn Lackner hätte man ein wenig
2031 3766 3064 3860 Zurückhaltung gewünscht; er bringt eine überlaute,
2026 3820 3049 3902 zuweilen billige Note in das vornehm abgestimmte
2022 3864 2566 3931 Eusemble der Vorstellung.
2916 3887 3035 3943 670
