3484 4192
367 139 742 203 Liebeler
221 139 854 242 5. Snenen
889 139 1329 219 box 13/2
2918 61 2971 98 1
2263 80 2978 131 un posto a se. Ripensando all’epoca
2265 114 2961 153 in cul essa nacque — verso i1 1890 —
2275 151 2975 202 e alle mode detterarie d’allora, vien
2241 180 2981 228 fatto di considerare questa dolce, ae¬
2259 220 2974 267 corata e appassionata fanciulla, sul¬
2261 242 2969 304 la quale si impernia il dramma inti¬
2271 283 2977 327 tolato al suo nome, al tempo stesso
2261 310 2975 361 dentroe fuori la tradizione romanti¬
2261 346 2972 402 cae verista. C’e chi la riaccoste eu¬
2269 389 2973 437 bito alle donne di Goethe — piene di
2272 420 2972 478 verità e di poesia — echi, pin tardi,
2268 451 2978 513 a quelle di Ibsen. Certo che qualcosa
2263 488 2965 542 del divino dono goethiano di dare
2259 509 2964 576 alle creature il loro naturale respi¬
2257 567 2952 610 ro sembra sopravviva nello Schnit
2263 590 2984 649 zler migliore e che in luj il modo di
2265 626 2948 665 illuminare l'anima di und donna —
2267 661 2981 711 con rapidi ed esperti toccht poetici
2316 684 2977 741 sia, come intensità e profondità,
2257 729 2974 780 pari a quello di lbsen. Tuttavia non
2263 761 2974 814 ci sentiremmo di metter Cristina al
2261 794 2985 854 flanco, poniamo, di Mignon o di No¬
2265 828 2966 875 ra. Tanto Mignon é misteriosa quan¬
2265 863 2978 913 to Cristina & chiara e limpida; e se
2268 892 2977 952 in Nora colpisce sopratutto il con¬
2254 929 2964 977 trasto tra la complessa e loica na¬
2265 962 2965 1017 zura e l’infantilità delle azioni, in
2254 984 2972 1051 Cristina (almeno nei primi due atti
2258 1038 2973 1096 del dramma), invece, la natura
2257 1068 2973 1122 ha piena rispondenza gelle azio¬
2267 1104 2969 1152 ni: ella é una fanciulla inna¬
2246 1124 2962 1178 morata per cui l’amore é insie¬
2253 1167 2981 1230 me vita e poesia, gioia e canto. Ma
2255 1197 2969 1253 sarebbe troppo lungo — e auj fuor
2261 1235 2969 1283 di lnogo — riprendere in esame, al
2266 1268 2966 1324 dume dell’estetica, il personaggio di
2263 1299 2962 1353 Schnitzler. La commedia che lo con¬
2262 1338 2968 1388 tiene ha, ripeto, quasi quarant’anni
2263 1371 2970 1422 di vita; in Italia fu tradotta e recita¬
2261 1400 2965 1451 ta sin dalla fine dell’ottocento e nel¬
2233 1417 2966 1491 la letteratura drammatica tedesca
2245 1469 2969 1526 gia fa testo. Esaminarla particolar¬
2249 1502 2958 1560 mente comporterebbe un lungo di¬
2261 1545 2963 1597 scorso. E, purtroppo, il tempo stringe.
2286 1580 2967 1634 Vediamo piuttosto di dir qualcosa
2251 1608 2960 1663 della muova interpretazione. Nella
2248 1635 2950 1693 parte di Cristina — cara a una gran¬
2240 1688 2941 1731 de attrice mostra — ieri sera si ci¬
2252 1709 2954 1756 mento una giovanissima attrice ded¬
2251 1750 2953 1793 la quale, fin da quando esordi pochi
2259 1784 2944 1824 mesi or sono, avevo sentito dire un
2257 1818 2952 1867 gran bene. Mi ero preparato, percio,
2247 1855 2945 1897 a una delusione, che, per fortuna,
2249 1890 2958 1931 non ebbi. La signorina Palmer ha
2253 1919 2957 1959 un temperamento vivo e genuino.
2256 1951 2962 2003 Forse per sostenere parti di tanta
2244 1987 2946 2036 importanza ella é ancora immatura
2255 2021 2946 2070 (ieri sera qua e là mi parve la sua
2242 2053 2951 2102 recitazione desse nel dilettantesco)
2238 2085 2930 2143 ma non so quante attricj d’oggi po
2242 2125 2951 2170 trebbero starle a paro per grazia e
2255 2157 2957 2200 spontaneità di stile. Erse nel primo
2256 2195 2958 2240 atto la trovai un po' troppo esagi¬
2244 2213 2947 2277 tata, un tantino falsa e fuor di to¬
2245 2258 2944 2299 no, nel secondo e nei terzo elle eb¬
2239 2298 2951 2337 be accenti, gesti ed espressioni cosi
2249 2327 2936 2369 appropriati al personaggio e felich
2246 2369 2937 2406 da stupirmi. La fortuna di questa
2243 2403 2943 2438 giovine attrice é di non risentire di
2239 2433 2953 2471 nessuna scuola e di nessun modello
2253 2462 2947 2509 (eccetto, forse di Emma Gramatica
2246 2494 2957 2549 alla quale assomiglia un po“ nel fi¬
2241 2528 2957 2581 sicoe nelle intonazioni) di avere
2253 2567 2949 2610 una personalità sua, inconfondibile.
2248 2607 2952 2657 Si guardi dal guastarda, si studi di
2244 2630 2947 2686 recitare con maggiore semplicità e
2239 2668 2943 2714 mondi il suo stile di certe scorie che
2251 2707 2941 2744 ne turbano il nitore. Per il resto la¬
2234 2734 2953 2788 sci fare al tempo e all’esperienza:
2232 2779 2944 2827 col suo cuore e col suo ingegno an¬
2245 2803 2496 2853 drà Jontano.
2261 2847 2946 2893 Degli altri i meglio mi parvero il
2226 2873 2945 2929 Geseri e la Riva. Quello nella par¬
2891 2921 2917 2947 *
2239 2913 2947 2957 te del padre, questa di una donnetia
2236 2957 2938 2999 melliflua e ficcanaso furono sponta¬
2237 2985 2947 3035 nei insieme ed efficacissimi. L’Oppi,
2229 3025 2940 3064 invece, e i1 Biliotti, li avrei voluti
2237 3060 2947 3101 meno caricati e funerei e pin
2227 3081 2946 3137 glovani. Nel dramma Fritz é uno
2246 3122 2952 3171 asnob. (personaggio caro allo
2226 3156 2936 3208 Schnitzler, sul quale moltj critici gli
2227 3198 2937 3240 rimproverarono di aver froppo insi¬
2234 3222 2941 3273 stito) e uno esnob s, anche nei casi
2226 3266 2933 3311 piu gravi della vita (esempi ce ne
2229 3294 2939 3332 sono a centinaia), se non altro per
2224 3331 2938 3371 la platea, serba un contegno piutto¬
2227 3358 2948 3412 sto freddo che, come l’Oppi fece,
2231 3386 2657 3446 tremante e sperduto.
2256 3435 2918 3483 Molto bella la messa in scena d
2229 3471 2931 3520 Pietro Scharoff sopratutto per certi
2227 3510 2938 3554 particolari di sfondoe di contorno
2226 3542 2938 3586 che dettero subito il tono dell'am¬
2217 3570 2931 3619 biente e dell’epoca. Ma nel primo at¬
2221 3610 2933 3657 to il ritmo della recitazione e l’effi¬
2221 3647 2937 3694 cacia del quadro mi sembrano im
2221 3676 2916 3722 Ipo' allentati e smorzati appunto da
2219 3708 2933 3760 un soverchio gusto calligrafico del
2224 3746 2927 3792 direttore. v II troppo storpia; dice
2232 3776 2922 3831 im vecchio proverbio italiano. Che
2232 3813 2686 3851 vale anche per i russi.
2260 3842 2926 3910 Vivo fu il successo e molte de Chia¬
2217 3858 2788 3932 mate a ogni calar di slpario.
2698 3929 2894 4003 A. E.
