3436 4224
395 156 708 235 Liebele
210 160 798 269 5. J
899 147 1336 250 box 11/2
2379 54 2424 100 aa
2115 54 2261 124 —
2078 82 2713 160 gg
1878 81 1951 153 2
2684 130 2769 194 6700
2227 138 2320 204 1
1860 133 2991 245 P ummem
1860 205 1923 264 70
1873 228 3000 298 O l. österr. behördi. konz. Unternehmen für Zeitungs-Ausschnitte
1878 283 1956 326 6
2035 288 2916 380 Wien, I., Concordiaplatz 4.
1854 360 1953 421 2
2253 364 2689 423 Vertretungen
1925 405 2998 469 in Berlin, Budapest, Chicago, Christiania, Genf, Kopen¬
1863 453 3007 515 hagen. London, Madrid, Mailand, Minneapolis, New-Vork,
1977 490 2983 543 Paris, Rom, San Francisco, Stockholm, St. Petersburg.
2274 536 2677 587 (Quelienangabe ohne Gewahr)
1858 583 2358 662 * Ausschnitt aus:
2414 620 2933 719 Grazer Tagespest
2088 647 2376 725 301 1.1
1858 698 2091 764 E vom:
2414 691 2919 788 Graz, Steiermalk
2046 764 2954 866 Theater am Franzensplatz. In der¬
1889 830 2963 897 „Liebelei“ von Schnitzler gab uns Fräulein Güt¬
1902 877 2952 950 mann als zweites Debut die Christite Weising und
1894 932 2958 996 bestätigte den günstigen Eindruck, der ihr erstes Auf¬
1899 974 2945 1047 treten begleitet hatte. Sie gab das stille, liebende Mäd¬
1894 1023 2950 1094 chen in schlichter, wohltuender Einfachheit in den ersten
1894 1068 2940 1149 beiden Akten, diskret im Ausdruck ihrer Empfindungen,
1891 1122 2954 1204 die vielleicht schärfer und lebhafter hätten herausgestaltet
1881 1179 2946 1250 werden können. Aber mir war gerade diese Zurück¬
1884 1242 2944 1294 haltung sympathisch, weil Anfängerinnen in dieser Hin¬
1884 1284 2947 1353 sicht meist mehr zu bieten pflegen, als nötig ist, und
1890 1330 2951 1391 Maßhalten eine gewisse seinere künstlerische Empfindung
1880 1385 2948 1460 verrät. Daß sie Temperament und Leidenschaft genug
1886 1432 2948 1511 besitzt, konnte sie vollauf in der erregten Schlußszeng
1886 1467 2982 1561 des dritten Aktes bekunden, die sie sehr gut spielte .
1873 1525 2956 1608 und wobei man deutlich merkte, daß ihr warmes eigenes
1878 1577 2955 1668 Empfinden mit in Schwung geriet, vielleicht mehr, als
1874 1637 2961 1706 es für die volle Wirkung günstig war, weil das Schluch¬
1874 1686 2945 1763 zen und die heftigen Gefühlsausbrüche, die allerdings
1879 1726 2947 1787 des Eindruckes einer gewissen Echtheit nicht entbehrien,
1879 1765 2937 1846 das Wort zu häufig erstickten und für die Zuhörer
1874 1839 2940 1906 unverständlich machten. Sonst aber bewegte sie sich in
1874 1877 2938 1929 Geste und Haltung viel freier, als bei ihrem ersten
1877 1935 2932 1978 Debüt. Mit den Anklängen an den Wiener Dialekt
1870 1979 2933 2042 hatte sie wohl etwas zu kämpfen, besonders im Affekte
1862 2023 2936 2104 warf sie ihn monchmal wie ein Hemmnis beiseite: aber
1871 2079 2951 2153 das beeinträchtigte nicht im geringsten die Wirkung
1862 2122 2951 2185 ihres Spieles und hat auch für das Stück
1870 2170 2016 2241 keine
2154 2183 2294 2241 große
2327 2180 2608 2253 Bedeutung.
2610 2182 2937 2268 Wenn auch
1857 2227 2929 2304 der Dialog sich oft aus Wendungen und Redensarten zu¬
1866 2285 2871 2356 sammensetzt, die jeder kennt, der in Wien lebt, so
1862 2318 2936 2408 Artur Schnitzlers Schauspiel doch nicht eigentlich
1865 2379 2937 2464 ein Dialektstück, us ist nur ein Stück, das unter Menschen
1862 2435 2941 2484 spielt, die ein wenig im Dialekt sprechen. Die mundart¬
1857 2486 2929 2551 lich angehauchte Sprache dieser Menschen aber, und allos
1859 2540 2949 2576 was an der Mundart hängt, ist nur das natürliche Kolorit!
1854 2585 2927 2640 des Gegenstandes, den Schnitzler schildern wollte, nicht
1850 2638 2927 2684 aber die Farbe der Poesic und Sprache, in der er dichtet.
1849 2685 2943 2754 Nicht bloß ein Stück Wiener Leben, sondern ein Stück
1850 2730 2933 2801 Menschenleben mit feelischen Stimmungen und einer Ge¬
1847 2770 2940 2853 mütswelt, die zu allgemein menschlich und gültig sind,
1846 2841 2935 2898 als daß sie an bestimmte Lokalverhältnisse und bestimmte
1846 2875 2926 2951 Menschenklassen haften sollten. — Auf das Schnitzlersche
1845 2935 2918 3010 Schauspiel folgte als Novität das einaktige Lustspiel
1850 2989 2908 3043 von Hans Müller: „Troubadvur“, ein artiges, mit
1840 3024 2911 3106 Witz und Bühnenkenntnis und anregendem Dialog ge¬
1854 3084 2922 3145 machtes Stück. Es ist eine Art Satire auf Preisbewer¬
1848 3136 2919 3185 bungen, und dreht sich darum, daß der preisgekrönte
1844 3195 2914 3249 lyrische Dichter, für den sich eine schöne und lokette Frau
1844 3234 2927 3300 begeistert, weil er das Lob der Frauen in schön klingen¬
1836 3279 2914 3342 den Reimen besingt, sich als ein kahlgewordener, alter
1840 3326 2912 3390 Berufslyriker entpuppt, der Weib und neun Kinder hat,
1850 3375 2907 3434 während sein Mitbewerber, ein eleganter Baron und
1838 3430 2902 3494 Lebemann, der einen weiberfeindlichen Essay irgendwo
1834 3475 2906 3540 abgeschrieben hat, zwar nicht den Akademiepreis, aber
1836 3536 2905 3581 dafür den weit erwünschteren Preis in der Liebe der
1840 3580 2912 3643 schönen Professorsfrau, deren Gatte Preisrichter ist, ein¬
1846 3623 2901 3703 heimst. Die Iden ist nicht übel, und wurde das Stück
1836 3678 2912 3732 von Frl. Decarli als schöne Lola uund Herrn Beraun
1841 3730 2904 3780 als Baron und Herrn Rüthling als übertölpelter
1837 3774 2906 3830 Gatte sehr flott gespielt. Mich will bedünken, daß der
1843 3812 2910 3917 Verfasser Hans Müller unsere Lustspieldichtung noch
1848 3868 2351 3954 erfreulich bereichern werde.
2753 3874 2916 3966 6.
