3436 4224
377 138 577 214 iebe
608 140 675 214 e
878 141 1325 232 box 13/8
181 138 765 265 5. LuaaaaI
193 324 621 424 Bendblak, Berits.
190 446 517 561 ONT. 1955
2160 653 2245 738 #
191 725 933 808 CHIE MII
971 638 2153 842 ARABELLA
182 853 1897 949 nd das Werk? Opern, die nicht geschrieben wurden
180 942 397 1023 e vor drei
461 953 1311 1010 Wie entstand dieses Werk, das am 3. Juli in
1336 957 2229 1037 geringere Schwester der Zerbinetta aus der
213 1010 400 1067 Welt er¬
422 995 1304 1088 Dresden mit so beispiellosem Triumph zum „Run
1342 1011 2220 1075 „Ariadne“ zu sein, — und noch manches andere
416 1055 862 1115 um die Welt“ startete?
222 1047 403 1104 in der
1335 1062 2222 1107 Beiwerk. Aber das Wesentliche ist, daß aus einer
206 1091 407 1160 eabgibt?
482 1071 1311 1149 In den gesammelten Werken Hugo von Hof¬
1337 1107 2223 1172 Novelle um die jüngere Schwester eine Oper um
1340 1145 1681 1198 die ältere wurde.
417 1139 1314 1203 mannsthals, die 1924, also zu Lebzeiten des Dich¬
185 1138 408 1202 sich reden,
182 1183 396 1239 lächelt ihr
428 1185 1316 1241 ters, erschienen, liest man also ein köstliches Prosa¬
1380 1175 2220 1240 Die Einfälle zu sämtlichen Strauß=Hofmanns¬
185 1223 399 1283 und Wien,
432 1226 1312 1277 stück, das den merkwürdigen Titel führt: „Lucidor.
1344 1221 2235 1275 thal=Opern stammen vom Dichter. Aber auch die
195 1265 399 1325 Zeitungs¬
416 1271 1307 1320 Figuren zu einer ungeschriebenen Komödie.“ Es
1338 1272 2224 1330 Pläne, die nicht ausgeführt wurden, waren vor¬
169 1317 397 1371 ler Munde.
417 1306 1308 1368 ist eine echte Novelle, aber der Untertitel verrät,
1345 1319 2232 1379 wiegend von ihm. So hatte Hofmannsthal schon
416 1357 1313 1411 daß der Stoff von vornherein für das Theater
1343 1356 2228 1416 während der Arbeit an der „Elektra“ den Plan
174 1357 396 1425 hals ver¬
416 1392 1309 1464 gedacht war. Und dorthin hat er auch schließlich
1343 1404 2233 1461 einer Oper „Tochter der Luft“ die in freier
178 1404 394 1464 urde „Ara¬
431 1441 612 1511 gefunden.
1344 1439 2222 1498 Verwendung eines Calderonschen Dramas Semi¬
187 1449 391 1505 ere Grund¬
1334 1470 2237 1547 ramis zur Heldin haben sollte. Erst nach drei
222 1492 404 1548 tragische
469 1465 1317 1552 Der Inhalt ist im Kern gleich: Von zwei
1339 1533 2228 1586 Jahren gab Hofmannsthal den Plan auf, für den
292 1532 406 1592 eilen
191 1528 252 1581 t b
418 1542 1313 1598 Töchtern einer verarmten Adelsfamilie wird die
1337 1577 2219 1628 Strauß sehr eingenommen war. Interessant ist,
427 1577 1318 1634 jüngere als Knabe angegeben, Sie steht auf der
1335 1607 2230 1667 daß auch eine der schönsten Komödien Hofmanns¬
316 1620 390 1678 ben.
412 1623 1313 1684 Grenze der Kindheit, wird von den Ihren für
1335 1656 2224 1732 thals „Christinas Heimreise“, ursprünglich
425 1665 1312 1721 ein Kind gehalten — das sie nicht mehr ist. Ohne
330 1670 392 1727 ick¬
1344 1702 1768 1761 als Oper geplant war.
444 1708 1319 1756 es selbst zunächst zu wissen, liebt sie einen der
317 1723 393 1771 ing,
1388 1744 2226 1798 Ein anderes Projekt des Dichters war eine Oper
419 1754 1314 1815 Verehrer ihrer Schwester, sie schreibt ihm in seeli¬
1341 1785 2230 1843 „Das steinerne Herz“ deren Entwurf wohl
425 1794 1322 1842 scher Verwirrung unter deren Namen, ja, auf
357 1775 404 1854 a
1337 1829 2227 1886 schon ziemlich fest stand, schließlich aber von dem
415 1834 1312 1877 diesem Wege weitergedrängt, gibt sie sich ihm hin,
301 1841 403 1900 hsig¬
1345 1872 2222 1923 zur „Frau ohne Schatten“ verdrängt wurde.
413 1877 1320 1937 den das Dunkel der Nacht über die Person täuscht.
324 1891 408 1943 uft
1340 1921 2223 1972 Aehnlich wurde ein Ballettplan „Orest und die
417 1933 1312 1979 Der Konflikt drängt zur Lösung und er findet
174 1929 253 1981 r
1339 1956 2230 2003 Furien“, gegen den Strauß Bedenken hatte, von
414 1957 1324 2033 sie: der Geliebte wendet seine Liebe der als Knaben
184 1968 299 2021 rsten
308 1971 390 2022 ktes
1343 1997 1886 2059 der „Josephslegende“ abgelöst.
424 1999 758 2063 Erschienenen zu.
316 2010 386 2066 die
1394 2033 2228 2104 Als Hofmannsthal dem immer nach neuen
470 2024 1303 2096 Dies ist gemeinsam für Oper und Novelle. Aber
1331 2087 2226 2140 Texten verlangenden Komponisten nach der „Frau
415 2089 1310 2142 tiefgreifend sind die Wandlungen, die das Werk
1338 2135 2231 2193 ohne Schatten“ zunächst nichts geben konnte, da —
423 2134 1318 2179 im einzelnen erfuhr. Aus der Novelle von der
324 2145 390 2191 Ge¬
1328 2170 2236 2230 und nur damals — war es dann Strauß, der neue
414 2178 1307 2237 „ganzen Schönheit einer bedingungslos hingeben¬
295 2186 396 2239 eren
1331 2212 2231 2272 Opernstoffe vorschlug, einmal eine „ganz moderne,
420 2222 1313 2266 den Seele", wie es im Werk heißt, aus der
252 2217 386 2281 Pleiten¬
1335 2256 2224 2312 absolut realistische Charakter= und Hauskomödie"
411 2259 1310 2314 Novelle des Mädchens in Knabenkleidern ist eine
200 2268 387 2336 belebt und
1343 2304 2226 2359 oder „so ein hübsches Liebes= und Intrigenstück,
416 2299 1319 2362 musikalische Komödie um die ältere Schwester,
1335 2343 2236 2388 etwa in der Mitte zwischen Schnitzlers Liebelei,
414 2352 1318 2417 ein Bühnenwerk um die eine, in Sicherheit des
1337 2382 1796 2446 die natürlich zu süß ist
432 2392 1073 2449 Gefühls erwartete Liebe geworden.
1340 2429 2232 2475 heimer Agent oder Seribes Glas Wasser“. Beide
457 2434 1316 2500 Die Wandlungen haben ihren Ursprung durch¬
1344 2471 2231 2532 Pläne wurden von Hofmannsthal mit komischem
420 2486 1308 2535 weg in der Bestimmung des Stückes für Musik. In
1332 2521 2222 2557 Grausen abgelehnt. (Es entstand dann als Inter¬
422 2531 1315 2591 der Novelle ist die ältere Schwester eine kalte Schön¬
1346 2541 2237 2616 mezzo das „Intermezzo“.) Aber auch andere
417 2576 1318 2625 heit, — eine unmusikalische Gestalt. Ihr
1327 2602 2239 2661 Vorschläge von Strauß; eine „Iphigenie in
421 2618 1310 2667 mußte Musik gegeben werden, starkes Gefühl mußte
1329 2640 2271 2717 Delphi“ nach Goethes Entwurf oder eine Lust¬ 1
424 2663 1313 2721 sie durchströmen, leidenschaftliche Liebe. So trat sie
423 2704 1322 2761 wie selbstverständlich aus dem Hintergrunde, wurde
419 2741 1318 2794 Hauptgestalt. Und mit ihr wurde ihr Liebhaber
421 2782 1320 2846 aus einer Episodenfigur zu wesentlicher Erschei¬
427 2832 1309 2879 nung. Von ihm ist in der Novelle nicht mehr ge¬
418 2875 1313 2919 sagt, als daß er ein „netter und ganz eleganter
420 2920 1308 2959 Tiroler, halb Bauer, halb Gentilhomme“ sei. Dies
426 2967 1310 3016 Wesen wirkt nach in der Oper, aber an Stelle des
423 3005 1305 3056 angedeuteten Charakters steht da ein ganzer, eige¬
415 3045 1305 3103 ner Mensch, von dem Arabella, die ältere Schwester,
417 3093 1314 3137 mit Recht sagt: „Sie bringen Ihre eigene Lebens¬
423 3125 1310 3187 luft mit sich.“ Ev ist ein Mensch, der in der Wie¬
419 3166 1316 3230 ner Atmosphäre fremd steht mit der Gewalt seines
422 3212 1312 3271 Temperaments, der Naturkraft, in der die Weite
410 3265 1315 3318 der Wälder ist, die ungebrochene Leidenschaft slawi¬
419 3300 754 3364 schen Volkstums.
470 3342 1309 3397 Freilich, neben diesem Gewinn, der zweien der
429 3390 1309 3437 Gestalten zugute kam, steht die Zurückdrängung
421 3427 1320 3487 dessen, was der jüngeren Schwester und ihrem Lieb¬
428 3478 1310 3535 haber in der Novelle gegeben war. Alles fesselnd
417 3513 1316 3573 und eindringlich Psychologische, das um sie war, fiel
426 3565 1310 3625 der Oper zum Opfer, und wenn das Mädchen in
422 3592 1321 3671 Knabenkleidern immer noch überaus reizvolle Ge¬
419 3655 1304 3709 stalt blieb, ihr Liebhaber trat als Figur ganz in
420 3693 758 3755 den Hintergrund.
465 3717 1305 3783 Vieles noch bedingte die Umgestaltung des
422 3775 1308 3826 Stoffes: das Fest des zweiten Aktes mit der hübschen
419 3826 1310 3875 Episode der Fiakermilli, die für das Geschehen gar
419 3855 1345 3927 nichts bedeutet und nur dazu bestimmt ist, eine
2281 1930 2505 2012 FS
2250 2005 3147 2090 spieloper nach Reinhold Lenz' Plautus=Ueber¬
2252 2073 3142 2128 tragung, fanden keine Verwirklichung. Hofmanns¬
2249 2114 3154 2190 thal konnte nur das gestalten, was in ihm selbst
2249 2161 2567 2222 gewachsen war.
2302 2177 3138 2249 Was er plante, wird nun nicht mehr zur Aus¬
2256 2238 3136 2292 führung kommen, aber was er für Strauß schuf,
2257 2288 3129 2336 hat Bestand und spricht zu uns, von der „Elektra“
2252 2331 3153 2386 bis zur „Arabella“, der wir nun begegnen werden.
2869 2372 3150 2430 Dr. W. P.
