3436 4256
2 2098 63 2146 el
-11 2179 72 2227 dum
-11 2221 86 2264 Bein
4 2261 71 2308 oße
-10 2287 96 2348 dur
-11 2334 70 2391 bei
27 2535 68 2585 8
-11 2560 94 2628 uch
-3 2652 87 2705 ehal
-2 2812 88 2859 den
-2 2853 81 2905 bitte
-6 2931 78 2985 nem
-14 2972 91 3033 gere
17 3135 85 3184 en
-4 3173 79 3224 men
26 3257 68 3318 ch
-2 3294 62 3353 ilt,
-11 3338 64 3382 en
7 3369 76 3424 ihn
306 170 877 267 5. Liebelei
933 181 1447 270 box 11/5
475 220 871 279 an a. —  — 1. — 1
1655 1212 1794 1281 M
224 1271 1979 1352 Pondern eben nur eine Operf beachtenswerter Höhe erscheinen. Ein glücklicher Gedanke war
819 1315 1970 1367 ferner die Einschiebung eines Liebesliedes aus dem alten Loch¬
223 1341 809 1388 Musik mit wenigen Ausnahmen
825 1351 1973 1419 heimer Liederbuch. Das schwärmerische Stückchen paßt gut zu
221 1376 808 1432 mufgesetzt erscheint. Findet man
834 1383 1977 1450 dem Wesen Christinens und bietet einen ansprechenden lyri¬
238 1420 814 1470 , und nimmt man auch darauf
824 1428 1981 1504 schen Ruhepunkt. Auch daß hierzu wie später bei
222 1451 811 1511 och so ziemlich im Anfange sei¬
828 1473 1970 1534 einem Tanzwalzer das Klavier allein zur Begleitung
217 1490 817 1540 knist steht, so wird man die ge¬
1217 1503 1980 1564 erhöht die Intimität der Szene
831 1528 1118 1581 herangezogen
221 1524 815 1580 lisch treffsichere Ausnutzung des
830 1546 1974 1612 nicht wenig. Auffallend stark unterstrichen wird dann
223 1568 822 1627 eser Partitur schon findet, als
833 1592 1979 1652 der Besuch des Herrn. Oo dabei der Komponist im
219 1602 818 1656 es verheißende Talentprobe be¬
832 1622 1987 1688 Rahmen dieses auf einen im Ganzen leichteren Ton gestimm¬
225 1646 812 1694 nige, von Schnitzler selbst an¬
833 1670 1957 1730 ten Aktes doch nicht zu viel des Guten tat, mag d hingestellt
241 1681 816 1754 des Dramas wörtlich durch¬
839 1704 1981 1765 bleiben. Doch zeigt das Motiv des Herrn unglich mehr
833 1752 1985 1804 Physiognomie als beispielsweise das Liebesmotiv der hristine,
211 1759 816 1828 Frankfurt wiederholt aufgeführ¬
831 1789 1979 1842 das an italienische Vorbilder stark anklingt und leider nicht
212 1813 817 1868 n Theodor und Fritz jene von
837 1837 1985 1888 tief genug ans Herz greift. Aus dem zweiten Akt ist nach der
220 1849 812 1913 schilderten Typen leichtsinniger,
839 1871 1996 1928 kleinen Fuge im Vorspiel zunächst die Szene mit der Frau
226 1885 825 1951 sch nicht durch diese, auch nicht
842 1915 1985 1969 Binder hervorzuheben, worin der geschwätzige Ton der
221 1927 817 1986 ner Vorstadt=Mädel, die Mizi,
845 1942 1984 2008 Klatschbase nicht ohne Humor getroffen ist. Auch das ge¬
226 1971 817 2035 ama, sondern durch die arme
845 1980 1989 2054 setzte Wesen des alten Weiring ist nicht übel im Klange ge¬
234 2002 830 2064 Geschöpf. Wie ihre erste Liebe
842 2043 1988 2097 malt, wohingegen das große Liebesduett nicht ganz hält, was
237 2050 830 2106 wie sie notwendig zu Grunde
844 2063 1995 2126 man eigentlich erwarten durfte. Die hier oft wiederkehrende
236 2088 822 2151 daß der Liebste nicht ihr allein
850 2102 1998 2163 synkopierte Akkordfolge bei den Worten „Aber plötzlich hat
226 2121 820 2189 hr als ihr zu opfern imstande
840 2158 1986 2203 mich eine solche Sehnsucht gepackt“ erhebt sich nicht über kon¬
227 2161 828 2228 gedämpften Farben und matten
840 2184 1988 2243 ventionelles Phrasentum; auch die Celesta, die mitunter dazu
240 2198 825 2260 und Lebenswahrheit von dem
844 2223 1997 2294 leise angeschlagen wird, ändert an dieser Tatsache nichts.
225 2245 819 2302 sche Schicksal der kleinen Violin¬
842 2274 1986 2331 In den pathetischeren Abschnitten erweist sich die Ausdrucks¬
226 2280 822 2343 hinreißend, Tiefinnerstes auf¬
851 2304 1994 2363 weise Neumanns ebenfalls noch zu abhängig von fremden
222 2317 827 2370 ergoldet dieses Trauerspiel, das,
845 2343 1993 2411 Vorbildern. Fast fühlte man sich hier in eine modern¬
225 2353 842 2416 finesgleichen unter den Schöpfun¬
847 2400 2000 2440 italienische Oper versetzt, wenn man die Augen schloß.
225 2401 839 2456 r musikalische Bearbeiter hatte,
862 2437 2008 2484 Nur das volkstümlich gehaltene „Das ist ein Mädel, die
222 2436 831 2489 Herr Neumann auffaßte, nach
865 2464 1993 2526 schaut zum Fenster hinaus“ klang wieder gemütvoll und hob
222 2471 834 2532 kres Augenmerk zu richten. Er¬
862 2504 2006 2558 sich wie ein erwärmender Sonnenstrahl aus dem Tongewoge
224 2509 832 2581 Grazie der heiteren Szenen der
858 2546 2004 2606 heraus. Peinlich berührt es in dieser tragischen Oper, wenn
231 2553 843 2614 gische Seite des Stückes musikalisch
859 2578 2025 2643 mitten in der ergreifenden Abschiedsszene der unbeteiligte
235 2593 835 2652 Erstere ist dem Komponisten
861 2615 2029 2683 Theodor um Zündhölzer bittet, wie denn überhaupt im Prosa¬
222 2626 847 2691 elungen. Seine gefällige, wenn
858 2659 2014 2724 Dialog Schnitzler noch weitere Striche ruhig hätte vor¬
225 2669 841 2725 elle Musik weiß hier den öster¬
863 2704 2024 2761 nehmen dürfen. Mit einem ganz zweckmäßigen sinfonischen
221 2707 845 2762 g des Dramas unmittelbar über¬
867 2720 2032 2804 Rückblick, der alle wichtigeren vorausgegangenen Geschehnisse
241 2751 851 2796 t Wienerische Tanz=Element, das
865 2778 2011 2849 noch einmal zusammenfaßt, wird der Schlußakt eingeleitet.
216 2784 849 2849 h den ganzen ersten Akt hinzieht,
215 2829 843 2876 etion seiner musikalischen Konver¬
859 2838 2014 2876 Im wesentlichen wird er aus dem bisherigen Motiv=Mate¬
217 2865 856 2915 hen, wo Herrn Neumanns eigent¬
868 2857 2010 2925 rial bestritten, das zum Teil in geistvoller Weise hier zu
212 2899 846 2965 Pebiete der komischen Oper. Gleich
879 2896 2025 2966 sinnfälligen Klangwirkungen kombiniert ist. Durchweg hohes
221 2937 848 3003 gen Herren nimmt durch prickeln¬
864 2937 2026 3002 Lob verdient die Instrumentierung, die vor allem in den
221 2978 848 3031 schnitzler deutet auch der Komponist
878 2977 2020 3045 Genreszenen eine Fülle des fein und geschmackvoll Empfun¬
230 3020 846 3073 an, und da ein gefälliger melo¬
869 3015 2020 3078 denen bietet. Auch daß sich Neumann von allen musikalischen
213 3049 852 3128 m andern folgt, so kommt man
870 3054 2026 3121 Ueberspanntheiten fernhält, und daß seine Musik, wie schon
237 3098 854 3149 Qualität hin im Einzelnen
882 3106 2023 3166 erwähnt, in der technischen Ausführung eine außerordentliche
208 3124 861 3192 re Tonspiel freundlich an sich vor¬
876 3138 2019 3205 Gewandtheit verrät, sei ihm zum Lobe angerechnet. Wird
224 3170 863 3231 die Musik erst, als Christine unter
878 3185 2028 3244 er sich vertiefen und zur selbständigeren Ausdrucksweise, zur
225 3216 855 3263 monien erscheint. Wie dann das
875 3222 2027 3289 größeren Ursprünglichkeit durchringen, so darf man auf ihn
235 3250 865 3306 Paar Theodor und Mizzi und der
877 3260 1912 3342 für die Zukunft berechtigte große Hoffnungen setzen.
222 3287 870 3342 itz und die still=schwärmerische
929 3281 2049 3372 Die Aufführung kann auf hohes Lob Anspruch nehmen. Die
219 3327 862 3380 kandergehalten werden, das läßt
232 3342 2064 3449 gen Neumanns bereits auf sehr! Regie (Herr Intendant Jensen). hatte bis in das Kleinste
1991 1247 3141 1318 hinein das Zusammenspiel der Künstler ausgefeilt und für
1995 1289 3145 1364 stimmungsvolle Interieurs namentlich in den letzten Akten
1986 1349 3146 1390 Sorge getragen. In kollegialer Weise für Herrn Neumann
1989 1393 3142 1438 hatte Herr Dr. Rottenberg die musikalische Leitung über¬
1997 1420 3151 1475 nommen. Von seiner umsichtigen und temperamentvollen
1990 1453 3147 1513 Direktion zog vornehmlich der reich ausgestattete, prächtige
1995 1496 3152 1541 orchestrale Part vielen Vorteil. Von den Darstellern bot Frl.
1996 1525 3153 1595 Sellin als Christine eine Leistung, die schauspielerisch sich
1998 1561 3168 1629 zur vollen tragischen Höhe erhob und auch gesanglich der an¬
1996 1607 3164 1670 spruchsvollen Rolle in hohem Maße gerecht wurde. Einen eben¬
2009 1639 3155 1703 bürtigen Partner fand sie in Herrn Gentner. Alles dem
1998 1668 3160 1743 leichtsinnig=schwermütigen Helden etwa anhaftende Snobistische
2001 1719 3154 1776 war in seiner Darstellung auf das Glücklichste vermieden.
1996 1755 3160 1812 Musikalisch hatte er in den Wechselreden des zweiten Aktes feine
2005 1795 3160 1854 hervorragendsten Momente. Wirksam war das andere Paar
1994 1828 3164 1900 durch Frl. Doninger und den stimmkräftigen Herrn Brei¬
2001 1863 3165 1934 tenfeld vertreten, der nur noch etwas mehr Humor bei dem
2004 1906 3186 1984 fröhlichen Zechgelage aufbringen müßte. Zu Uebertreibungen:
1999 1949 3170 2002 neigte ein wenig Fr. Wellig, welche aus der Frau Binder
2011 1990 3160 2051 sast eine groteske Operetten=Figur machte. Durchaus ange¬
2006 2025 3168 2081 messen in Haltung und Miene führte Herr Braun die wich¬
1998 2063 3169 2124 tige Episodenfigur des betrogenen Gatten durch, während Herr
2010 2107 3182 2172 Schneider als Vater Weiring haupfsählich durch die
2007 2136 3166 2196 charakteristisch gewählte Musik maske angensehm auffiel. Das.
2583 2178 3170 2229 erwähnt, für das Gebotene
2013 2196 2550 2250 Auditorium zeigte sich, „wie
2454 2201 3160 2276 ## Romponist, Kapellmeister, Inten¬
2013 2227 2502 2289 außerordentlich erken##
2021 2260 3167 2319 dant und schließlich a# Arthur Schnitzler, dem vielleicht
2021 2296 3169 2358 doch das Meiste am Erfölge des Stückes zu danken war, wurden
2028 2335 3190 2395 begeistert gerufen. Es war immerhin ein denkwürdiger
2027 2389 2289 2457 Abend. — g.
2516 2392 2695 2478 1
