3532 4256
1701 156 2880 216 die Leistungen unserer braven Schauspieler durch regen
496 151 1689 217 Theater, die Bühne von Bahrs Heimat- und Geburtsstadt,
1696 196 2886 256 Besuch anzuerkennen und anzueifern. Leider war der Be¬
500 190 1688 270 sich der Ehrung des Dichters anschloß. Schon in der Mai¬
1698 225 2895 306 such der letzten beiden Schauspielabende ein keineswegs
492 222 1687 306 Saison, als die Meininger hier gastierten, wurde von
1702 274 2895 348 starker. Die bedauerliche Tatsache merken wir jetzt schon
493 278 1678 338 ihnen Bahrs neuestes Stück „Prinzip“ aufgeführt und
1706 326 2890 385 seit einigen Jahren, daß der Kreis der Schauspielfreunde
507 308 1677 392 Montag bildete die Aufführung von Bahrs „Meister“
1703 389 2892 427 immer enger wird. Wir gehören nicht zu jenen Zöpfen.
498 352 1683 433 die offizielle Feier unserer Landesbühne. „Der Meister“
1709 409 2889 471 die es dem Publikum verargen, daß es auch gern den
497 409 1686 474 gehört zweifellos zu des Dichters besten Stücken, ja man
1696 456 2891 516 pilanten Reizungen der Operette folgt, sich an der tollen
508 445 1687 522 kann ihn als seine reifste dramatische Arbeit bezeichnen.
1707 494 2893 559 Heiterkeit und den einschmeichelnden Melodien derselben
506 509 1684 563 Ziemlich genau vor neun Jahren, nämlich am 24. Sep¬
1704 545 2898 607 ergötzt, aber schließlich ist es doch ein böses Zeichen, wenn
500 535 1685 618 tember 1904, wurde „Der Meister“ zum erstenmal in Linz
1708 576 2893 639 die Operette in einem so ausgedehnten Maße die Allein¬
513 579 1691 657 gegeben und wir haben in einem längeren Feuilleton das
1705 600 2904 685 herrschaft im Geschmacke des Publikums sich zu erzwingen
502 620 1695 696 Stück besprochen und gewürdigt. Es hat unter allen Bahr¬
1711 667 2902 726 droht. Wir gönnen dem Publikum gewiß auch die leichte
500 660 1699 739 schen Dramen den festgefügtesten Bau und es führt seinen
1711 733 2904 772 Unterhaltung, aber es müßte denn doch in einer Stadt wie
500 709 1686 791 Grundgedanken ebenso fesselnd, wie konsequent durch,
1712 769 2897 813 Linz noch immer eine genug große kunstverständige, ge¬
496 752 1695 837 wenngleich, wie bei den meisten Bahrschen Stücken, uns das
1719 807 2910 867 bildete Gemeinde übrig bleiben, die auch für das Wert¬
499 796 1696 868 Ende auch diesmal nicht volle Befriedigung schafft. Der
1714 847 2897 907 vollere, für die geistige Anregung Sinn hat und die sich
495 838 1693 913 Meister, dieser große Chirurg, fühlt sich und gibt sich als
1726 881 2896 948 auch nach literarischen Genüssen sehnt. Insbesondere unsere
502 886 1706 954 Ausnahmsmensch, der ohne Rücksicht auf die allgemeine
1724 925 2907 994 Jugend sollte dazu angeleitet werden und es wäre Sache
510 924 1701 991 Meinung seine Wege geht und über die anderen lacht, die¬
1714 973 2909 1037 der Professoren unserer Mittelschulen, in dieser Hinsicht
501 966 1706 1034 jenigen aber, die in seiner Nähe leben, dadurch in volle
1715 1019 2914 1083 auf den Besuch guter, wertvoller Stücke nicht nur der
515 1016 1694 1068 Abhängigkeit von sich zwingt, daß er ihnen alles Persön¬
1724 1043 2913 1122 klassischen, sondern auch der modernen Literatur einzu¬
503 1061 1708 1124 liche, alles Selbstvertrauen und individuelles Empfinden
1716 1100 2911 1161 wirken. In dieser Hinsicht ist auch das Theater eine Bil¬
518 1108 1707 1183 raubt, um sie so zu seinen hilfreichen Maschinen herab¬
1720 1143 2915 1208 dungsstätte, die ins#esondere den Unterricht im Deutschen
513 1138 1701 1216 zudrücken. Sein Gott ist die Vernunft, Gefühl haßt er und
1720 1189 2919 1263 zu unterstützen geeignet ist. Der Lehrplan unserer Mittel¬
516 1181 1703 1259 sucht es auch den anderen auszutreiben. So schreitet er
1722 1233 2915 1295 schulen hat nicht viel Raum für die Literatur unserer Zeit,
507 1226 1708 1285 auf der Höhe über den übrigen daher, bewundert aber
1724 1275 2915 1340 hier muß das Theater ersetzend eingreifen. Es mag be¬
505 1269 1712 1343 nicht geliebt von seiner Umgebung, ja, diejenigen, die mit
1720 1310 2921 1375 greiflich erscheinen, wenn Leute, die in den Mühen und
515 1311 1712 1378 ihm leben, faßt oft ein gelinder Schauder vor ihm an.
1726 1360 2921 1432 Sorgen des Geschäftslebens stehen, am Abend eine lustige
521 1361 1697 1432 Solche Ausnahmsmenschen, die sozusagen ein wenig „über¬
1730 1415 2928 1465 Unterhaltung einem ernsten Stücke vorziehen, aber die
462 1401 1711 1475 Amenscherln“, haben Bahr wiederholt gereizt. In diese
1729 1444 2924 1512 Jugend, die doch noch begeisterungsfähig sein soll, die sollte
518 1443 1711 1505 Kategorie gehört sein Baron im „Athlet“, der der direkte
1733 1491 2928 1562 nicht von vornherein nur in den sogenannten „leichten
512 1506 1711 1569 Vorgänger des Meisters ist, dann gewissermaßen die be¬
1736 1532 2932 1611 Reizungen“ aufgehen. Wir wünschte wie gesagt, daß das
520 1535 1713 1614 rühmte Schauspielerin im „Star“ ebenso wie der be¬
1731 1577 2937 1662 alte Interesse, das noch vor wenigen Jahren in Linz dem
520 1572 1711 1643 rühmte Schauspieler in der „Gelben Nachtigall“ und
536 1619 1702 1692 schließlich der Dr. Esch in seinem neuesten Stück „Prinzip“.
1730 1618 2925 1687 ernsten und guten Schauspiele entgegengebracht wurde —
1734 1661 2948 1740 wir erinnern uns beispielsweise, daß Gerhart Hauptmanns,
532 1646 1713 1730 Auch stofflich hat Bahr im „Meister“ ein Thema ange
510 1712 1709 1773 schlagen, das er mit Vorliebe behandelt: das Eheproblem
1729 1709 2939 1773 „Fuhrmann Henschel“ in einer Saison neun oder zehn
1729 1760 2948 1815 Wiederholungen erlebte —, wieder auflebt und damit die
513 1752 1718 1830 Auch hier natürlich hat der „Meister“ seine eigenen Theo¬
516 1815 1718 1863 ##rien, die mit denen der übrigen Menschheit nicht überein¬
1732 1791 2948 1862 Diektion unseres Theaters auch in der Pflege des Schau¬
522 1833 1707 1905 stimmen. Als aber diese Theorien durch seine Frau über¬
1740 1841 2962 1911 spieles eine dankbare und erfolgreiche Aufgabe finden¬
530 1882 1714 1955 fraschenderweise in die Praxis übersetzt werden, als auch
1746 1904 1919 1965 könnte.
526 1923 1721 1999 dieser Uebermensch von seiner Gattin betrogen wird, da
1840 1954 2970 2040 (Aus der Theaterianzlei) wird uns berichtet: Dau¬
520 1975 1722 2030 wird er denn doch empfindlich in seinem Innersten ge¬
529 2004 2068 2079 stroffen und fast droht das verbannte Gefühl, das Gitter nersta den 2—
523 2077 1733 2137 welches die Vernunft um dasselbe gezogen, zu durchbrechen.
526 2103 1736 2197 [Als aber seine Frau sich von ihm wendet, als auch sein
540 2153 1738 2217 Assistent und seine Sekretärin ihn verlassen, da sehen wir.
529 2194 1743 2252 daß dieser vielgepriesene Meister doch ein armer Mensch ist,
536 2251 1748 2293 der sich in seiner Einsamkeit zu dem japanischen Toktor
534 2273 1747 2340 Kokoro flüchten muß, um sich durch öde Theoretisiererei
540 2323 1741 2389 über die Einsamkeit und innere Leere seines Lebens hin¬
540 2383 885 2451 überzutäuschen.
647 2407 1749 2472 Auf den „Meister“ folgte Dienstag abermals ein
531 2444 1749 2513 Werk eines österreichischen Dichters, Artur Schnitzlers
541 2501 1757 2563 („Liebelei“. Dieses Drama eines Mädchenherzens, das
533 2543 1751 2605 keinem Manne seine ganze Liebe gibt, während er nur eine
544 2580 1764 2651 Liebelei sucht, war der erste und auch größte Erfolg
545 2645 1761 2702 Schnitzlers. In Linz wurde es am 11. Jänner 1897 zum
539 2675 1749 2757 serstenmal aufgeführt und seither wiederholt gegeben und
538 2730 1100 2808 natürlich auch besprochen.
655 2751 1749 2829 An beiden Abenden hatten die neuen Schauspiel¬
538 2803 1740 2863 kräfte Gelegenheit, sich dem Publikum vorzustellen. Der
541 2848 1745 2919 günstige Eindruck, den schon die Eröffnungsvorstellung
553 2896 1757 2967 machte, hat sich durch die beiden folgenden Abende nur noch
546 2947 1752 3006 iverstärkt und wir können in bezug auf das Schauspiel mit
543 2984 1752 3047 den besten Hoffnungen der heurigen Spielzeit entgegen¬
544 3021 1760 3086 sehen. Herr Kurt Walter wußte den komplizierten
549 3064 1757 3149 Charakter des Meisters ebenso überzeugend darzustellen
543 3126 1764 3178 wie den lebensfrischen, lustigen Wiener Lebemann Theodor
550 3157 1751 3231 in der „Liebelei". Er ist ein ungemein sympathischer Schau¬
541 3216 1758 3267 spieler, dessen ganzes Wesen etwas Anheimelndes hat, er
547 3242 1760 3305 pointiert fein und ohne Aufdringlichkeit und Ernst und
563 3285 1757 3345 Scherz liegen ihm gleich gut. Er wird im modernen Schau¬
551 3333 1763 3409 spiel die Helden=, wie die Bonvivant=Rollen gewiß dem
570 3375 1766 3444 Publikum zu Danke spielen. Wie er sich mit den schweren
565 3414 1765 3490 Helden des klassischen Dramas abfindet, werden wir ja
563 3471 1776 3535 wohl auch bald sehen. Auf alle Fälle ist Herr Walter für
550 3511 1767 3592 unsere Bühne ein Gewinn. Der jugendliche Held und Lieb¬
554 3540 1770 3635 haber Herr Willi Rolden bewies mit dem Doktor
566 3583 1773 3658 Balsam, dem bescheidenen, gedrückten Assistenten des
558 3627 1775 3722 Meisters, daß er auch solche Rollen zu spielen versteht, die
560 3674 1771 3760 eine schärfere Charakteristik erfordern, während er in der
560 3738 1772 3797 „Liebelei als Fritz den schwerer veranlagten der beiden
565 3768 1770 3833 Freunde ebenso glücklich durchführte. Herr Hübner, der
570 3811 1763 3869 neue Charakterspieler, der uns schon in der Eröffnungs¬
563 3853 1770 3928 vorstellung angenehm auffiel, gab in der „Liebelei“ den
570 3901 1771 3964 alten Geiger Weiring mit zu Herzen gehenden Tönen und
566 3936 1770 4023 ohne in das Weinerliche zu verfallen, was bei dieser Rolle
566 3983 1770 4059 so leicht ist. Die neue Heldin und Salondame Fräulein
567 4027 1781 4098 [Simon, deren Zarin wir schon besprochen haben, gab im
573 4065 1787 4146 Bahrschen Stücke die Frau des Chirurgen, eine Rolle, die
