3436 4352
438 179 771 258 iebelei
232 170 1368 291 5. Liengsel box 10/1
2320 1066 3021 1171 Unbesangenen der letzte Rest von
1979 1076 2211 1154 Perd seiost!
890 1068 1931 1147 Acm  Die Anbers Porftischen Einmper heeno¬
150 1117 2497 1209 te, dessen vielsprächiger! sah. Wir glauben kaum, daß man diesen Witz mit! Sympathie vernichtet wurde.
1945 1232 3011 1297 schien dem Knaben gegenüber der beleidigte Ehemann
880 1238 1949 1299 und feinsinnigeres Gemüth ist dazu erforderlich, um
153 1243 884 1316 t, ist der Aufbau der Vorgänge geschickt
1954 1277 3017 1335 Herrn Mitterwurzer's; seine Blicke — zu sagen
888 1283 1948 1341 die entsetzliche Demüthigung voll zu erkennen, die darin
136 1293 873 1368 emacht. Der erste Act wirkt durch
2407 1314 3009 1391 — schienen ihn in den Boden
1941 1327 2422 1390 hatte er fast gar nichts
884 1331 1941 1394 liegt, daß der Geliebte, ohne ihr ein Wort zu sagen, sich
141 1330 877 1401 ouperscene zwischen den vier jungen
1952 1379 3009 1440 zu schmettern. Mitterwurzer braucht nicht zu sprechen;
887 1380 1942 1436 geschlagen hat. Und nur um diesen tragischen Conflict in
143 1388 867 1456 Enale Redensarten nur zu wahr dem
1956 1425 3017 1494 er bannt durch sein Auftreten, durch seine Miene, durch
879 1432 1943 1485 ihr zu entfesseln, ist der Dichter von dem Gewöhnlichen,
151 1424 881 1493 kommen sind. Im zweiten Acte macht
1957 1467 2180 1545 sein Auge.
892 1475 1946 1533 fast einzig Glaublichen abgegangen und hat durch einen
153 1489 869 1546 Verismus die Charakterisirung Christi¬
878 1529 1944 1581 kühnen Ruck einen Ausgang heraufbeschworen, der weder
2028 1500 3018 1594 Feiner organisirt als Schnitzler's „Liebelei“, aber
143 1526 882 1597 Mädchen, das von Heiterkeit aber auch
883 1568 1935 1635 glaubhaft noch nöthig erscheint. Ein ganzes Drama wegen
1951 1572 3023 1630 ebenso willkürlich ausgezerrt und ins Leben hinein¬
145 1572 870 1645 ur zeigt und eine für ihr Milien ver¬
882 1616 1942 1674 eines unglücklichen Zufalls — das ist ein wenig viel ver¬
1945 1622 3020 1680 gedichtet ist Giacosa's Einacter „Rechte der Seele“.
153 1618 875 1681 schaft bekundet, stutzig. Sie ist so
876 1658 1945 1718 langt! Das sind die beiden Cardinalfehler von Schnitzler's
1953 1667 3022 1727 Der Gatte erfährt hier, daß der Selbstmord eines seiner
215 1672 874 1731 geht aber doch mit ihm in die
886 1705 1940 1774 „Liebelei"; sie bewirken, daß man den auf der Bühne
1951 1703 3019 1784 Freunde aus Liebe zu seiner Frau geschah, und kann sich
150 1719 871 1783 genirt sich gar nicht, in eine Junggesellen¬
888 1761 1945 1817 dargestellten inneren Vorgängen weder ein Interesse ent¬
1945 1770 3019 1829 in seiner Verzweiflung über diesen Fall nicht enthalten,
149 1769 874 1834 u gehen. Woher nimmt dieses Mädchen,
882 1796 1943 1872 gegenbringen noch eine umfassendere Bedeutung bei¬
1946 1801 3026 1868 Fragen darüber an sie zu stellen, obwohl er die schrift¬
157 1818 873 1878 nger=Mizzi über ihr Verhältniß zu solchen
879 1854 1149 1932 messen kann.
1945 1869 3017 1924 lichen Beweise in Händen hat, daß sie ihn abwies. Sein
145 1863 885 1927 geklärt sein mußte, den Muth zu
962 1885 1935 1958 Was sich aus der verzeichneten Gestalt der Christine
1955 1901 3019 1969 grübelndes Forschen bringt ihn immer weiter — er
155 1901 883 1965 werde vielleicht doch die Auserlesene
882 1936 1939 2014 machen läßt, hat Fräulein Sandrock gethan; die Ein¬
1939 1945 3017 2023 zwingt ihr zuletzt die Erklärung ab, daß sie den Todten
154 1963 878 2026 sihn liebt? Oder aber sie glaubt ##:
884 1987 1938 2051 fachheit, die ihre Liebe so gut kleidet, wußte sie gegenüber
1952 2000 3023 2073 und nur ihn geliebt hat. In ihr tobt, nachdem sie ihr
161 2002 885 2065 Glück finden wird, warum wundert
881 2039 1941 2100 ihrer Freundin vortrefflich herauszuarbeiten; welch einen
1947 2050 3015 2111 mühsam gebautes Werk, Alles vor ihrem Gatten ge¬
153 2053 871 2108 er ihr nichts von seinen Eltern, von
879 2088 1945 2157 innigen Ton voll Herzensangst und Sehnsucht legt sie in
1950 2099 3033 2154 heimzuhalten, durch seine rücksichtslosen Fragen zerstört
159 2097 873 2167 in erster Linie von seinem geplanten
884 2133 1945 2197 den Namen „Fritz", mit dem sie den scheidenden
163 2146 878 2212 Diese Annahme ist also bloße Willkür
1959 2144 3028 2202 sieht, die „Reue der Tugend“, sie verläßt das Haus
890 2182 1939 2245 Geliebten zurückruft! Wie weiß sie den Jammer des
1950 2200 3013 2250 des Mannes, der sie Jahre hindurch leiden ließ, ohne
148 2186 886 2250 enso wie der Zufall, der Fritz das
885 2220 1942 2311 arglosen Gemüthes, das von den Brutalitäten dieser Welt
1955 2240 3009 2295 es zu merken. Man sieht: eine andere Ausgabe der
149 2238 882 2306 Willkür läßt man sich in Stücken, die
881 2282 1939 2338 keine Ahnung hat, zwischen tiefster Klage und wahn¬
1937 2286 3018 2363 Nora, nur unnatürlicher. Die geschickte Mache täuscht
155 2281 882 2350 kraus und in die Kunst hineingearbeitet
880 2320 1943 2381 sinnigem Auflachen zu varüren! Die Künstlerin hat an
1955 2329 3012 2393 hier über die Hinfälligkeit des Vorwurfes nicht hinweg.
153 2340 880 2402 erne gefallen. Eine Seelengröße, eine
880 2374 1947 2436 der Rolle mehr gearbeitet als der Dichter. Frisch und
1943 2381 3012 2445 Gespielt wurde auch hier vortrefflich; Frau Hohen¬
141 2383 883 2434 an mitten in ihrer Umgebung von
879 2413 1943 2478 keck, ein echtes „Weauermadl“ vom Grund war Fräulein
1944 2424 3016 2495 fels weiß ja jede weibliche Empfindung groß und
141 2428 880 2486 tenden Details, von flachen Geistern
886 2468 1938 2534 Kallina; wir hätten ihr dieses resche Temperament
1951 2479 3019 2534 mächtig auszugestalten und so war sie auch diesmal von
139 2478 881 2551 ndenden Menschen glauben soll, braucht
881 2515 1944 2582 gar nicht zugetraut. Heer Sonnenthal gab den
1953 2524 3014 2592 siegender Uebermacht über den schwachen, kurzsichtigen
144 2520 880 2582 gründung, als sie Schnitzler seiner
881 2565 1938 2621 alten Musikus — seit Miller müssen die Väter unglück¬
1941 2577 3016 2638 Gatten, der in Herrn Hartmann einen ausgezeichneten
151 2567 873 2634 n läßt. Er hätte müssen das Gesammt¬
890 2622 1939 2672 licher Mädchen immer Musici sein — würdevoll und
1944 2617 3022 2680 Darsteller gefunden hatte. In Nebenrollen bewährten
166 2629 885 2677 halten oder aber die Charaktereigen¬
884 2654 1948 2714 stattete ihn mit echten Herzenstönen aus. Herr Zeska
152 2669 876 2730 hens an weit mehr Fällen in Gegensatz
1947 2667 2700 2742 sich Frau Kratz und Herr Krastel.
877 2703 1949 2757 war flott und fidel wie immer; Herr Kutschera
156 2712 878 2779 bringen. Dann könnte man auch ihren
2529 2716 2969 2817 Albert Leitich.
883 2754 1949 2810 machte aus dem ziemlich einfältigen und unreifen ver¬
141 2761 875 2831 erausbruch zum Schlusse verstehen, der
166 2790 1953 2889 schier unerklärlich ist. Ein viel zarteres wöhnten Jungen Fritz, was er konnte. Vernichtend er¬
