3484 4224
294 228 684 300 Liebelei
272 222 1284 326 . box 13/6
1019 807 1122 899 94
660 782 990 914 ·2SEP.
399 906 1120 995 Grazer Tagespost, Graz
435 1014 787 1115 bralio
1045 1082 1158 1127 —
314 1098 1234 1178 Junge Grazer Bühnenkräfte gehen ins
253 1156 1208 1218 Engagement. Die Grazer Opern=, Operette=,
262 1189 1208 1242 Schauspiel= und Tonfilmschule, Direktor Neubauer¬
273 1231 1210 1304 Neuher, Bürgergasse 3, hat in ihrem 60. Unter¬
279 1283 1212 1328 richtsjahrgang neue erfreuliche Erfolge aufzu¬
292 1306 1225 1359 weisen: Acht Absolventen der Schule treten mit
263 1356 1216 1404 Beginn der neuen Spielzeit namhafte Engagements
260 1385 1218 1453 an. Walter Clarmann wurde für das Fach
263 1426 1197 1477 des jugendlichen Liebhabers an das Stadttheater
267 1458 1210 1509 in Salzburg, Ewald Rosen als jugendlicher
271 1501 1210 1566 Held und Liebhaber an das Stadttheater in
263 1537 1224 1589 Schleswig (Deutschland), die Damen Hilda
271 1580 1206 1632 Mertens, jugendliche Salondame, Eni Mathé,
273 1616 1210 1665 Liebhaberin, und Irmtraud Teufel für das
266 1653 1209 1702 Fach der Sentimentalen an das deutsche Theater
278 1692 1213 1748 in Antwerpen mit Gastspielverpflichtungen
269 1732 1213 1783 nach Brüssel und Rotterdam verpflichtet.
273 1772 1210 1838 Grete Bauer, die schon in der verflossenen Spiel¬
277 1812 1204 1865 zeit im Fach der Naiven mit schönem Erfolg in
275 1838 1209 1898 Luxemburg wirkte, wurde von Direktor
276 1887 1208 1938 Weitz, der nun das deutsche Theater in Antwerpen
265 1927 1210 1994 leitet, an diese Bühne verpflichtet. Jutz Med¬
362 1969 1214 2016 d, die als jugendliche Salondame an das
279 1994 1218 2044 Landestheater Linz engagiert wurde, wirkt
311 2048 1211 2089 egenwärtig schon mit schönem Erfolg unter der
414 2083 1224 2135 Direktion im Kurtheater in Ischl;
268 2185 1212 2259 Eleonore Schuchlenz, ebenfalls nach Ant¬
288 2237 1212 2294 Derpen verpflichtet, hatte die Schule durch zwei Jahr¬
588 2280 1220 2343 d in dieser Studienzeit sprachliche
278 2285 375 2339 gän
274 2315 1227 2377 und darsellsahe Bühnenreife erlangt. So hat sich die
278 2370 1218 2404 Zahl der dieren Hunderte von Absolventen, welche
281 2390 1221 2464 aus der Schule hervosgegungen sind und viele dar¬
278 2430 1220 2476 unter hervorragende Stellungen in der Kunstwelt
1084 2470 1217 2519 und
283 2472 906 2530 einnehmen, entsprechend verme##
274 2504 1016 2569 8. September 1934, 8 Uhr aben
1070 2506 1221 2561 finden
274 2551 1182 2605 nunmehr im Kammerspieltheater der Anstalt fest
275 2593 1223 2648 liche öffentliche Abschiedsvorstellungen der Neu¬
270 2623 1218 2679 engagierten unter Lotte Neubers bewährter Regie
271 2661 1224 2719 statt. Zur Aufführung gelangt das Lustspiel
273 2707 1207 2751 „Sextett“ von Gregor Schmitt und die
270 2749 1221 2790 „Liebelei“ von Artur Schnitzler. Am 15. und
684 2781 1218 2834 ##finden die Festvorstellun¬
279 2784 474 2831 16.S##
278 2819 1217 2869 gen anläßlich des 60. Bestandsjahres der Lehr¬
277 2855 1211 2913 anstalt statt, und zwar gelangt am 15. September
278 2893 1220 2946 um 8 Uhr abends die erfolgreiche Komödie von
275 2930 1220 2992 Österreicher und Bernauer „Der Garten
281 2980 1213 3023 Eden“ mit Lotte Neuber als Tilly, die
273 2992 1213 3062 gerade in dieser Rolle noch von ihrem Wirken an
272 3041 1226 3092 den Städtischen Bühnen in Graz in Erinnerung
276 3085 1231 3145 sein dürfte, zur Aufführung. Am 16. September¬
272 3126 1221 3196 um 3 Uhr nachmittags als zweite Festvorstellung
284 3162 1217 3206 wird zum 50. Male das prachtvolle Werk
286 3202 1215 3259 „Marienkind“ gegeben. In Erweiterung des
280 3244 1223 3282 reichhaltigen Lehrplanes findet nunmehr an der
291 3271 1225 3324 Anstalt auch die Tonfilmausbildung statt. Im
277 3312 1232 3369 Laufe des Monats September wird das 60. (Jubi¬
276 3367 1230 3411 läums=) Jahr unter Mitwirkung prominenter Kunst¬
277 3391 1211 3440 kräfte festlich eröffnet. Die Schüleraufnahme für
277 3430 1219 3476 alle Fächer des Schauspieles, des Gesanges der
271 3465 1225 3511 Oper, der Operette, des Tonsilmes hat bereits be¬
269 3518 1227 3559 gonnen und findet bis auf weiteres täglich von
277 3554 1211 3605 10 bis 11 und 4 bis 7 Uhr in der Direktionskanzlei
1005 3581 1181 3643 K248A
288 3586 399 3652 statt.
1730 1525 2559 1632 „OBSERVER'
1834 1621 2510 1684 I. österr. behördl. konzessioniertes
1793 1680 2550 1740 Unternehmen für Zeitungs-Ausschnitte
1859 1728 2482 1796 WIEN, I., WOLLZEILE 11
1939 1784 2406 1848 TELEPHON R-23-0-43
2313 1883 2661 1969 Abeneb###
1730 1917 2106 1983 Ausschnitt aus:
1923 1969 2661 2072 Grazer Tagespachertr
2172 2063 2608 2187 0.K zu.
1741 2139 1886 2204 vom:
1908 2239 2732 2305 mmerspieltheater. Somstog verabschiedete
1763 2279 2731 2344 sich Fräulein Evi Mathé, die an das Deuische
1780 2315 2722 2369 Theater in Antwerpen verpflichtet wurde, in der
1793 2357 2731 2408 Rolle der Christine in „Liebelei“ von Arthur
1785 2391 2538 2451 Schnitzler. Ihr natürichen verinnerlicht
1786 2430 2721 2495 das im britten Akt in seiner Tragik mitreißend
1788 2486 2723 2522 wurde, sowie die gewinnende Ausdrucksform lösten
1792 2509 2726 2574 bei den vielen Besuchern allgemeine Anerkennung
1791 2549 2727 2609 aus und sichern der Darstellerin ihren Weg in
1794 2597 2722 2643 die Zukunft. Die Aufführung selbst war wie aus
1795 2624 2714 2683 einem Guß. Jede Gestalt mit Liebe gezeichnet, die
1788 2665 2719 2729 Problematik schauf herausgearbeitet. Walter Clar¬
1790 2704 2724 2766 mann, ein sensibler, von Todesahnungen ver¬
1796 2736 2730 2804 folgter Fritz Lobmeier, dem man seine Liebe zu
1805 2778 2730 2839 Christine nachempfinden kann, zeigte sich wieder
1791 2818 2730 2881 von der besten Seite, ebenso Fräulein Grete
1795 2863 2730 2909 Bauer, deren bewegliche Filigrangestalt und
1803 2896 2729 2963 gutes „Goscherl“ im Wiener Vorstadimädel Mitzi
1805 2937 2725 2988 voll zur Geltung bamnen. Sehr gut waren Herr
1808 2976 2726 3020 Andre Hofer, ein richtiger Musiker und guter
1792 3019 2731 3076 Mensch von nachhaltigem Eindruck, Hans Duran
1797 3049 2724 3112 ##ls besorgter Freund, Hans Rainer, wenn auch
1796 3088 2740 3146 nur als Augenblickserscheinung (Herr), und Lotte
1799 3128 2739 3173 Donati, eine Tratschbase und Kupplevin, wie
1792 3161 2736 3215 sie besser nicht gedacht werden kann. Vorzüglich
1808 3201 2731 3255 die Regie, die Lotte Neuber führte. Reicher
1800 3251 2762 3300 Beifall und zahlreiche Blumenspenden dankten für
1821 3289 2118 3345 die Aufführung.
