3344 4256
308 3010 421 3093 Fer
356 3207 394 3255 *
329 3268 439 3333 Abon
327 3323 446 3390 Abon
967 131 1377 235 be 10/7
444 149 803 230 Liebelei
256 161 843 265 5. Jin nen en  4
314 805 1182 914 e u grnnnmtennnekertanen Ptrtish
842 908 1184 968 Telefon 12801.
1530 981 1707 1065 Ausscht
540 989 1476 1086 Unternehmen für Zeitungs-Ausschnitte.
1454 1077 1592 1173 Nr.
699 1059 1305 1189 „OBSERVER
295 1162 1721 1249 I. österr. behördl. cuncess. Bureau fer Zeitungsberichte und Personalnachricht
589 1237 1466 1342 Wien, IX/1 Türkenstrasse 17.
538 1337 1518 1424 Filiale in Budapest: „Figyelö“, VIII. Josefsring 31a. —
287 1470 773 1559 Ausschnitt aus:
808 1498 1162 1592 CRGASE
306 1616 737 1735 von 4% 00
635 1850 1474 1926 Kunst. Wissenschaft und Literatur.
522 1921 1644 1970 E. Z. Frau Agnes Sorma, deren Gastspiel im Lessing¬
434 1969 1647 2019 Theater von der lebhaftesten Theilnahme des Publikums be¬
430 2017 1640 2074 gleitet wird, spielte gestern die Rolle der Christine in dem
433 2062 1649 2113 Schnitzler'schenSchauspiel „Liebelei“. Schon im Deutschen
436 2096 1643 2160 Theater, wo das Stück zuerst in Seene ging, gab sie der armen,
434 2143 1648 2194 kindlich vertrauenden Musikerstochter zu Anfang einen
445 2188 1515 2242 so fröhlichen Sinnenreiz in den Liebesscenen und
1520 2189 1643 2247 zum
1525 2232 1622 2283 so
442 2233 1531 2293 Schluß, als die Enttäuschung über sie kommt,
904 2273 1077 2330 Weh
1072 2270 1172 2331 und
441 2269 870 2330 viel herzbrechendes
1215 2268 1640 2332 jähe Verzweiflung,
1169 2289 1225 2329 1
430 2320 1640 2361 daß wir darin die ganze Fülle ihres Talents und die
438 2360 1637 2416 Eigenart ihrer Persönlichkeit ausgedrückt fanden. So wie
429 2402 1642 2464 sie das Wiener Bürgermädl auffaßt, das ihrem schnell
435 2456 1644 2503 erhaschten Glück sich frohen Herzens hingiebt und, als das Ziel
440 2488 1652 2548 ihrer Sehnsucht ihr entrissen wird, nicht mehr leben mag, läßt
428 2523 1647 2574 sie ein volles Menschenschicksal bis zu seinem erschütternden
437 2582 1647 2625 Ende an uns vorüberziehen und erzielte eine tiefe tragische
432 2616 1649 2679 Wirkung. Im letzten Akt giebt Fraulein Sandrock der Rolle
428 2666 1643 2714 eine fast noch gewaltigere, ans Dämonische grenzende Un¬
437 2702 1647 2772 mittelbarkeit, freilich auf Kosten der beiden voraufgehenden
439 2753 1655 2805 Aufzüge, in denen diese Künhlerin zu schwer und bewußt
439 2803 1655 2868 erscheint. Frau Sormas Leistung ist einheitlicher und wohl
435 2830 1643 2888 auch natürlicher, ein fein gestimmtes Seeleninstrument,
432 2883 1658 2937 das plötzlich zerbricht und das Gefühl uneüdlichert
455 2927 1653 2988 Wehmuth zurückläßt. In dem Lustspiel „Jephtas Tochter“
453 2989 1670 3046 von Cavalotti, das von Alfred Halm mit Geschick deutsch be¬
457 3017 1660 3075 arbeitet ist, spielte Frau Sorma an diesem Abend außerdem noch
464 3058 1706 3120 die Rolle einer jungen, eben verheiratheten Gräfin, die sichg“
457 3119 1709 3165 ihrem Gatten so lange versagt, bis sie ihm seine frühere Geliebte,er
456 3152 1735 3210 eine Dame aus der Gesellschaft, die neugierig in ihr Hauskans
452 3199 1659 3267 kommt, um ihre ehemalige Pensionsfreundin als Frau kennen
1657 3209 1735 3270 Ja¬
465 3240 1760 3302 zu lernen, auf anmuthige Weise vom Halse geschafft hat.; den
456 3303 1665 3347 Während sie sich früher wie die Tochter des biblischen Feld¬
463 3332 1660 3393 herrn, die geopfert werden soll, erst eine Frist aus¬
452 3375 1665 3438 bedungen hatte, bis sie sich ihrer Pflichten als Frau
452 3419 1660 3484 erinnert, fällt sie, nachdem die Feindin ihres Glücks
455 3477 1665 3525 vertrieben worden ist, ihrem Mann hingebungsvoll in die Arme.
459 3510 1660 3560 Frau Sorma vereinigte in ihrer Darstellung den Reiz und die
455 3551 1671 3607 Frische des Mädchenhaften mit der klugen Ueberlegenheit des
453 3590 1673 3649 liebenden Weibes. Ihre Munterkeit und Neckerei, ihre drollige
462 3640 1675 3696 Zurückhaltung und ihre herzliche Wärme zum Schluß gefielen
445 3679 1670 3760 dem Publikum ungemein und trugen ihr in dem auserkauften
456 3726 1008 3806 Hause lebhaften Beifall ein.
2416 865 2895 943 eneekegerersestesstesgsssesessgesesgsanhesshuengestrerhen
1953 899 2064 966 M
2288 977 2623 1042 Telefon 12801.
2983 1046 3209 1121 Ausschnitt
1979 1051 2931 1154 Unternehmen für Zeitungs-Ausschnitte.
2908 1115 3194 1227 Nr. 78
2154 1118 2845 1263 „OBSERVER
1740 1209 3207 1330 I. österr. behördl. concess. Bureau für Zeitungsberichte und Personalnachrichten
2041 1297 2909 1418 Wien, IX/1 Türkenstrasse 17.
1980 1385 2982 1494 Filiale in Budapest: „Figyelö“, VIII. Josefsring 31a. —
1755 1543 2270 1653 Ausschnitt aus:
1756 1684 2227 1783 vom 101, 00
1991 1966 3093 2064 „In Liebelei“, dem Schauspjel in drei Aufzügen von Arthur
1890 2029 3098 2100 Schnitzler, steigerte sich der Erfölg der Darstellung der einem tragischen
1897 2071 3097 2138 Ende entgegengehenden Heldin „Christine“ seitens Agnes Sorma's von
1907 2104 3094 2171 Scene zu Scene zu einem wahren Beifallssturm. Sie erreicht in
1896 2154 3092 2231 diesem Spiel wirklich die höchste Stufe der Kunst; denn alles, was sie
1905 2181 3105 2259 giebt, ist Natur, quillt aus der Seele und erschüttert darum den Zu¬
1895 2213 3112 2294 schauer bis ins tiefste Innere. Im Ton der bescheidensten Ein¬
1899 2258 3106 2340 fachheit fängt die Darstellung an, endlich aber kommen die Empfin¬
1910 2299 3102 2377 dungen von Schmerz, Liebe, Freuoe und Sorge zum lebenswahren
1908 2339 3105 2407 Ausdruck, und schließlich entwickelt sich eine heldenhafte Größe im
1908 2370 3108 2452 Aufschrei der Verzweiflung, die nur noch den Tod als das Ziel ihrer
2900 2406 3110 2469 In diesem
1898 2425 2870 2486 Rettung aus unerträglicher Qual zu erkennen vermag. —
1910 2456 3105 2523 Stück aus dem Wiener Großstadtleben spielte Hans Pagay den liebe¬
1905 2493 3109 2585 vollen Vater, einen alten Violinsvieler, wahrhaft bewundernswert;
1910 2530 3119 2604 auch er bot eine ergreifende Seelenstudie. Elvira Clemens gab die
1909 2569 3121 2648 „Mirzi“, den Gegensatz „Christinens“, mit vieler Gewandtheit. Die
1918 2614 3105 2678 leichtlebigen jungen Leute wurden von Alfred Halm und Josef Jarno,
1912 2664 3118 2726 eine alte Strumpfwirkersgattin von Sophie Pagay in treffender
1914 2710 2343 2769 Charakteristik dargestellt.
2215 2994 2890 3095 Bezuge-Bedingungen.
3050 3084 3232 3139 inclusve
1855 3049 3041 3177 her 50 Zeitungsausschmitte (Artikel oder Notizen) fl. 7.50
2853 3098 3026 3176 „ 14.—
3065 3123 3205 3161 Porto.
3066 3140 3225 3193 Zahlbar
2794 3144 3010 3204 „ 25.—
1941 3152 2024 3197 100
2632 3162 2710 3214 „
3043 3175 3247 3247 im Voraus
2972 3166 3033 3232 —
2858 3189 2932 3238 „
1922 3190 2028 3236 200
2636 3204 2701 3256 „
2859 3220 3023 3280 „100.—
1908 3226 2032 3277 500
1864 3251 1912 3298 „
1859 3261 2034 3345 „ 1000
1961 3259 3287 3365 Im Gegensatze zu anderen Dureaux für Zeitungsausschnitte ist Ja:
2918 3296 3283 3355 auch steht es den
1840 3317 2882 3406 Abonnement durch geine bestimmte Zeitdauer begrenzt;
1850 3350 3195 3450 Abonnenten frei die aufgegebenen Theinen zu ergänzen oder zu ändern.
