3484 4224
251 194 497 269 Liebe
248 255 668 309 —
794 188 1245 280 box 13/3
1113 989 1177 1081 5
1651 944 1858 993 I. Oesterr.
1214 950 1967 1037 OPSERVER benerel. konz.
1210 1005 1969 1073 1Büro für Zeltungsnachrichten
1253 1028 1991 1117 WIEN I, WOLLZEILE 17
1432 1212 1757 1312 Hape Vokzzeitung
1803 1258 1896 1331 3
1382 1278 1717 1346 ZED
1159 1412 1973 1553 „Liebelei.“ — „Der
1164 1499 1880 1618 Stapfere Cassian.
1178 1569 1980 1677 Schnitzler=Aufführung in der Josefstadt.
1208 1646 2036 1723 Die Skeptiker fragten: Hat uns Schnitzler
1148 1696 2013 1777 noch etwas zu geben, kann seine „Liebelei“
1148 1735 2039 1808 auch heute, wie in längst entschwundenen
1154 1784 2027 1860 Tagen der Vorkriegszeit, zu unserm Herzen
1154 1826 2039 1898 sprechen? Die Antwort darauf gab das schone,
1164 1871 2040 1950 leidenschaftliche und naturnahe Spiel von
1166 1907 2042 1985 Paula Wessely, das alle Stilisiertheit bei¬
1155 1951 2031 2034 seite läßt und die Vergangenheit dank der
1153 1992 2037 2078 Kraft eines überströmenden Temperaments
1156 2022 2052 2112 in unmittelbare Gegenwart verwandelt. Die
1172 2083 2044 2154 Leistung dieser Künstlerin erweist wieder ein¬
1165 2109 2053 2216 mal, daß dort, wo es um ewige Dinge des Ge¬
1168 2179 2056 2250 fühles geht, Moden und wechselnde Zeit¬
1167 2219 2058 2314 anschauungen verblassen müssen, daß nur der
1162 2252 2055 2337 echte, große und starke Ton der Leidenschaft zu
1161 2298 2066 2383 erklingen braucht, um die Menschen von
1176 2345 1756 2437 heute wie einst zu erschüttern.
1255 2394 2070 2474 So wie ihre Kunst klar und rein, echt
1185 2458 2063 2521 menschlich und darum im tiefsten Herzens¬
1176 2483 2064 2574 grunde adelig, so auch die Leistung Hugo
1184 2528 2073 2617 Thimigs als Vater. Auch ihm, dem das
1181 2570 2068 2659 Milien des Wieners nicht angeboren, glaubt
1176 2615 2067 2705 man seine bodenständige Güte und Klugheit
1191 2660 2081 2739 und seine Wärme, die von der Seele kommt.
1197 2711 2082 2779 Die lebens= und liebeslustige Jugend, dem
1193 2747 2068 2833 Augenblicke hingegeben, verkörpern Hans
1197 2788 2077 2869 Thimig und Heinrich Schnitzler, des
1190 2847 1724 2931 Dichters Sohn, aufs beste.
1281 2883 2126 2974 Als Entdeckung ist Frau Czepa in der#
1202 2929 2088 3014 Rolle der Schlager Mizzi zu werten. Ein
1202 2981 2075 3070 Naturgewächs, echtester Wiener Vorstadt ent¬
1206 3025 2078 3113 sprossen. Herb und prickelnd, wie der junge
1211 3070 2077 3154 Wein von den Höhen des Kahlenberges. Ganz
1204 3103 2089 3208 famos auch Frau Rosar und Herbert
1219 3187 1447 3253 Hübner.
1295 3201 2096 3289 Ein wenig blasser das Puppenspiel
1221 3264 2097 3349 „Der tapfere Cassian“ mit Hans
1226 3317 2093 3388 Thimig, Frau Czepa und Herrn Neu¬
1216 3328 2101 3440 gebauer. Lobenswert vor allem Paul
1224 3390 2091 3478 [Kalbecks kultivierte, einfühlungsstarke
1220 3445 2097 3510 Regie. Das Ganze eine Schnitzler=Renaissance,
1233 3473 2101 3563 die des Dichters große Persönlichkeit bejahte.
