3436 4256
128 170 221 265 5
248 169 632 249 Liebele
209 202 680 297 — L  — 4 — 1
803 162 1261 264 box 13/8
1478 1016 2656 1162 derartige dinns kon die Geschichte Frankreichs dadurch um Die
642 1089 743 1147 in der
1952 1101 2641 1183 nette Sorel in die Schicksale der
631 1131 736 1200 Lieber
609 1183 727 1244 eben
1651 1237 1720 1278 Be
591 1286 2648 1379 eben uur eines mehr und es unterschied sich scheinbar in französischen Staatsor häupter eine Rolle gespielt have,
583 1363 2650 1420 der Qualität der Partnerin durch nichts von den alltäg= ein republikanische Sorei nach der monarchischen
589 1399 2648 1471 lichen und allnächtlichen. Und das war das grausam[Agnes Sorel. Nur daß diese mit ihrer Zärtlichkeitz
1604 1447 2652 1521 der energielosen Schlaffheit des siebenten Karl belebendet
590 1463 1608 1520 tragische Mißverständniß. Das junge Mädchen war bis zu
1613 1502 2633 1556 Impulse zu geben versuchte, während Sorel dier
579 1510 1615 1566 dem unseligen Abend eine „Unschuld“ gewesen, aber eine
1601 1550 2634 1611 Zweite mit ihrer Liebe Felix den Ersten ver¬
581 1554 1599 1618 Unschuld von der Heißblütigkeit Juliens, dem ersten
586 1589 2640 1657 Anprall der Leidenschaft erliegend, und der Anblick hängnißvoll geworden und der Präsident bei ihr die erster
1611 1637 2608 1691 Todesmahnung verspürt haben soll. Nun aber wird ihr
577 1655 1606 1704 dieses Mannes im Husarenkleide hatte die Leiden¬
1604 1688 2638 1750 diese düstere Reklame streitig gemacht, sie wäre es gar nichts
582 1689 1601 1758 schaft in ihr aufgestürmt — aber er war kein Romeo,
1609 1734 2635 1793 gewesen, wird behauptet, sondern eine Rivalin oder Nach¬
593 1737 1604 1796 er war nicht verliebt in sie und noch weniger gewillt,
1599 1780 2625 1840 folgerin von ihr mit einer leicht täuschenden Assonanz des
592 1788 1608 1851 sich von irgend einem kopulirungsfertigen Lorenzo mit ihr
1602 1830 2648 1904 Namensklanges — nicht Sorel, sondern Doric
581 1830 1597 1891 zusammengeben zu lassen. Er selbst war am nächsten Tag
1600 1872 2636 1941 Vielleicht indessen war's auch die Doré nicht, vielleicht
591 1881 1599 1937 tief erschrocken, als er inne wurde, wie sehr er sich in der
1601 1920 2621 1986 überhaupt Keine, darauf kommt's auch bei derlei Ge¬
578 1927 1604 1993 Beurtheilung des Mädchens vergriffen hatte, und es war
1601 1958 2630 2025 schichten gar nicht an, sondern daß sie erzählt werden,
591 1970 1602 2023 ihm ein geringer Trost, daß er sich eigentlich in seiner
1605 2015 2628 2076 darin liegt's. „Sage mir, was über Dich gelogen wird,
577 2015 1596 2073 Eitelkeit geschmeichelt fühlen konnte, bei diesem unberührten
1612 2055 2637 2108 und ich sage Dir, wer Du hist“ — denn die Lüge sucht
586 2067 1602 2123 Mädchenberzen der Erste einer freien, aber allerdings etwas
1611 2099 2624 2179 ja doch immer, sich in ein wenn auch noch so kleines
590 2111 1603 2175 raschen Wahl gewesen zu sein. Das Bittere war und
590 2150 2631 2212 bleibt, daß er in sich nicht das mindeste ernstere Interesse Wahrscheinlichkeitshäkelchen einzuklammern, sie sucht doch
588 2203 2640 2267 für das arme Geschöpf entdecken konnte und nicht das wenigstens einiges Aussehen der Glaubhaftigkeit anzu¬
1602 2246 2633 2309 nehmen. Sie trachtet also, über einen Menschen nur etwas
584 2248 1613 2322 geringste Gefühl einer Herzensverpflichtung, sich fester zu
1611 2283 2634 2356 zu erfinden, was ihm allenfalls zugetraut werden karm,
590 2295 1608 2362 binden. Das setzte er ihr ruhig auseinander, sie wollte
1607 2338 2651 2412 und so steckt auch in ihr immerhin ein gut Stück
585 2341 1603 2399 davon nichts hören, sie erschien fort und fort an seiner
1616 2388 2650 2452 Charakteristik. Uebrigens hat die galante Chronik Wiens
579 2393 1607 2464 Thüre, sich, wie Käthchen von Heilbronn, vor seine Schwelle
1611 2432 2639 2480 auch einmal vor Jahren so eine grausige Verwandlung
581 2439 1604 2489 lagernd. Wenn er aber nicht Romeo war, so hatte er
1601 2483 2635 2554 einer Schäferstunde in die Todesstunde zu verzeichnen
577 2475 1606 2549 dafür etwas vom Wetier von Strahl in sich, er wies das
1601 2520 2632 2597 gehabt. Sie traf wohl keinen ersten Helden der politischen
579 2524 1607 2591 bejammernswerthe, zudringliche Käthchen, das Louise hieß,
1609 2567 2630 2634 Bübne, sondern nur einen lustigen und beliebten Bonvivant
580 2579 1608 2635 kategorisch von sich — und Louise ging darauf ins Wasser.
1612 2605 2643 2681 der Bretterbühne, den Schauspieler Weichelberger
588 2625 1606 2687 So kennt man sich in den Weibern nie aus — nicht nur
1606 2663 2647 2732 vom Theater an der Wien. Er starb in den Armen der
580 2665 1593 2729 mit dem Schein der Unschuld können sie grausam täuschen,
1604 2695 2673 2774 Liebe in einer Parterrestube eines der Häuser am Getreide=
594 2727 1526 2796 sondern sogar auch mit dem Schein des Gegentheils.
1609 2753 2640 2811 markt. Amor mit der Sense, anstatt des Bogens und des
672 2786 2662 2885 Eine kleine Berichtigung, um verhüten zu helfen, daß Köchers — der mythologische Gamin kann mit seinen!
2453 2847 2539 2913 S.
575 2848 2305 2943 sch ein Irrthum in die Weltgeschichte einschleiche. Aller= Bubenstreichen recht mörderisch werden.
