3484 4256
138 305 658 382 5. Liebelei
274 292 1270 404 Mescker box 13/5
134 761 313 852 Hien
141 831 289 930 EP
142 965 3019 1053 #######e Sein Nachfolger Hans Gregor getraute sichssagt, er könne sich den Weg ins Burgtheater letzten Worte sprach, da hatte er wohl das
2091 961 3020 1038 ganze Burgtheater für seinen Vorstadthelden
1237 1018 1467 1082 ersparen.
2121 1017 3033 1106 gewonnen. Das ganze — mit Ausnahme der
344 1024 1251 1084 nicht recht, mit dem leichten Gerre zu
1277 1023 2133 1109 „Geben Sie mir das Stück gleich,“ sagte der
2125 1055 3029 1130 Fürstin Metternich, der Gräfin Sullivan¬
351 1057 1263 1132 kommen und führte lieper eine Idee aus, die
134 936 366 1158 alle
1250 1084 2133 1160 Direktor, „denn ich fayr' heut' noch nach
2113 1103 3047 1158 Wolter und der benachbarten Logengäste. Das
354 1094 1254 1182 schon Gustav Mahler in die Tat hatte umsetzen
134 1124 378 1205 #l
1243 1123 1999 1200 Berlin und wer' es im Coupé lesen.“
2137 1143 3045 1213 Stück sollte aber trotzdem gar bald zu einem
356 1146 1257 1222 wollen: Oskar Straus zu beauftragen, fur das
1271 1159 2136 1272 Tags darauf telegraphiert Dr. Burckhard
2133 1181 3048 1261 der nachhaltigsten Erfolge der Hofbühne sich
130 1193 1262 1248 le Wiener Operntheater ein Tanzpoem zu schreiben.
1250 1226 2140 1301 dem Dichter, er habe das Stück angenommen,
139 1238 369 1302 Publikum
360 1222 1257 1309 Also wurde für das Singspiel „Der tapfere
2141 1246 2381 1315 entwickeln.
1247 1266 2136 1338 es gefalle ihm außerordentlich! Gleich nach
149 1270 373 1337 begonnen.
366 1279 1252 1349 Kassian“ das Ballett „Die Prinzessin von
1247 1300 2148 1394 seiner Rückkehr besprachen beide Herren die
145 1327 1252 1381 eden. Eine Tragant“ eingetauscht, das noch im November
2153 1323 3046 1417 Ob die Christine der musikalisch gewordenen
1257 1351 2146 1431 Besetzung. Sofort zeigte sich eine Gegen¬
148 1356 1262 1432 uns vom 1912 zur Erstaufführung kam und noch heute
2135 1388 3050 1458 „Liebelei“ auch in der Aufführung des
1258 1389 2148 1473 bewegung aus dem Personal. Einige be¬
160 1413 378 1483 wird, ist
367 1397 1261 1483 zu den meistgegebenen alten Balletten der
2138 1428 3046 1496 Raimundtheaters in den Tod geht, ist im Rat
1254 1432 2140 1511 rühmte Damen und Herren getrauten sich
218 1452 375 1513 Artur
374 1467 731 1541 Staatsoper zählt.
2145 1474 3045 1543 der vielen Librettisten, die da Götter spielen,
1253 1478 2135 1550 nicht, die ihnen zugeteilten Stollen an¬
154 1482 385 1571 n Oskar
2135 1512 3049 1605 noch nicht gewiß. Nicht einmal, ob das Stück
1246 1525 2147 1613 zunehmen. Baumeister zum Beispiel konnte sich
2137 1545 3052 1628 „Liebelei“ heißen wird. Ich habe vor einigen
1260 1571 2152 1640 mit dem alten Vorstadtmusikus Weiring nicht
245 1589 362 1627 Atarà
182 1589 382 1659 Dichters
406 1579 1270 1670 Das wienerische Drama „Liebelei“, ein un¬
2152 1594 3056 1667 Monaten in Paris die Plakate der französi¬
291 1625 392 1669 ur4¬
1258 1609 2140 1690 befreunden. Da sprang Sonnenthal ein, und
141 1621 382 1705 inz gefällt:
387 1641 1280 1707 zerstörbares Dokument der Wiener Gesell¬
2156 1647 3060 1731 schen Prosaaufführung des Tonfilms gesehen.
1275 1653 2146 1730 zwar mit Begeisterung. Er wollte nicht nur
156 1686 387 1747 ) in Hohen
381 1685 1273 1749 schaft aus der Jahrhundertwende, ist heute in
2151 1685 3062 1759 Da stand als Tieel der deutsche Originalname
1264 1696 2154 1768 den alten Violinisten aus der Josefstadt
172 1724 383 1783 Grinzing
378 1721 1272 1789 der ganzen Welt durch viele Aufführungen
2139 1731 3065 1802 „Liebelei“, und darunter als Unterkopf
1262 1745 2149 1825 geben, sondern übernahm auch die Spiel¬
151 1763 381 1827 ltberühmte
380 1769 1266 1844 geradezu volkstümlich geworden. Als es 1895
2145 1756 3056 1849 „Un film parlant français“. Der Pariser Be¬
1276 1802 1447 1872 leitung.
156 1803 381 1873 der Mann
383 1814 1273 1884 von Burckhard im Burgtheater zum ersten¬
2152 1814 3067 1879 arbeiter hatte also soviel Pietät für den
1289 1797 2153 1894 Zu den heftigsten Gegnern der Auf¬
153 1853 387 1920 ager. Den¬
387 1850 1287 1924 mal gegeben wurde, galt dies als eine
2153 1851 3060 1930 deutschen Dichter, den Titel nicht zu ändern,
1268 1869 2155 1938 führung zählte Charlotte Wolter. Sie und die
166 1900 385 1964 in Musiker
386 1899 1279 1980 geradezu revolutionäre Tat dieses hofrätlichen
2161 1909 3075 1971 weil er — nicht übersetzbar ist. Har doch
1273 1910 2163 2009 Fürstin Metternich waren nicht nur im Ab¬
166 1936 396 2009 verwandt
390 1941 1280 2003 Revolutionärs. Abgesehen von dem in den
2165 1945 3061 2012 Schnitzler das Wort „Liebelei“ erst für die
1284 1951 2156 2039 scheu vor der Figur des alten Vorstadtmusikers
386 1978 1277 2057 Augen der konservativen Aristokratie höchst
2157 1996 2739 2067 deutsche Sprache erfunden!
1280 1997 2170 2073 einig, sondern auch in ihrem Haß gegen
390 2030 1276 2098 bedenklichen Milieu des Stückes war es das
146 2018 394 2097 assian“ hat
2184 2022 3077 2109 Selbstverständlich hat der Künstler Oskar
1275 2038 2171 2121 Burckhard. Die Tragödin Wolter, oder
389 2078 1275 2136 erstemal, daß man auf der klassischen Bühne
148 2073 407 2139 rosa für die
2160 2065 3075 2152 Straus in seiner Musik alles Operettenhafte
1277 2084 2160 2158 richtiger gesagt, die Gräfin Sullivan=Wolter,
403 2113 1289 2184 der ehrwürdigen Hahsburger=Dynastie
153 2112 398 2184 schtgerichtet.
2161 2118 3083 2182 vermieden. Ein sozusagen gelernter Aesthet wie.
1275 2132 2169 2205 behauptete nämlich voll Entrüstung, der
391 2160 1278 2224 wienerisch zu sprechen wagte! Damals — man
152 2170 399 2234 aufführung
2170 2164 3078 2243 Direktor Dr. Hock hat das neue Werk das
1277 2158 2175 2253 Vater Weiring gehöre nicht ins Burgtheater,
159 2196 1292 2272 musikalische staunt — hatte es überhaupt noch nie ein
2158 2208 3073 2269 „Gegenteil einer Operette“ genannt. Straus
1282 2217 2175 2293 sondern tauge einzig als Geschäftsführer für
158 2233 1291 2312 jetzt schon Dialektstück im Burgtheater gegeben! Ueber¬
2158 2246 3073 2328 hat unter anderm eine große Ouvertüre ge¬
1292 2258 2170 2331 ein Nachtcafé! Diese Ansicht verkündete sie
154 2294 1293 2359 eneralprobe haupt — so meinte die Fürstin Metternich und
2167 2295 3086 2361 schrieben, selbstverständlich mit gar vielen
1288 2303 2175 2375 sogar in einem Interview. Selbstverständlich
161 2340 413 2402 wohl nicht
397 2323 1302 2401 ihr ganzer, für die Hofbühnen so gewichtiger
2174 2335 3071 2419 Walzern über feinen, diesmal sentimentalen.
400 2354 2170 2448 Krois — gehören Dialektstücke in die Josef= leitete. Burckhard gegen das Burgtheater¬
169 2380 409 2447 in seiner
2203 2365 3082 2439 Das Originaldrama besteht bekanntlich aus
3018 2396 3077 2457 5
400 2392 2177 2481 stadt! Aber zum großen Verdruß der Fürstin mitglied Wolter keine Difziplinaruntersuchung
165 2423 416 2489 Art man¬
2171 2413 3060 2494 drei Akten, das neue „Schauspiel mit Musik“
1284 2424 2170 2507 ein, obgleich der Fall kraß genug war! Eine
389 2459 1297 2524 Pauline, die doch sonst eine so geistvolle und
2167 2445 3082 2531 weist sieben Bilder auf. Es bringt nämlich eine.
155 2465 382 2536 zen gab.
1297 2473 2175 2544 Hofschauspielerin, die öffentlich gegen den
2183 2485 3087 2574 frei erfundene Vorgeschichte der Bekanntschuft
150 2504 1294 2592 ater. Franz kluge Frau war, sollten gar bald nach der
1295 2521 2181 2587 k. u. k. Direktor auftritt und eine neue, von
404 2542 1293 2622 „Liebelei“ dialektische Herren von der Be¬
2168 2543 3079 2619 Fritzens mit der tragischen Christine. Das
167 2566 415 2623 id zugleich
1298 2563 2173 2632 ihm gebrachte Dichtung verspottet und be¬
149 2583 1304 2664 n einst ein denklichkeit eines Anzengruber und eines
2174 2580 3097 2663 erste Bild spielt in der Konditorei der
1290 2623 1600 2696 schimpft.
160 2624 1303 2699 und andre Raimund und Nestroy auf dem Franzensring
2171 2637 3083 2701 Freudenau, wo Fritz mit jener Frat zu¬
423 2676 1313 2741 einziehen und sprechen, wie ihnen der
2172 2680 3102 2751 sammenkommt, deren Gatte (diesmal ein
156 2683 430 2755 Muse. Der
2188 2720 3096 2785 Oberst) ihn dann erschießt. Das zweite hat die
413 2731 922 2806 Schnabel gewachsen war.
156 2733 416 2801 der Hofoper
1328 2705 2178 2794 Was man dem alten Weiring als Ver¬
2177 2755 3091 2839 Wohnung Weirings, das dritte einen Heurigen
148 2774 426 2841 nüsse so un¬
1303 2768 2182 2840 brechen anrechnete? Daß er um die Liebelei
2180 2792 3106 2890 zum Schauplatz, wo Fritz und Christine ein¬
172 2817 427 2886 Carltheater¬
1301 2811 2187 2877 Christinens mit Fritz wisse und diese dennoch
2187 2855 3106 2916 ander treffen. Erst beim vierten Bild beginnt
174 2865 430 2937 esetzen. Das
1302 2856 2185 2927 nicht (etwa wie Vater Galotti seine Emilia)
443 2836 1305 2933 Man kann sich denken, wie hoffnungslos der
2177 2889 2808 2982 das Oringinalstück Schnitzlers.
1312 2899 2184 2971 töte! Aber gerade diese Haltung begründet der
413 2900 1313 2992 junge Schnitzler war, als er seine in der
2210 2916 3096 3011 Die Besetzung? Die Christine ist einer reizen¬
1314 2947 2011 3033 Dichter gemütvoll und einwandfrei.
226 2944 426 3016 Bariton
419 2943 1316 3020 „ordinären“ Vorstadt spielende Komödie dem
2189 2983 3108 3050 den ganz jungen Debütantin anvertraut, einem
427 2991 1321 3057 Burgtheater einreichte — ein Stück, das noch
1334 2992 2198 3059 Und dann: Es hat sich doch nicht um ein
162 2995 424 3080 mersängerin
2190 3027 3098 3089 Fräulein Karger, aus der staatlichen Akademie
425 3026 1314 3104 dazu als Neueinführung das „süße Wiener
1317 3037 2192 3110 leichtsinniges Ding gehandelt, sondern um ein
163 3050 430 3111 sowie Herr
2197 3063 3098 3141 hervorgegangen. Die Schlager=Mizzi ist Lotte
426 3073 1309 3147 Mädel“ in den von Marmor und Gold
1304 3079 2194 3154 Mädchen von stärkstem Ernst des Herzens, von
165 3084 439 3156 Zildeten die
2184 3099 3102 3168 Lang. Den alten Musikus gibt nun (nach
423 3112 1320 3187 strotzenden Kunstpalast brachte. Eigentlich hat
1311 3121 2204 3196 tiefem Gemüt, um diese so sympathische,
169 3128 431 3196 prung hatte
2187 3140 3106 3213 Sonnenthal, Girardi und Hugo Thimig) der
432 3152 1325 3237 sich diese Einreichung“ absolut nicht so
1313 3148 2209 3241 diese unvergeßliche Christine Weiring! Als sie
191 3177 438 3237 der Kom¬
2191 3189 3109 3261 so rasch volkstümlich gewordene Charakter¬
423 3192 1313 3284 feierlich vollzogen: Dr. Burckhard und Doktor
1318 3209 2201 3280 hört, ihr Fritz sei im Duell gefallen, noch dazu
174 3219 443 3294 den oft und
2192 3237 3111 3313 spieler Ludwig Stössel. Die durch Friedrich
426 3242 1323 3325 Schnitzler wohnten damals zufällig in einem
1312 3242 2209 3328 für eine andre, für eine verheiratete Frau,
2932 3282 3111 3345 Zwei¬
2753 3285 2909 3339 feine
2889 3288 2960 3330 242
1201 3276 1316 3343 Das
2197 3287 2775 3355 Mitterwurzer berühmte,
1317 3281 2201 3370 von der er sich so leicht nicht hatte lösen
164 3295 1210 3381 Kassian“ — Hause, nämlich in der Frankgasse 1.
2200 3311 3115 3398 minutenrolle des „Herrn“ wird diesmal von
158 3339 1324 3406 llim Einver=heißt: dort lag sozusagen die Wohn=Wohnung
1314 3351 2084 3427 können, da geht Christine ins Wasser.
2196 3366 3104 3437 einem Schauspieler gegeben, der eine Obersten¬
157 3369 1326 3461 nteritel ge= Burckhards. Er hatte nämlich in der
1343 3382 2211 3459 Vater Weiring sieht nur, wie sein geliebtes
2208 3395 3112 3478 uniform stramm zu tragen versteht. Der sen¬
158 3401 1335 3489 Musik“ nach Porzellangasse noch eine zweite Wohnung, die
1319 3434 2208 3512 Kind die Wohnung verzweifelt verläßt, er kann
1174 3448 1332 3520 seiner
2207 3451 3111 3526 sationelle kurze Drapüberzieher, den Mitter¬
176 3471 1190 3551 ür Strous —er seiner besten Freundin bilt —
1320 3471 2216 3558 sich kaum bewegen, ihr nachzueilen, er ist ge¬
2203 3502 3107 3563 wurzer als dieser „Herr“ getragen, ist nun¬
178 3504 1329 3605 Hofoper an= Bibliothek! Eines Tages wollte Schnitzler auf
1326 3520 2132 3615 gelähmt, aber er weiß, was geschehen wird.
1362 3526 3112 3616 Sie kommt nicht wieder!“ ruft er aus mehr ins Burgtheatermuseum in die große
218 3544 1335 3626 allerdings den Weg ins Burgtheater, sein „Liebelei"¬
170 3590 1339 3691 inszeit nichtManuskript zu übergeben. Da trifft er im
178 3581 3115 3722 horzuber en. Haustor den Direktor, der dem Schriftsteller und sinkt zusammen. Als Sonnenthal diese Vitrine gewandert. Julius Stern.
