3436 4224
296 80 673 162 Liebelei
149 84 693 211 5 „lennnenech
220 860 365 969 (346)
138 989 362 1099 milieu,
138 1085 356 1155 Imusique
142 1143 362 1212 le röle
142 1202 355 1273 B souve¬
142 1256 345 1324 t d’évo¬
142 1314 353 1396 télicien.
149 1375 353 1456 un röe
143 1432 347 1511 kce, par
146 1493 354 1574 spearel)
153 1558 355 1637 combi¬
144 1656 352 1748 aspects
151 1727 330 1806 pagne-
141 1789 332 1860 ement?
140 1844 299 1916 bantag
145 1903 314 1972 mande
169 1963 282 2035 ui el
843 78 1284 192 box 13/8
1056 855 1196 953 (347)
1547 885 2331 962 LE COMMENTAIRE MUSICAL
2654 912 2730 979 27
1047 942 2742 1026 MR
1048 1015 2740 1106 contribuera à augmenter la quantité de musique, et méme de bonne
1048 1099 2731 1170 musique, déversée dans les oreilles du public. Dans quelle mesure l’éduca¬
1038 1135 2736 1230 tion musicale y gagnera-t-elle? Des pessimistes, qui croient qu’un homme
1042 1185 2733 1269 devient plus musicien en travaillant soigneusement au piano une étude
1043 1265 2741 1349 de Stephen Heller, qu’en entendant la Messe en si à la T. S. F. pendant
1043 1323 2737 1404 qu’il parle d’autre chose, se montreront sceptiques, mais il faut les laisser
1039 1377 2743 1468 dire et marcher avec le siécle. Or celui-ci, satisfait de la diffusion universelle
1039 1444 2743 1516 des sons, n’attache qu'une médiocre importance à la qualité et à l’effort
1029 1473 2734 1563 personnel; en dérision de la musique qu’on écoute Cavecla téte entre les
1031 1547 2744 1637 mains, o il a développé — selon le mot profond d’Eric Satie — la musique
1042 1619 2742 1696 a d’ameublement ), et l’art sonore, soigneusement échenillé de toutes
1025 1671 2722 1743 les fadaises romantiques de profondeur, de sublimité, etc., tend à consti¬
1034 1719 2736 1818 tuer un divertissement (au sens pascalien du mot) ou l'abondance et la
1041 1796 2735 1888 continuité des bruits supplée à la prise médiocre qu’ils exercent sur une
1042 1850 1881 1935 vie intérieure réduite au minimum,
2129 1907 2575 2036 LIONEL LANDRv.
1789 2913 1859 2980 2
1806 3005 2057 3099 K
