3436 4224
207 2357 263 2410 Ur
192 2755 280 2832 oisi
193 2815 292 2887 ü
182 1264 299 1367 rts:
190 1353 318 1424 rets
193 1408 300 1483 elio,
191 1469 278 1533 ret
186 1535 236 1609 1
352 142 725 233 Liebelei
199 144 764 287 3. in  nenenelich
904 155 1335 255 box 13/8
2631 905 2716 993 25
1527 895 2297 995 LE COMMENTAIRE MUSICAL
1020 918 1191 998 (345)
1018 981 2722 1063 WIIHIHHIHHNTHHEHITIEEHEIIIIIAHETHHHEREERIIIEHZHAHHHHHHHIHINHTLEENINITHIIT
1023 1036 2722 1126 possible qu'un jour le cinéma muef sonore reprenne, à côté du parlant
1036 1121 2723 1183 et du chantant, une place honorable. II se peut toutefois qu’elle ne soit
1026 1167 2727 1243 pas proportionnellement plus grande que celle des formes mueftes-sonores
1032 1238 2724 1311 de la scène, pantomime et ballet (nous avons vu plus haut une raison
1037 1279 1788 1369 plausible de cette restriction).
1098 1337 2719 1419 II est d’ailleurs difficile de se prononcer sur la question tant que les
1031 1411 2710 1502 techniques ne sont pas stabilisées, tant que l’écran demeure menacé d’une
1036 1479 2723 1548 crise de couleur et d’une crise du relief, tant que le monstre: écran en
1031 1529 2716 1607 relief, en couleur, parlant, sonore (pendant que nous y sommes nous
1021 1585 2727 1657 pouvons l’imaginer odorant, gustatif ct tactile) ne se sera pas réalisé,
1031 1652 2724 1724 de manière à pouvoir en partir pour constituer, par dépouillement, par
1027 1710 2721 1782 adoption de conventions particulières, des formes réellement artistiques.
1826 1813 1962 1971 8
1103 2000 2717 2100 Dans l’état actuel de l’écran, deux combinaisens de film musical
1032 2082 2715 2144 apparaissent possible: l’une chantée, correspondant à l’opéra, à l’opéra¬
1036 2147 2726 2210 comique, à l’opéra-ballet, voire à l’oraforio; l’autre parlée avec musique
1036 2195 2731 2296 d’accompagnement obligatoire, correspondant au mélodrame (mais avec
1037 2265 2115 2330 un röle plus important conféré à la musique).
1107 2335 2725 2411 La première ne semble pas actuellement- au point, sauf en ce qui con¬
1038 2400 2723 2468 cerne l’opérette filmée ou la revue de music-hall filmée, qui tend à prendre
1040 2450 2720 2521 une large place à l’écran, soit comme principal, soit comme accessoire
1044 2504 2715 2580 (The Gold Diggers, la musique jouait un röle important). D’intéres¬
1039 2573 2726 2639 santes tentatives ont# faites pour doter certaines ceuvres musicales
1032 2615 2717 2681 d’un commentaire lumineug; il ne semble pas qu’elles aient réussi, peut-étre
1036 2669 2729 2758 pour des raisons d’ordre matériel. L’essai pourrait étre tenté de nouvenu
1044 2752 2721 2810 en s’attaquant à des ceuvres célébres (Damnation de Faust, Sacre du
1045 2795 2730 2865 Printemps, Festin de l’Araignée, Namouna, Daphnis et Chloé, etc.), mais
1034 2863 2717 2929 pour cela il faudrait compter sur un mécène et le mécène se fait rare:
1031 2924 2720 2991 tout au plus rencontre-t-on la g mécène-interpréte, qui n’est pas sans
1035 2985 1630 3065 offrir quelques dangers.
1106 3046 2725 3110 La combinaison  film parlant avec musique d’accompagnement
1041 3104 2722 3170 obligée n nous a valu, dans ces derniers temps, des ceuvres excellentes,
1050 3168 2731 3235 notamment eelles qui sont venues de Vienne (Liebelei, la Symphonie
1046 3211 2744 3301 inachevée, Mascarade). Dans ces trois films, ie prétexte à l’introduction
