3436 4192
918 187 1355 285 box 12/4
224 190 778 284 5. Liebelei
574 253 781 304 enta d##sengarfen4
233 1253 1247 1333 stockt niemals, fließt hald im breiten Bogen, bald in
129 1271 1262 1377 ßerst heftigen, durch die Szeue bedingten Stromschnellen
238 1357 1254 1418 dahin. Häufige Strauß= und einige Wagn=Färbungen
239 1391 1262 1467 (Reminiszenzen wäre zu viel gesagt dü fen ihm nicht
239 1430 1253 1515 verübelt werden. Verstehter sich d## sonst vortrefflich
227 1469 1259 1553 auf's Instrumentieren, auf leichtflüssige und klingende
129 1506 1260 1601 leiten Orchestrierung. Und ein großer Vorzug: Er bekennt
226 1556 1259 1627 sich zur Melodie, zur uneußlichen meinetwegen, wie
145 1589 220 1643 igen
237 1612 1250 1676 wir sie vom großen Baireuther gelernt, aber item zur
146 1635 238 1685 ider
233 1646 1253 1730 Melodie, Er muß nur den Mut haben, diesen Hang,
142 1677 234 1729 ische
241 1696 1257 1770 der sich selbst in der Deklamation niemals ver¬
138 1721 227 1777 tung
239 1735 1256 1814 leugnet, weiter auszubilden. So wäre er dann
137 1763 227 1816 fache
241 1790 1252 1845 dielleicht auch der richtige Bann für das musikalische
129 1806 235 1861 rerst
239 1827 1257 1892 Lustspiel, von dem wir alle träumen, und das seit
231 1859 1256 1952 Verdis „Falstaff“ etwa nur in d'Alberts „Abreise“, in
141 1888 228 1943 üble
238 1925 1245 2003 Wolf=Ferraris „Neugierige Frauen“ wieder viel¬
142 1934 228 1986 erin
243 1960 938 2021 versprechende Anfänge gefunden hat.
340 1993 1258 2070 Die Aufführung der Volksoper kam den
181 1985 225 2068 a
237 2027 1258 2112 Intentionen des Dichters zum großen Teil, jenen des
186 2056 229 2109 8
138 2101 237 2161 Fritz
234 2082 1244 2153 Kömponisten restlos entgegen. Zunächst durch das
137 2136 1253 2209 nahe stimmungsvolle Interieur der beiden Bühnenbilder
143 2186 1241 2244 alog und durch zarte Beleuchtungseffekte. Herr Markowsky,
235 2212 1252 2283 der Regisseur des Abends, hat hier überaus lobenswerte
234 2269 1237 2326 künstlerische Arbeit geleistet. Von den Solisten entsprach
231 2295 1253 2358 wohl nur Fräulein Engel ganz ihrer schwierigen, aber
192 2361 1244 2413 s dankbaren Aufgabe. Ihr frischer, quellender Sopran
159 2389 1234 2456 ges überschritt leicht die Klippen des dramatischen Rezi¬
131 2429 1237 2501 rnd, lativs, blühte voll auf in den Ariofostellen. Sie allein
135 2488 1245 2546 dezu traf auch in der Darstellung den leichten Wiener Ton,
134 2533 231 2582 Des.
231 2527 1257 2588 van dem wir eingangs gesprochen. Fräulein
229 2570 1259 2619 Roeder und die Herren Lußmann und Brandt
218 2609 1254 2659 waren noch zu wuchtig im Ausdruck und Spiel.
222 2654 1250 2711 Doch sangen sie alle vortrefflich und werden
196 2698 1243 2755 rsicherlich auch dem Geiste ihrer Rolle bald
230 2746 1261 2798 ganz nahe kommen. Rührend war Herr
131 2788 1250 2851 ben Bandler als Weiring, von scharfer Charakteristik
122 2823 1245 2886 tritt. Fräulein Macha als Frau Binder, durchaus würdig
129 2875 1242 2926 Hier Herr Klein in der Partie des fremden Herrn.
195 2916 1248 2988 Gerad=zu verblüffend gut hielt sich das Orchester unter
222 3003 1248 3061 schwungvollen Leitung des Kapellmeisters Tittel.
129 3046 1247 3095 lückt So gestaltete sich der große Erfolg, den der Komponist
130 3090 1248 3158 essen gestern errungen, auch zu einem Ehrenabend der Volks¬
131 3134 849 3202 Auch oper und ihres rührigen Leiters.
128 3174 233 3250 Muß
809 3167 1215 3246 Paul Stauber.
2130 566 2299 619 DAr
2582 576 2649 638 Hu
2351 539 2409 653 I
2103 612 2219 690 1501
1908 672 2051 733 vom:
2281 692 2385 790 1
1997 751 2824 896 Theater und Kunst.
1952 845 2994 953 Volksoper. Schnitzlers Liebelei“ hat auf einen
1852 897 3000 1023 jungen Komponisten namens Franz Nrumann solch unaus¬
1857 957 3003 1053 löschlichen Eindruck gemacht, daß er beschloß, diese Tragödie in
1865 990 3010 1116 Musik aufzulösen. Man muß Neumann dankbar sein, daß er
1869 1038 3010 1154 uns nicht nach modernem Mu### eine symphonische Dichtung
1858 1079 3009 1197 gao, bei der die Textworte nachträglich gestrichen werden, ebenso¬
1868 1127 3006 1234 wenig eine, bei der die Texiworte zufällig siehen bleiben, sondern
1875 1163 3018 1293 daß er versuchte, daraus eine regelrechte Oper zu bilden. Wollte
1879 1212 3024 1332 man fragen, ob die „Liebelei“ einer Musik in Tönen fähig
1882 1271 3027 1370 oder bedürftig sei, so müßte man darauf mit einem klaren
1887 1303 3032 1421 Rein antworten. Allein hat die „Liebelei“ nicht eben gewonnen,
1880 1362 3028 1477 *, dach die musikalische Weit einen Mann ron unzweisel¬
1931 1496 3078 1578 hafter Begabung, die dauernder Aufmerksamkeit nicht unwert
1943 1567 3083 1641 scheint. Dieser Franz Neumann, der sich vor Selcher¬
1942 1614 3083 1691 lehrling zum gerühmten Kapellmeister (in Frankfurt
1937 1656 3085 1719 am Main) hinausgearbeitet hat, kann etwas — das
1941 1710 3071 1777 ist das Entscheidende. Sein Können ist dem Theater zugewendet.
1933 1765 3081 1828 Soll man nach der „Liebelei“ allein urteilen, und wir sind in
1933 1799 3074 1854 dieser Zwangslage, so muß man wohl sagen, daß dieser Art
1943 1845 3084 1914 Musik ner, das tiefere Fundament fehlt. Aber welcher Sinn fürs
1937 1897 3091 1967 Thenter ht hier zu finden, welch sichere Hand für alle Möglich¬
1931 1923 3071 2013 #eiten! Das ist, mindestens an einzelnen Punkten, schon mehr
1928 1984 3084 2061 als bloße Geschicklichkeit, obwohl diese an sich schon nicht un¬
1937 2027 3078 2106 beträchtlich ist. Immer dort, wo das Wort des Dichters Pausen
1928 2066 3079 2153 ließ, wo ein Gefühl, eine Stimmung ohne Worte sich aus¬
1923 2122 3072 2193 breiten kann, gibt Neumanns Musik viel an Ausdeuck und
1923 2168 3071 2245 treffender Zeichnung her. Es ist sörmlich eine Zwischenaktsmusik
1931 2218 3073 2284 zwischen den Worten. Das Wort selbst wird natürlich in der
1922 2256 3062 2337 Musik ersäuft. Nicht als ob der Komponist nicht verstünde,
1908 2310 3070 2375 zu deklamieren und zu betonen; aber das Wort, der Dialog
1921 2356 3068 2441 widerspricht hier aus seiner eigenen Natur der Musik. Neumann
1917 2401 3068 2480 hat den Text bis auf geringe Kürzungen unyerändert gelasen.
1918 2436 3060 2526 Diese lobenswerte Treue wird leider nicht belohnt. Die Hurtig¬
1911 2491 3055 2570 keit des Dialogs macht es unmöglich, bei einzelnen Gefühls¬
1907 2541 3062 2609 momenten zu verweilen; sie alle aber doch zur Einheit zu binden,
1901 2586 3068 2647 dazu fehlt es hier denn doch gerade an der — symphonischen
1909 2619 3066 2701 Verknüpfung. So stellt das Werk eine Mischung dar, die beide
1904 2680 3064 2745 Teile, Wort und Ton, zu gesondert enthält, mag auch jeder Ton
1900 2718 3056 2792 jedes Wort nachzubilden versuchen. In dem Werk aber, so wie
1907 2773 3059 2840 es ist, steck. soviel respektables Talent, daß seine Bekanntschaft als
1904 2823 3061 2907 Gewinn gerechnet werden muß. Die Vollsoper hat das Werk recht
1907 2873 3058 2947 gut herausgebracht. Die Vorstellung hatte Fluß, nicht zuleßt ein
1897 2914 3051 2991 Verdienst des Dirigenten Herrn Tittel und des Regisseurs
1901 2955 3056 3045 Herrn Markowsky. Herr Lußmann, der Sünger des
1906 3007 3047 3091 Fritz, hat zwar stimmlich viele Fortichritte gemacht, als Dar¬
1901 3056 3051 3133 steller vergißt er leider keinen Augenblick, daß er ein Tenor ist.
1898 3105 3044 3184 Recht gewandt gab Herr Brand den Theodor. In der Rolle
1891 3156 3043 3223 des alten Weyring erwies sich Herr Bandler abermals als
1898 3196 3045 3271 guter Charakteristiker und geschmackvoller Sänger. Die besten
1897 3232 3047 3322 Stimmmittel zeigte Herr Klein (fremder Herr). Fräulein
1896 3287 3037 3349 Engel war als Christine recht tüchtig; wir haben sie ge¬
1888 3325 3040 3414 legentlich schon reiner singen gehört. Sehr mäßig als Mizzi
1891 3371 3039 3463 Schlager Fräulein Roeder; vielleicht ist die Dame, die wir
1877 3432 3028 3506 zum erstenmal hörten, in anderen Rollen besser. Das Publikum
1890 3476 3030 3544 nahm das Werk mit großer Begeisterung auf. Die „Liebelei“
1889 3521 3024 3586 macht nun im musikalischen Gewand neue Eroberungen. Der
1888 3570 3026 3656 Komponist wurde vielmals gerusen, zum Schlusse mußte auch
1877 3591 2497 3685 der anwesende Dichter erscheinen.
2848 3626 2988 3693 D. B.
