3344 4256
459 204 801 275 Liebelei
284 205 1402 316 51 box 11/2
1179 1118 1565 1213 Telephon 12801.
523 1297 1575 1422 Min HiTrSnnung
414 1363 505 1446 2
441 1382 1591 1472 ∆ l. österr. behördl. konz. Unternehmen für Zeitungs-Aussel nitte
592 1447 1487 1558 Wien, I., Concordiaplatz 4.
830 1532 1261 1601 Vertretungen
446 1560 1587 1651 0 in Berlin, Budapest, Chicago, Christiania, Genf, Kopen¬
429 1612 1584 1700 hagen, London, Madrid, Mailand, Minneapolis, New-Vork,
443 1651 1551 1736 a Paris, Rom, San Francisco, Stockholm, St. Petersburg.
851 1704 1258 1767 (Quelienangabe ohne Gewähr.)
468 1765 842 1855 & Ausschnitt 6
837 1740 1560 1856 BRWARI S, BERLIN
440 1847 525 1895 355
793 1855 1099 1937 21.819 1907
482 1886 665 1941 vom:
428 1919 1610 1968 Kammerspiele: Liebelei, Schauspiel von Artur
583 1968 1608 2019 x. Von allen Stücken Schnitzlers hat dieses Drama
358 1945 527 2017 Schnitz
356 1995 1602 2039 von der ief innerlichen, beklommenen und dann jählings zum Tode
348 2041 1610 2082 verletzten Liebe eines echten Herzens immer noch den reinsten und
348 2086 1601 2148 vollsten Akkord. Wie viel anderes ist seit zehn Jahren und mehr
364 2122 1601 2176 gekommen und wieder vergessen worden. „Liebelei" behauptet noch
347 2166 1609 2212 limmer seinen ursprünglichen Wert. Die beiden Welten, die hier
355 2189 1608 2253 gegenübergestellt sind, bestehen ja weiter: das tändelnde Genießen
360 2240 1608 2273 lebesüchtiger Bourgeoissöhnchen, denen die Liebe des süßen Wiener
360 2276 859 2323 Mädels eine Erholung,
863 2278 1599 2317 ein Amüsement wie ein anderes
463 2309 1158 2372 und das ernste Erleben und
1171 2305 1603 2375 das Ganzergriffen¬
358 2349 922 2408 werden von der ersten
1505 2357 1593 2406 sie
950 2349 1501 2415 jugendfrischen Liebe, wie
922 2358 956 2398 25
1271 2390 1604 2444 keinem anderen
1167 2392 1262 2440 In
347 2393 1071 2445 in der Musikertochter verkörpert ist.
349 2427 1599 2486 der wienerischen Dramen Schnitzlers ist soviel Lokalkolorit, soviel
350 2460 1600 2521 mitschwingende Stimmung und Lyrik wie in diesem. Für die
350 2497 1598 2565 Kammerspiele, die die intimeren Reize pflegen wollen, war darum
361 2551 1604 2605 eine Wiederaufführung der „Liebelei“ wohl angebracht. Was
351 2586 1605 2645 verständnisvolle Inszenierung, die mit den Mitteln nicht zu sparen
346 2640 1608 2680 braucht, zu leisten vermag, war aufgeboten. Aber die Menschen, die
354 2668 1609 2719 in dek vornehmen Studentenbude und in dem traulichen Zimmer
359 2704 1610 2757 des alten Weiring agierten, trafen nicht alle den richtigen Ton.
352 2746 1600 2794 Das spezifisch Wienerische, das Weiche, Leichte fehlte bei
356 2791 1604 2838 Fritz Lobheimer, mit dem eine neue Kraft, Herr Eugen
362 2826 1607 2871 Dumont sich einführte, gänzlich. Und Fräulein Höflich
370 2852 1597 2914 war viel zu norddeutsch, scharf und robust für die liebe, innige,
362 2896 1610 2954 schwärmerische Christine. In der Schlußszene des letzten Aktes, da
362 2939 1608 2991 sie erfährt, daß ihre ganze Hingebung, ihre Liebe, die ihr ein und
365 2989 1600 3033 alles war, einem Phantom galt, gewann die Christine in der Dar¬
367 3012 1605 3063 stellung Fräulein Höflichs Kraft und Größe der Leidenschaft und
362 3065 1599 3111 ihr Schrei erschütterte. Ob aber diese laute Anklage nicht auch
351 3080 1610 3140 wienerisch gedämpft besser geklungen hätte? Der lustige junge
354 3135 1610 3193 Mann aus gutem Hause, Theodor, wie ihn Herr Ekert auffaßte,
356 3176 1607 3227 die etwas larmige Mizi Schlager des Frl. Berger, der milde,
349 3203 1602 3250 alles verstehende Vater Weiring in Pagays Charakterisierung
366 3244 1604 3298 paßten eher zu dem Bilde, das sich bei uns für Schnitzlers
365 3297 934 3344 Stimmungsdrama gebildet hat.
441 3325 1602 3372 Aber wenn wir ganz offen sein sollen, sei es unumwunden
367 3367 1591 3420 gesagt: wir haben im ganzen bessere Aufführungen gesehen an
362 3415 1409 3474 Theatern, die nicht den Ehrgeiz der Kammerspiele hatten.
2560 934 2981 1017 Telephon 12801.
1821 1184 1918 1240 —
1839 1192 2983 1271 O l. österr. behördl. konz. Untergehmen für Zeitungs-Ausschnitte
2000 1268 2885 1337 Wien, I., Concordiaplatz 4.
2235 1320 2654 1401 Vertretungen
1904 1373 2983 1447 in Berlin, Budapest, Chicago, Christiania, Genf, Kopen¬
1907 1413 2986 1499 hagen, London, Madrid, Mailand, Minneapolis, New-Vork,
1935 1452 2960 1527 Paris, Rom, San Francisco, Stockholm, St. Petersburg.
2257 1509 2649 1566 (Onellenangabe ohne Gewühr.)
1829 1546 2332 1640 * Ausschnitt aus:
2539 1607 2816 1690 21 9 190
1835 1683 2064 1743 E vom:
2187 1662 3083 1784 Dertsche Warte, Berlin
1990 1763 2955 1851 *** In den Kammerspielen des Deutschen
1985 1827 2931 1888 Theaters gelangte Artur Schnitzlers bekanntes
1987 1883 2930 1936 Schauspiel „Liebele!“ am Tomerstag abend zum
2002 1921 2933 1967 ersten Male zur Aufführung. Die beiden Milieus, die
1989 1964 2931 2030 der Dichter in ihren zu tragischen Konse¬
1983 2013 2804 2061 quenzen führenden Berührungen schildert,
2824 2013 2930 2066 das
1991 2053 2931 2125 der tändelnd dahinlebenden Genußmenschen und
1984 2092 2920 2154 das der von echten Empfindungen bewegten
1993 2141 2931 2192 aber auch schwer daran tragenden Persönlichkeiten, kam
1993 2187 2920 2240 durch die Darstellung in scharfen Umrissen zu lebens¬
1983 2236 2935 2292 wahrem, packendem Ausdruck. Am meisten interessierte
1983 2277 2940 2334 natürlich die Rolle der Christine, die in den Händen
1990 2313 2926 2372 der Lucie Höflich lag. In den beiden ersten Akten gab
1993 2362 2930 2410 sich die Darstellerin allzu sentimental, allzu matt,
1989 2408 2936 2450 so daß sie kein größeres Interesse erwecken konnte
1977 2460 2921 2513 und man unwilltürlich den Wunsch in sich aufsteigen
1981 2495 2959 2548 fühlte, sie möchte wenigstens etwas von der „gesunden
1984 2540 2924 2582 Menschlichkeit“ besitzen, die den leichter veranlagten
1980 2585 2920 2634 Frauen im Stück von einem flotten Wiener nachgerühmt
1977 2619 2932 2675 wird. Im dritten Akte entschädigte Lucie Höflich voll
1970 2678 2926 2730 und ganz. Die leidenschaftlichen, halbirren Ausbrüche
1970 2717 2928 2770 ihrer verzweifelten Seele, wo sie sich als das
1978 2769 2923 2814 unglückliche Opfer einer Liebelei erkennt, der sie mit echtester
1975 2803 2926 2851 Liebe entgegen gekommen, waren herzbewegend, herz¬
1976 2850 2926 2896 erschütternd. Wenig paßte in das Ensemble Eugen
1985 2885 2926 2935 Dumont als Fritz Lobheimer, der Liebhaber der Christine,
1978 2927 2923 2977 mit seinem temperamentlosen, matten Spiel hinein. Die
1978 2976 2926 3025 übrigen Darsteller erfüllten ihre Aufgabe in lobenswerter
1975 3019 2930 3083 Weise. Gemütliche, leichtfertige Wiener von herzerquickender
1968 3066 2924 3120 Frische waren Grete Berger als Modistin Mizi und
1969 3108 2919 3154 Alexander Eckert als Theodor Kaiser. Hans Pagay
1968 3153 2923 3219 war in der Rolle des Vaters der Christine, des
1968 3194 2920 3250 Violinspielers Weiring, von rührender Schlichtheit,
1980 3240 2914 3292 Sophie Pagay als Katharina Binder die richtige
1979 3285 2939 3352 Klatschbase mit scharfem Zungenschlag. Was die Aus¬
1978 3341 2933 3396 stattung anbetrifft, so sei besonders das mit seinem
1985 3386 2923 3451 Geschmack hergerichtete Zimmer des alten Violinspielers
1992 3428 2901 3500 hervorgehoben, das viele intime Reize aufwies. th.
