3436 4256
414 167 785 246 Liebelei
250 177 914 285 5. Sneenennnne
950 162 1382 251 box 12/3
2057 85 3195 131 Glas Seit reicht. Eine Abart ist das melänchölische
2047 123 3176 183 süße Mädel, mit den traurigen melancholischen Augen,
2045 176 3190 233 das nur den einen Mann kennt und für denselben durch
2041 213 3198 281 das Feuer ginge; eine Art Kätchen von Heilbronn, nur
2039 273 3196 334 nicht so tugendhaft, aber seinem Herrn ebenso hündisch
2043 316 3201 391 folgsam und ergeben; ist mißtranisch und eifersüchtig
2045 372 3189 423 über die Maßen und kennt keine andere Furcht, als daß
2032 420 3189 467 er untreu werden möchte. Im Grunde genommen ein
2039 467 3191 513 armes Geschöpf, das den ganzen Tag arbeitet und
2055 509 3193 576 schafft, nur an ihn denkt und die Stunde der Zusam¬
2035 567 3185 629 menkunft kaum erwarten kann. Gutmütig und nicht
2041 613 3202 668 gerade torrupt, aber überspannt, mit einem gewissen
2036 661 3200 714 Zug ins Hysterische. Diese arme Mädeln tragen schon
2040 712 3187 765 von Anfang an den Todeskeim in sich, denn der Mann
2041 751 3196 816 betrachtet das arme Geschöpf nur als seinen Spielball,
2042 808 3199 862 als sein Kätzchen, mit dem er sich eine Zeitlang spielt
2042 859 3206 917 und das er dann beiseite stößt; er schwört ihr zwar
2043 903 3190 963 ewige Liebe und Treue. Aber diese Liebe und Treue
2044 958 3201 1015 währt nur von der Zimmertür bis zur Hausflur;
2032 1003 3195 1064 das bekannte Ringelspiel. Man spielt mit diesen
2042 1065 3191 1118 armen Geschöpfen wie mit kleinen Feuerwerken. Ihm
2039 1101 3197 1170 macht es nichts, aber dem armen Geschöpf verbrennt es
2035 1148 3201 1204 die Flügel und flügellahm endet dasselbe entweder in
2037 1197 3201 1253 einem der verrufenen Häuser oder in einer Wasserlache.
2132 1244 3195 1303 Frl. Newes gab am vergangenen Freitag dieses
2035 1305 3200 1362 melancholische süße Mädel; treuherzig und schlicht,
2028 1350 3200 1410 aber zu tiefernst, zu melancholisch, mit einer Leichen¬
2034 1399 3194 1462 bittermiene, als wenn es bereits im voraus wüßte,
2033 1446 3196 1501 daß es sich im letzten Akt erhängt oder ertränkt.
2039 1496 3196 1558 Daß Frl. Newes mit dem Wiener Tialekt auf sehr ge¬
2030 1543 3194 1590 spanntem Fuße stand, wäre das Schrecklichste gerade
2036 1594 3188 1661 nicht. Schrecklich war aber der Schmerzensschrei im
2034 1643 3192 1693 letzten Akt. Der gellte einem zwei Stunden lang in den
2020 1692 3194 1761 Ohren. Herr Framer gab den Fritz. Herr Framer
2036 1736 3199 1797 hat sich von der Kollege Crampton=Aufführung bis
2026 1784 3200 1837 zum vergangenen Freitag nicht geändert. Damals ist
2038 1849 3202 1907 uns sein etwas eckiges, stelzenhaftes, linkisches Spiel
2029 1887 3193 1947 aufgefallen. Wir haben dies damals auf das Konto
2029 1931 3192 1999 der Aufregung anläßlich der ersten Begegnung mit
2036 1983 2865 2041 einem total neuen Publikum gesetzt.
2903 1983 3204 2052 Allein Herr
2030 2038 3195 2086 Framer hat bis heute noch nicht die Natürlichkeit, die
2032 2087 3190 2132 Ungezwungenheit, das freie Spiel gefunden; und so
2032 2123 3200 2194 ist die Annahme gewiß nicht von der Hand zu weisen,
2030 2181 3203 2253 daß die Sache tiefer sitzt. Herr Framer wird also vor
2036 2235 3196 2291 allem darauf sehen, das Ungelenke, das Hölzerne
2032 2267 2634 2349 seines Spieles abzustreifen.
2638 2286 3194 2354 Den alten Weiring gab
2037 2334 3191 2380 Herr Hellmuth schlicht und einfach und Herr
2040 2374 3193 2430 Daurer den Georg mit der nötigen humorvollen
2039 2430 3196 2492 Nonchalance. Eine lustige resche Schlager Mizzi war
2033 2475 2457 2539 Frl. Waldheim.
2113 2528 3192 2584 Die Regie würde gut daran tun, zum Schluß
2020 2570 3183 2645 des letzten Aktes den Rotstift gehörig in die Hand zu
2033 2632 3190 2692 neh nen. Denn diese übermäßig lange Flennerei und
2024 2672 3184 2735 Heulerei wirkt, da sie sich immer in den gleichen
2022 2721 3192 2798 Tönen bewegt, langweilig und ermüdend und man
2010 2802 3150 2860 ist froh, wenn das Mädel endlich zur Türe hinaus¬
2013 2846 3171 2913 stürzt, wenn man ihm auch ein besseres Los wünscht.
2093 2915 3163 2966 Den Schluß des Abends bildete Schnitzlers: „Ab¬
2006 2952 3170 3008 schiedssouper“, ein nicht allzu witziges und allzu geist¬
2007 3003 3158 3079 Herren Seder und Framer und dem Frl. Waldheim.
2099 3142 3080 3197 Aus der Theaterkanzlei wird uns geschrieben:
2098 3204 2989 3258 Heute: „Der Liebeswalzer“. (Serie gelb.)
2093 3251 3157 3302 Mittwoch: Gilberts Operette „Die keusche Susanne“.
2097 3296 3172 3371 Donnerstag: Die Operette „Heimliche Liebe“ von
1999 3337 2428 3415 Paul Ottenheimer.
2096 3368 3180 3481 Freitag: „Der Erbförster“, Trauerspifl von Otto
1990 3441 2196 3521 Ludwig.
