<?xml version="1.0" encoding="UTF-8" standalone="yes"?>
<PcGts xmlns="http://schema.primaresearch.org/PAGE/gts/pagecontent/2013-07-15" xmlns:xsi="http://www.w3.org/2001/XMLSchema-instance" xsi:schemaLocation="http://schema.primaresearch.org/PAGE/gts/pagecontent/2013-07-15 http://schema.primaresearch.org/PAGE/gts/pagecontent/2013-07-15/pagecontent.xsd">
    <Metadata>
        <Creator>prov=University of Rostock/Institute of Mathematics/CITlab/Gundram Leifert/gundram.leifert@uni-rostock.de:name=ONB_Newseye_GT_M1+(htr_id=10810)::::v=2.4.2
prov=University of Rostock/Institute of Mathematics/CITlab/Tobias Gruening/tobias.gruening@uni-rostock.de:name=de.uros.citlab.module.baseline2polygon.B2PSeamMultiOriented:v=2.4.2
prov=University of Rostock/Institute of Mathematics/CITlab/Tobias Gruening/tobias.gruening@uni-rostock.de:name=/mnt/transkribus/LA/DEA/URO/LA_news_onb_att.pb:de.uros.citlab.segmentation.CITlab_LA_ML:v=2.4.2
Transkribus</Creator>
        <Created>2019-10-07T12:04:49.231+02:00</Created>
        <LastChange>2019-10-09T20:54:37.820+02:00</LastChange>
        <TranskribusMetadata docId="223992" pageId="9510135" pageNr="1942" tsid="16688015" status="IN_PROGRESS" userId="40391" imgUrl="https://files.transkribus.eu/Get?id=BLWALJCFWQEDBRAWKIOELMWQ&amp;fileType=view" xmlUrl="https://files.transkribus.eu/Get?id=OWDPYOQZDEJMXVKWTUAFDGXQ" imageId="6198837"/>
    </Metadata>
    <Page imageFilename="223992_1942.jpeg" imageWidth="3484" imageHeight="4224">
        <ReadingOrder>
            <OrderedGroup id="ro_1711446542637" caption="Regions reading order">
                <RegionRefIndexed index="0" regionRef="r1"/>
                <RegionRefIndexed index="1" regionRef="r2"/>
                <RegionRefIndexed index="2" regionRef="r3"/>
            </OrderedGroup>
        </ReadingOrder>
        <TextRegion orientation="0.0" id="r1" custom="readingOrder {index:0;}">
            <Coords points="222,129 222,289 298,289 298,129"/>
            <TextLine id="r1l1" custom="readingOrder {index:0;}">
                <Coords points="213,246 221,249 232,246 244,253 255,246 268,248 276,244 286,250 298,241 305,242 308,222 294,218 275,193 260,181 256,184 242,177 234,181 221,179"/>
                <Baseline points="222,229 247,231 272,234 298,239"/>
                <TextEquiv>
                    <Unicode>5.</Unicode>
                </TextEquiv>
            </TextLine>
            <TextEquiv>
                <Unicode>5.</Unicode>
            </TextEquiv>
        </TextRegion>
        <TextRegion orientation="0.0" id="r2" custom="readingOrder {index:1;}">
            <Coords points="251,205 251,3012 1276,3012 1276,205"/>
            <TextLine id="r2l1" custom="readingOrder {index:0;}">
                <Coords points="344,242 520,245 535,235 662,244 697,221 696,199 639,195 605,171 527,192 490,177 445,194 422,178 389,185 344,173"/>
                <Baseline points="351,234 377,232 403,231 429,231 455,230 481,230 507,230 533,230 559,230 585,230 611,230 637,230 663,230 689,230"/>
                <TextEquiv>
                    <Unicode>Liebele</Unicode>
                </TextEquiv>
            </TextLine>
            <TextLine id="r2l2" custom="readingOrder {index:1;}">
                <Coords points="883,233 964,249 1100,238 1198,260 1240,243 1273,249 1264,164 1195,177 1176,168 1150,184 1083,176 1051,196 972,197 927,169 884,180"/>
                <Baseline points="891,233 916,232 941,232 966,232 991,234 1016,235 1041,235 1066,237 1091,238 1116,239 1141,239 1166,238 1191,238 1216,236 1241,233 1266,230"/>
                <TextEquiv>
                    <Unicode>box 13/7</Unicode>
                </TextEquiv>
            </TextLine>
            <TextLine id="r2l3" custom="readingOrder {index:2;}">
                <Coords points="311,257 396,281 459,258 637,271 699,260 734,276 734,240 720,237 311,228"/>
                <Baseline points="318,247 343,250 369,251 394,253 420,255 445,255 471,256 496,256 522,256 548,256 573,256 599,255 624,255 650,255 675,255 701,255 727,256"/>
                <TextEquiv>
                    <Unicode></Unicode>
                </TextEquiv>
            </TextLine>
            <TextLine id="r2l4" custom="readingOrder {index:3;}">
                <Coords points="303,615 1143,624 1154,549 303,562"/>
                <Baseline points="310,607 351,607 393,608 435,609 477,609 519,609 561,609 602,609 644,609 686,609 728,608 770,608 812,607 854,606 895,605 937,604 979,603 1021,602 1063,601 1105,599 1147,598"/>
                <TextEquiv>
                    <Unicode>CASINOS IN ÖSTERREICH</Unicode>
                </TextEquiv>
            </TextLine>
            <TextLine id="r2l5" custom="readingOrder {index:4;}">
                <Coords points="388,665 1040,669 1062,667 1062,620 388,637"/>
                <Baseline points="395,656 428,657 461,658 494,658 527,659 560,659 593,660 626,660 659,660 692,660 725,660 758,660 791,659 824,659 857,659 890,658 923,658 956,658 989,657 1022,656 1055,656"/>
                <TextEquiv>
                    <Unicode>Baden Salzburg Semmering</Unicode>
                </TextEquiv>
            </TextLine>
            <TextLine id="r2l6" custom="readingOrder {index:5;}">
                <Coords points="290,715 1138,713 1152,656 759,685 289,666"/>
                <Baseline points="297,704 339,704 381,704 424,705 466,705 509,705 551,705 593,705 636,705 678,704 721,704 763,704 805,703 848,703 890,702 933,702 975,701 1017,700 1060,700 1102,699 1145,698"/>
                <TextEquiv>
                    <Unicode>Roulette — Baccara — Chemin de fer</Unicode>
                </TextEquiv>
            </TextLine>
            <TextLine id="r2l7" custom="readingOrder {index:6;}">
                <Coords points="296,784 1153,782 1152,734 1123,727 296,746"/>
                <Baseline points="303,769 345,770 387,771 429,771 471,771 513,771 555,771 597,771 639,770 681,770 724,769 766,768 808,768 850,767 892,767 934,766 976,765 1018,765 1060,765 1102,765 1145,766"/>
                <TextEquiv>
                    <Unicode>Österreichische Casino A. G.</Unicode>
                </TextEquiv>
            </TextLine>
            <TextLine id="r2l8" custom="readingOrder {index:7;}">
                <Coords points="307,825 1098,822 1160,809 1160,786 306,782"/>
                <Baseline points="313,813 355,814 397,815 439,815 481,815 523,816 565,816 607,816 649,816 691,816 733,815 775,815 817,815 859,814 901,814 943,813 985,812 1027,812 1069,811 1111,810 1153,810"/>
                <TextEquiv>
                    <Unicode>Wien III, Schwarzenbergplatz 5a</Unicode>
                </TextEquiv>
            </TextLine>
            <TextLine id="r2l9" custom="readingOrder {index:8;}">
                <Coords points="322,962 737,963 784,949 783,888 646,901 614,885 588,901 458,891 321,913"/>
                <Baseline points="329,951 355,952 381,953 408,953 434,953 460,953 487,952 513,951 539,950 566,949 592,948 618,947 645,947 671,946 697,946 724,945 750,946 777,946"/>
                <TextEquiv>
                    <Unicode>„OBSERVER“</Unicode>
                </TextEquiv>
            </TextLine>
            <TextLine id="r2l10" custom="readingOrder {index:9;}">
                <Coords points="532,999 1136,1004 1149,965 929,952 868,970 797,952 532,968"/>
                <Baseline points="539,994 569,994 599,994 629,994 659,993 689,993 719,993 750,993 780,993 810,992 840,992 870,992 900,991 930,991 961,990 991,989 1021,989 1051,988 1081,988 1111,986 1142,986"/>
                <TextEquiv>
                    <Unicode>I. österr. behördlich konzessioniertes</Unicode>
                </TextEquiv>
            </TextLine>
            <TextLine id="r2l11" custom="readingOrder {index:10;}">
                <Coords points="531,1035 1147,1039 1155,1001 531,1009"/>
                <Baseline points="538,1030 568,1031 599,1031 629,1031 660,1032 690,1032 721,1032 751,1032 782,1032 812,1032 843,1031 873,1031 904,1031 934,1030 965,1030 995,1029 1026,1029 1056,1028 1087,1027 1117,1027 1148,1026"/>
                <TextEquiv>
                    <Unicode>Unternehmen für Zeitungs-Ausschnitte</Unicode>
                </TextEquiv>
            </TextLine>
            <TextLine id="r2l12" custom="readingOrder {index:11;}">
                <Coords points="537,1075 1158,1081 1158,1038 537,1049"/>
                <Baseline points="544,1069 574,1069 604,1069 635,1069 665,1069 695,1069 726,1070 756,1070 786,1070 817,1070 847,1070 877,1070 908,1070 938,1070 968,1070 999,1069 1029,1069 1059,1068 1090,1066 1120,1065 1151,1063"/>
                <TextEquiv>
                    <Unicode>Wien I, Wollzeile 11, Telephon R-23-0-43</Unicode>
                </TextEquiv>
            </TextLine>
            <TextLine id="r2l13" custom="readingOrder {index:12;}">
                <Coords points="303,1260 329,1272 364,1259 382,1271 397,1264 420,1272 456,1255 535,1265 554,1256 577,1265 578,1214 538,1221 506,1209 468,1212 418,1227 396,1215 374,1224 344,1214 318,1230 303,1227"/>
                <Baseline points="310,1251 336,1252 362,1252 388,1252 414,1251 440,1251 466,1251 492,1251 518,1253 544,1256 570,1260"/>
                <TextEquiv>
                    <Unicode>Ausschnitt a</Unicode>
                </TextEquiv>
            </TextLine>
            <TextLine id="r2l14" custom="readingOrder {index:13;}">
                <Coords points="587,1295 652,1322 762,1309 975,1344 1015,1325 1124,1345 1129,1270 1111,1264 592,1223"/>
                <Baseline points="595,1282 621,1286 647,1290 673,1293 699,1296 726,1298 752,1300 778,1303 804,1304 830,1306 857,1308 883,1308 909,1310 935,1311 961,1312 988,1314 1014,1316 1040,1318 1066,1319 1092,1322 1119,1324"/>
                <TextEquiv>
                    <Unicode>Sdiekeils Wettblatt, Eien.</Unicode>
                </TextEquiv>
            </TextLine>
            <TextLine id="r2l15" custom="readingOrder {index:14;}">
                <Coords points="305,1463 395,1492 458,1457 827,1475 903,1447 975,1480 1067,1460 1065,1383 536,1396 374,1444 304,1427"/>
                <Baseline points="313,1467 350,1468 387,1468 425,1467 462,1466 499,1465 537,1464 574,1462 611,1460 649,1458 686,1457 723,1454 761,1453 798,1451 835,1451 873,1450 910,1450 947,1450 985,1452 1022,1453 1060,1455"/>
                <TextEquiv>
                    <Unicode>vom.. 14 FEB /936</Unicode>
                </TextEquiv>
            </TextLine>
            <TextLine id="r2l16" custom="readingOrder {index:15;}">
                <Coords points="358,1625 1155,1624 1155,1588 1057,1568 662,1575 484,1548 359,1579"/>
                <Baseline points="365,1616 404,1616 443,1616 482,1616 521,1616 560,1617 599,1618 639,1618 678,1619 717,1620 756,1621 795,1622 834,1622 873,1623 913,1624 952,1624 991,1624 1030,1624 1069,1624 1108,1624 1148,1622"/>
                <TextEquiv>
                    <Unicode>„Liebelei“ im Reinhardt-Seminar.</Unicode>
                </TextEquiv>
            </TextLine>
            <TextLine id="r2l17" custom="readingOrder {index:16;}">
                <Coords points="308,1694 1256,1683 1248,1635 308,1635"/>
                <Baseline points="315,1673 361,1673 408,1674 455,1674 501,1675 548,1675 595,1676 641,1676 688,1677 735,1677 782,1677 828,1678 875,1679 922,1679 968,1680 1015,1680 1062,1681 1108,1681 1155,1682 1202,1683 1249,1684"/>
                <TextEquiv>
                    <Unicode>Schnitzlers „Liebelei“ ist eine Tragödie der Jugend.</Unicode>
                </TextEquiv>
            </TextLine>
            <TextLine id="r2l18" custom="readingOrder {index:17;}">
                <Coords points="256,1730 1253,1739 1253,1701 1203,1693 256,1684"/>
                <Baseline points="263,1717 312,1718 361,1719 410,1721 459,1722 508,1722 557,1724 606,1724 655,1725 704,1726 754,1727 803,1727 852,1728 901,1728 950,1728 999,1729 1048,1729 1097,1729 1146,1728 1195,1728 1245,1728"/>
                <TextEquiv>
                    <Unicode>Es ist däherfü die Darstellung schon viel gewonnen,</Unicode>
                </TextEquiv>
            </TextLine>
            <TextLine id="r2l19" custom="readingOrder {index:18;}">
                <Coords points="254,1769 1255,1775 1255,1743 1211,1737 254,1730"/>
                <Baseline points="261,1766 310,1767 359,1767 409,1769 458,1770 507,1770 557,1771 606,1772 655,1773 705,1773 754,1774 803,1774 853,1775 902,1775 951,1775 1001,1775 1050,1775 1099,1775 1149,1774 1198,1774 1248,1773"/>
                <TextEquiv>
                    <Unicode>wenn wirklich junge Leute die zwei Liebespaare, das</Unicode>
                </TextEquiv>
            </TextLine>
            <TextLine id="r2l20" custom="readingOrder {index:19;}">
                <Coords points="250,1816 1253,1825 1253,1791 1194,1783 659,1798 251,1766"/>
                <Baseline points="257,1813 306,1814 355,1814 405,1815 454,1816 504,1817 553,1818 603,1819 652,1819 702,1821 751,1821 800,1822 850,1823 899,1823 949,1824 998,1824 1048,1824 1097,1823 1147,1823 1196,1822 1246,1821"/>
                <TextEquiv>
                    <Unicode>tragisch=sentimentale und das heiter=sorglose spielen.</Unicode>
                </TextEquiv>
            </TextLine>
            <TextLine id="r2l21" custom="readingOrder {index:20;}">
                <Coords points="258,1870 1268,1871 1268,1838 1202,1827 258,1823"/>
                <Baseline points="265,1860 314,1861 364,1861 414,1862 464,1863 514,1863 563,1864 613,1864 663,1865 713,1866 763,1866 812,1867 862,1867 912,1868 962,1869 1012,1869 1061,1870 1111,1870 1161,1871 1211,1872 1261,1872"/>
                <TextEquiv>
                    <Unicode>Das Interesse des Publikums wendet sich gewöhnlich</Unicode>
                </TextEquiv>
            </TextLine>
            <TextLine id="r2l22" custom="readingOrder {index:21;}">
                <Coords points="256,1914 1255,1919 1235,1886 1090,1875 257,1871"/>
                <Baseline points="263,1908 312,1909 361,1910 410,1911 459,1912 509,1912 558,1913 607,1914 656,1914 705,1914 755,1915 804,1915 853,1916 902,1916 951,1916 1001,1917 1050,1917 1099,1918 1148,1918 1197,1919 1247,1920"/>
                <TextEquiv>
                    <Unicode>mehr dem heiteren Paar zu. Ist doch die Schlager¬</Unicode>
                </TextEquiv>
            </TextLine>
            <TextLine id="r2l23" custom="readingOrder {index:22;}">
                <Coords points="250,1963 1256,1972 1256,1934 1223,1931 251,1926"/>
                <Baseline points="257,1958 306,1959 356,1960 405,1961 455,1962 505,1963 554,1963 604,1963 653,1964 703,1964 753,1964 802,1964 852,1964 901,1964 951,1965 1001,1965 1050,1966 1100,1966 1149,1967 1199,1969 1249,1970"/>
                <TextEquiv>
                    <Unicode>Mitzi als Typ des „süßen Mädels“ geradezu in die</Unicode>
                </TextEquiv>
            </TextLine>
            <TextLine id="r2l24" custom="readingOrder {index:23;}">
                <Coords points="263,2018 679,2008 845,2036 934,2016 923,1972 264,1973"/>
                <Baseline points="270,2001 302,2002 335,2002 368,2003 401,2003 434,2004 466,2005 499,2006 532,2007 565,2007 598,2008 630,2009 663,2010 696,2010 729,2010 761,2011 794,2011 827,2011 860,2011 893,2010 926,2009"/>
                <TextEquiv>
                    <Unicode>Lokalgeschichte Wiens eingegangen.</Unicode>
                </TextEquiv>
            </TextLine>
            <TextLine id="r2l25" custom="readingOrder {index:24;}">
                <Coords points="279,2050 1255,2063 1255,2031 1137,2020 280,2022"/>
                <Baseline points="287,2049 335,2050 383,2052 431,2053 479,2054 527,2055 575,2056 623,2056 671,2057 719,2057 767,2057 815,2058 863,2058 911,2058 959,2058 1007,2058 1055,2058 1103,2058 1151,2058 1199,2057 1248,2057"/>
                <TextEquiv>
                    <Unicode>Auch in der Darstellung des Reinhardt¬</Unicode>
                </TextEquiv>
            </TextLine>
            <TextLine id="r2l26" custom="readingOrder {index:25;}">
                <Coords points="258,2101 1262,2115 1262,2084 1066,2064 258,2068"/>
                <Baseline points="265,2096 314,2098 363,2099 413,2100 462,2101 512,2102 561,2103 611,2103 660,2104 710,2104 759,2104 808,2105 858,2105 907,2105 957,2105 1006,2106 1056,2106 1105,2107 1155,2107 1204,2108 1254,2109"/>
                <TextEquiv>
                    <Unicode>Seminars im Schönbrunner Schloßtheater am</Unicode>
                </TextEquiv>
            </TextLine>
            <TextLine id="r2l27" custom="readingOrder {index:26;}">
                <Coords points="258,2158 1261,2167 1261,2135 1085,2111 258,2109"/>
                <Baseline points="265,2148 314,2148 363,2148 413,2148 462,2149 512,2149 561,2150 610,2150 660,2151 709,2151 759,2152 808,2152 857,2153 907,2153 956,2153 1006,2154 1055,2154 1104,2154 1154,2154 1203,2154 1253,2154"/>
                <TextEquiv>
                    <Unicode>Mittwoch war der Mittelpunkt die Mitzi Schlager der</Unicode>
                </TextEquiv>
            </TextLine>
            <TextLine id="r2l28" custom="readingOrder {index:27;}">
                <Coords points="257,2209 1260,2202 1246,2165 257,2157"/>
                <Baseline points="264,2194 313,2194 362,2195 412,2195 461,2196 511,2197 560,2197 609,2198 659,2199 708,2200 758,2200 807,2201 856,2202 906,2202 955,2202 1005,2203 1054,2203 1103,2202 1153,2202 1202,2201 1252,2200"/>
                <TextEquiv>
                    <Unicode>Hilde Herbert. Ein süßes Mädel voll Humor und</Unicode>
                </TextEquiv>
            </TextLine>
            <TextLine id="r2l29" custom="readingOrder {index:28;}">
                <Coords points="258,2253 1260,2265 1260,2213 1191,2207 870,2231 259,2206"/>
                <Baseline points="265,2240 314,2242 363,2243 413,2244 462,2245 511,2246 561,2247 610,2247 659,2248 709,2248 758,2249 807,2249 857,2250 906,2250 955,2250 1005,2250 1054,2250 1103,2251 1153,2251 1202,2251 1252,2251"/>
                <TextEquiv>
                    <Unicode>herziger Drolligkeit. Ihr Partner, Otto Fischer, der</Unicode>
                </TextEquiv>
            </TextLine>
            <TextLine id="r2l30" custom="readingOrder {index:29;}">
                <Coords points="244,2304 1237,2314 1252,2269 245,2259"/>
                <Baseline points="252,2286 301,2288 351,2289 400,2290 450,2292 500,2293 549,2294 599,2295 648,2295 698,2296 748,2296 797,2297 847,2297 896,2298 946,2298 996,2298 1045,2298 1095,2299 1144,2299 1194,2299 1244,2299"/>
                <TextEquiv>
                    <Unicode>Darsteller des Theodor, wirkte ebenfalls sehr sym¬</Unicode>
                </TextEquiv>
            </TextLine>
            <TextLine id="r2l31" custom="readingOrder {index:30;}">
                <Coords points="244,2345 626,2363 734,2333 854,2367 1250,2340 1250,2312 1133,2302 245,2305"/>
                <Baseline points="252,2337 301,2339 351,2340 400,2341 450,2342 499,2342 549,2343 598,2343 648,2344 697,2344 747,2344 797,2344 846,2344 896,2344 945,2344 995,2344 1044,2344 1094,2344 1143,2344 1193,2344 1243,2344"/>
                <TextEquiv>
                    <Unicode>pathisch und mit sicherer Beherrschung der Bühnen¬</Unicode>
                </TextEquiv>
            </TextLine>
            <TextLine id="r2l32" custom="readingOrder {index:31;}">
                <Coords points="245,2400 1201,2409 1255,2363 246,2351"/>
                <Baseline points="253,2382 302,2383 352,2384 402,2385 451,2386 501,2387 551,2388 600,2389 650,2390 700,2390 750,2391 799,2392 849,2392 899,2393 948,2393 998,2393 1048,2393 1097,2393 1147,2393 1197,2392 1247,2391"/>
                <TextEquiv>
                    <Unicode>technik. Anna Maier fand noch nicht die rechte Farbe</Unicode>
                </TextEquiv>
            </TextLine>
            <TextLine id="r2l33" custom="readingOrder {index:32;}">
                <Coords points="243,2470 1255,2443 1255,2411 1157,2397 244,2398"/>
                <Baseline points="251,2440 300,2439 350,2439 400,2438 450,2438 500,2438 550,2438 599,2438 649,2439 699,2439 749,2439 799,2440 849,2440 899,2440 948,2441 998,2441 1048,2441 1098,2441 1148,2441 1198,2441 1248,2440"/>
                <TextEquiv>
                    <Unicode>für die Christine, die nicht nur sentimental, sondern</Unicode>
                </TextEquiv>
            </TextLine>
            <TextLine id="r2l34" custom="readingOrder {index:33;}">
                <Coords points="265,2516 1107,2545 1284,2519 1285,2484 266,2466"/>
                <Baseline points="273,2504 323,2505 373,2507 423,2509 473,2510 523,2511 573,2512 624,2513 674,2513 724,2514 774,2515 824,2516 874,2516 924,2517 975,2518 1025,2518 1075,2519 1125,2520 1175,2521 1225,2522 1276,2523"/>
                <TextEquiv>
                    <Unicode>auch ein Wiener Mädel sein muß. Mit dem Fritz hat</Unicode>
                </TextEquiv>
            </TextLine>
            <TextLine id="r2l35" custom="readingOrder {index:34;}">
                <Coords points="257,2564 1112,2587 1252,2577 1269,2543 257,2520"/>
                <Baseline points="264,2555 313,2555 363,2556 413,2556 463,2557 513,2558 563,2558 612,2559 662,2560 712,2561 762,2561 812,2562 862,2563 912,2564 961,2565 1011,2566 1061,2567 1111,2568 1161,2569 1211,2570 1261,2571"/>
                <TextEquiv>
                    <Unicode>man Gustav Breuer wohl noch zuviel zugetraut.</Unicode>
                </TextEquiv>
            </TextLine>
            <TextLine id="r2l36" custom="readingOrder {index:35;}">
                <Coords points="260,2610 1272,2619 1272,2567 964,2592 836,2561 782,2592 261,2570"/>
                <Baseline points="267,2600 316,2602 366,2604 416,2605 466,2607 516,2608 566,2609 615,2610 665,2610 715,2611 765,2611 815,2612 865,2612 915,2612 964,2612 1014,2613 1064,2613 1114,2614 1164,2614 1214,2615 1264,2616"/>
                <TextEquiv>
                    <Unicode>Ein gediegener Hans Weiring war Feodor</Unicode>
                </TextEquiv>
            </TextLine>
            <TextLine id="r2l37" custom="readingOrder {index:36;}">
                <Coords points="268,2647 1270,2685 1263,2617 269,2612"/>
                <Baseline points="275,2650 324,2650 373,2650 423,2651 472,2652 522,2653 571,2653 620,2654 670,2655 719,2656 769,2657 818,2658 867,2658 917,2659 966,2660 1016,2661 1065,2661 1114,2661 1164,2662 1213,2662 1263,2662"/>
                <TextEquiv>
                    <Unicode>Weingart und Elisabeth Deutsch fand den</Unicode>
                </TextEquiv>
            </TextLine>
            <TextLine id="r2l38" custom="readingOrder {index:37;}">
                <Coords points="265,2711 1270,2716 1270,2679 1162,2667 266,2674"/>
                <Baseline points="272,2695 321,2696 371,2698 420,2699 470,2700 519,2701 569,2702 618,2703 668,2704 717,2704 767,2705 816,2706 866,2706 915,2707 965,2707 1014,2707 1064,2707 1113,2707 1163,2707 1212,2707 1262,2707"/>
                <TextEquiv>
                    <Unicode>richtigen Ton für die Frau Binder. Regie (Karl</Unicode>
                </TextEquiv>
            </TextLine>
            <TextLine id="r2l39" custom="readingOrder {index:38;}">
                <Coords points="261,2755 1245,2775 1279,2715 262,2714"/>
                <Baseline points="269,2740 319,2741 369,2742 419,2743 469,2744 519,2745 569,2746 619,2747 669,2748 719,2748 770,2749 820,2749 870,2750 920,2751 970,2752 1020,2752 1070,2753 1120,2754 1170,2756 1220,2757 1271,2758"/>
                <TextEquiv>
                    <Unicode>Guttmann unter Oberleitung von Ernst Lothar)</Unicode>
                </TextEquiv>
            </TextLine>
            <TextLine id="r2l40" custom="readingOrder {index:39;}">
                <Coords points="270,2799 1137,2822 1274,2820 1275,2787 271,2765"/>
                <Baseline points="277,2790 326,2791 376,2792 425,2793 475,2794 524,2795 574,2796 623,2797 673,2798 722,2798 772,2799 821,2800 871,2801 920,2802 970,2803 1019,2803 1069,2804 1118,2804 1168,2805 1217,2805 1267,2805"/>
                <TextEquiv>
                    <Unicode>und Bühnengestaltung (Hjalmar Heiberg unter</Unicode>
                </TextEquiv>
            </TextLine>
            <TextLine id="r2l41" custom="readingOrder {index:40;}">
                <Coords points="267,2842 962,2873 1277,2851 1214,2812 268,2802"/>
                <Baseline points="275,2838 324,2838 374,2839 424,2839 474,2840 523,2841 573,2843 623,2844 673,2845 722,2847 772,2848 822,2850 872,2851 921,2852 971,2853 1021,2853 1071,2854 1120,2854 1170,2853 1220,2852 1270,2851"/>
                <TextEquiv>
                    <Unicode>Oberleitung von Walter v. Hoeßlin) trafen gut das</Unicode>
                </TextEquiv>
            </TextLine>
            <TextLine id="r2l42" custom="readingOrder {index:41;}">
                <Coords points="267,2890 383,2890 424,2908 527,2897 599,2917 643,2900 761,2900 762,2871 690,2854 638,2867 588,2848 424,2863 385,2848 268,2851"/>
                <Baseline points="274,2885 299,2885 324,2886 349,2887 375,2887 400,2888 425,2889 450,2889 476,2891 501,2891 526,2892 551,2893 577,2894 602,2894 627,2895 652,2895 678,2895 703,2895 728,2894 754,2893"/>
                <TextEquiv>
                    <Unicode>Wien der Neunzigerjahre.</Unicode>
                </TextEquiv>
            </TextLine>
            <TextLine id="r2l43" custom="readingOrder {index:42;}">
                <Coords points="296,2934 571,2972 624,2946 698,2975 809,2949 1215,2965 1270,2951 1271,2912 986,2917 896,2883 297,2908"/>
                <Baseline points="303,2932 353,2932 403,2933 454,2934 504,2935 555,2937 605,2939 656,2941 706,2943 757,2945 807,2947 858,2948 908,2950 959,2951 1009,2952 1060,2952 1110,2951 1161,2950 1211,2948 1262,2946"/>
                <TextEquiv>
                    <Unicode>Aufmunternder Beifall wurde den Kunstnovizen</Unicode>
                </TextEquiv>
            </TextLine>
            <TextLine id="r2l44" custom="readingOrder {index:43;}">
                <Coords points="271,3003 314,3001 338,2988 356,2990 369,2998 376,2995 392,3004 403,2998 412,3000 412,2964 404,2964 380,2947 370,2950 353,2940 342,2950 322,2955 299,2948 270,2957"/>
                <Baseline points="277,2984 302,2983 327,2981 353,2981 378,2981 404,2983"/>
                <TextEquiv>
                    <Unicode>zuteil.</Unicode>
                </TextEquiv>
            </TextLine>
            <TextLine id="r2l45" custom="readingOrder {index:44;}">
                <Coords points="1147,3017 1165,3019 1188,3015 1196,3018 1215,3002 1220,3007 1246,3004 1246,2968 1239,2968 1229,2975 1225,2973 1217,2979 1193,2963 1171,2975 1148,2969"/>
                <Baseline points="1155,2998 1183,2998 1211,3000 1239,2998"/>
                <TextEquiv>
                    <Unicode>p.</Unicode>
                </TextEquiv>
            </TextLine>
            <TextEquiv>
                <Unicode>Liebele
box 13/7

CASINOS IN ÖSTERREICH
Baden Salzburg Semmering
Roulette — Baccara — Chemin de fer
Österreichische Casino A. G.
Wien III, Schwarzenbergplatz 5a
„OBSERVER“
I. österr. behördlich konzessioniertes
Unternehmen für Zeitungs-Ausschnitte
Wien I, Wollzeile 11, Telephon R-23-0-43
Ausschnitt a
Sdiekeils Wettblatt, Eien.
vom.. 14 FEB /936
„Liebelei“ im Reinhardt-Seminar.
Schnitzlers „Liebelei“ ist eine Tragödie der Jugend.
Es ist däherfü die Darstellung schon viel gewonnen,
wenn wirklich junge Leute die zwei Liebespaare, das
tragisch=sentimentale und das heiter=sorglose spielen.
Das Interesse des Publikums wendet sich gewöhnlich
mehr dem heiteren Paar zu. Ist doch die Schlager¬
Mitzi als Typ des „süßen Mädels“ geradezu in die
Lokalgeschichte Wiens eingegangen.
Auch in der Darstellung des Reinhardt¬
Seminars im Schönbrunner Schloßtheater am
Mittwoch war der Mittelpunkt die Mitzi Schlager der
Hilde Herbert. Ein süßes Mädel voll Humor und
herziger Drolligkeit. Ihr Partner, Otto Fischer, der
Darsteller des Theodor, wirkte ebenfalls sehr sym¬
pathisch und mit sicherer Beherrschung der Bühnen¬
technik. Anna Maier fand noch nicht die rechte Farbe
für die Christine, die nicht nur sentimental, sondern
auch ein Wiener Mädel sein muß. Mit dem Fritz hat
man Gustav Breuer wohl noch zuviel zugetraut.
Ein gediegener Hans Weiring war Feodor
Weingart und Elisabeth Deutsch fand den
richtigen Ton für die Frau Binder. Regie (Karl
Guttmann unter Oberleitung von Ernst Lothar)
und Bühnengestaltung (Hjalmar Heiberg unter
Oberleitung von Walter v. Hoeßlin) trafen gut das
Wien der Neunzigerjahre.
Aufmunternder Beifall wurde den Kunstnovizen
zuteil.
p.</Unicode>
            </TextEquiv>
        </TextRegion>
        <TextRegion orientation="0.0" id="r3" custom="readingOrder {index:2;}">
            <Coords points="1783,745 1783,3455 2954,3455 2954,745"/>
            <TextLine id="r3l1" custom="readingOrder {index:0;}">
                <Coords points="1778,822 2513,798 2611,783 2644,762 2642,719 1962,740 1776,784"/>
                <Baseline points="1785,813 1827,812 1870,811 1912,809 1955,808 1998,805 2040,803 2083,801 2125,799 2168,796 2211,793 2253,791 2296,789 2338,786 2381,783 2424,781 2466,778 2509,775 2551,773 2594,771 2637,768"/>
                <TextEquiv>
                    <Unicode>CASINOS IN OSTERREICH</Unicode>
                </TextEquiv>
            </TextLine>
            <TextLine id="r3l2" custom="readingOrder {index:1;}">
                <Coords points="1877,858 1913,874 2562,837 2560,798 2464,787 1876,829"/>
                <Baseline points="1885,857 1918,857 1952,856 1985,856 2019,855 2052,854 2086,852 2119,851 2153,850 2186,848 2220,846 2253,844 2287,842 2320,841 2354,839 2387,837 2421,835 2454,834 2488,833 2521,831 2555,830"/>
                <TextEquiv>
                    <Unicode>BadenSalzburg Semmering</Unicode>
                </TextEquiv>
            </TextLine>
            <TextLine id="r3l3" custom="readingOrder {index:2;}">
                <Coords points="1776,923 2650,868 2648,834 2569,828 1774,888"/>
                <Baseline points="1783,908 1826,907 1869,905 1912,904 1955,902 1998,900 2041,899 2084,897 2127,895 2170,894 2213,891 2256,890 2299,888 2342,885 2385,883 2428,881 2471,879 2514,876 2557,873 2600,870 2643,867"/>
                <TextEquiv>
                    <Unicode>Roulette — Baccara — Chemin de fer</Unicode>
                </TextEquiv>
            </TextLine>
            <TextLine id="r3l4" custom="readingOrder {index:3;}">
                <Coords points="1790,986 2498,939 2560,959 2650,933 2649,904 1788,940"/>
                <Baseline points="1797,971 1839,970 1881,968 1923,967 1966,965 2008,964 2050,962 2093,960 2135,958 2177,956 2220,953 2262,952 2304,949 2346,947 2389,945 2431,943 2473,941 2516,939 2558,937 2600,936 2643,934"/>
                <TextEquiv>
                    <Unicode>Österreichische Casino A. G.</Unicode>
                </TextEquiv>
            </TextLine>
            <TextLine id="r3l5" custom="readingOrder {index:4;}">
                <Coords points="1781,1006 1840,1032 2642,985 2640,951 2585,942 1780,990"/>
                <Baseline points="1789,1018 1831,1017 1873,1016 1915,1015 1958,1012 2000,1010 2042,1009 2085,1006 2127,1004 2169,1002 2212,1000 2254,997 2296,995 2338,992 2381,990 2423,988 2465,987 2508,985 2550,983 2592,982 2635,980"/>
                <TextEquiv>
                    <Unicode>Wien III, Schwarzenbergplatz 5a</Unicode>
                </TextEquiv>
            </TextLine>
            <TextLine id="r3l6" custom="readingOrder {index:5;}">
                <Coords points="1792,1152 1960,1173 2019,1150 2256,1144 2294,1128 2291,1071 1893,1097 1850,1126 1791,1134"/>
                <Baseline points="1799,1161 1824,1158 1850,1156 1876,1154 1901,1152 1927,1149 1953,1147 1978,1145 2004,1143 2030,1142 2055,1140 2081,1139 2107,1137 2132,1136 2158,1134 2184,1133 2209,1133 2235,1131 2261,1131 2287,1130"/>
                <TextEquiv>
                    <Unicode>„OBSERVER“</Unicode>
                </TextEquiv>
            </TextLine>
            <TextLine id="r3l7" custom="readingOrder {index:6;}">
                <Coords points="2039,1191 2631,1169 2665,1153 2663,1111 2615,1103 2582,1137 2497,1121 2473,1144 2037,1157"/>
                <Baseline points="2046,1186 2076,1184 2107,1183 2137,1181 2168,1179 2198,1177 2229,1176 2259,1174 2290,1173 2320,1171 2351,1169 2382,1168 2412,1167 2443,1165 2473,1163 2504,1162 2534,1160 2565,1159 2595,1157 2626,1155 2657,1153"/>
                <TextEquiv>
                    <Unicode>I. österr. behördlich konzessloniertes</Unicode>
                </TextEquiv>
            </TextLine>
            <TextLine id="r3l8" custom="readingOrder {index:7;}">
                <Coords points="2046,1236 2658,1202 2656,1174 2565,1162 2501,1182 2044,1189"/>
                <Baseline points="2053,1225 2082,1223 2112,1222 2142,1220 2172,1218 2202,1216 2232,1215 2262,1213 2292,1212 2322,1210 2352,1208 2381,1207 2411,1205 2441,1204 2471,1203 2501,1201 2531,1200 2561,1198 2591,1197 2621,1195 2651,1194"/>
                <TextEquiv>
                    <Unicode>Unternehmen für Zeitungs-Ausschnitte</Unicode>
                </TextEquiv>
            </TextLine>
            <TextLine id="r3l9" custom="readingOrder {index:8;}">
                <Coords points="2043,1269 2661,1244 2658,1202 2612,1200 2041,1238"/>
                <Baseline points="2050,1264 2080,1262 2110,1261 2140,1259 2170,1257 2200,1256 2230,1254 2261,1252 2291,1250 2321,1249 2351,1247 2381,1245 2411,1244 2441,1241 2472,1240 2502,1239 2532,1237 2562,1236 2592,1234 2622,1233 2653,1231"/>
                <TextEquiv>
                    <Unicode>Wier 1, Wollzeile 11, Telephon R-23-0-43</Unicode>
                </TextEquiv>
            </TextLine>
            <TextLine id="r3l10" custom="readingOrder {index:9;}">
                <Coords points="1817,1456 1909,1462 1971,1449 2038,1460 2096,1446 2123,1455 2139,1439 2187,1444 2185,1409 2156,1402 2101,1398 2068,1415 2022,1394 1999,1415 1976,1403 1894,1425 1815,1414"/>
                <Baseline points="1825,1450 1850,1450 1875,1449 1900,1447 1926,1446 1951,1445 1976,1443 2002,1442 2027,1439 2052,1438 2077,1436 2103,1435 2128,1434 2153,1432 2179,1431"/>
                <TextEquiv>
                    <Unicode>Ausschnitt aus:</Unicode>
                </TextEquiv>
            </TextLine>
            <TextLine id="r3l11" custom="readingOrder {index:10;}">
                <Coords points="2047,1545 2170,1575 2228,1542 2708,1558 2707,1493 2639,1463 2551,1486 2465,1467 2046,1470"/>
                <Baseline points="2054,1546 2086,1543 2118,1540 2150,1538 2183,1537 2215,1536 2247,1536 2280,1535 2312,1535 2344,1535 2377,1536 2409,1536 2441,1536 2473,1536 2506,1536 2538,1536 2570,1536 2603,1534 2635,1533 2667,1531 2700,1529"/>
                <TextEquiv>
                    <Unicode>Wr. Marsgore Machriee an, Wier</Unicode>
                </TextEquiv>
            </TextLine>
            <TextLine id="r3l12" custom="readingOrder {index:11;}">
                <Coords points="1817,1677 1859,1682 1865,1677 1881,1686 1911,1677 1920,1668 1936,1673 1968,1658 1967,1632 1937,1622 1907,1637 1882,1625 1876,1631 1868,1625 1862,1630 1849,1621 1817,1628"/>
                <Baseline points="1825,1663 1852,1662 1879,1661 1906,1661 1933,1661 1961,1663"/>
                <TextEquiv>
                    <Unicode>vom:</Unicode>
                </TextEquiv>
            </TextLine>
            <TextLine id="r3l13" custom="readingOrder {index:12;}">
                <Coords points="2089,1718 2230,1716 2266,1686 2345,1692 2566,1661 2561,1608 2463,1594 2390,1630 2334,1606 2322,1619 2187,1620 2157,1642 2137,1627 2081,1633"/>
                <Baseline points="2095,1696 2120,1697 2146,1697 2172,1696 2197,1695 2223,1694 2249,1691 2275,1689 2300,1687 2326,1684 2352,1681 2377,1678 2403,1674 2429,1671 2455,1669 2480,1665 2506,1663 2532,1660 2558,1658"/>
                <TextEquiv>
                    <Unicode>1 5.FEB. 1936</Unicode>
                </TextEquiv>
            </TextLine>
            <TextLine id="r3l14" custom="readingOrder {index:13;}">
                <Coords points="2165,1823 2239,1840 2313,1822 2350,1842 2387,1819 2417,1836 2449,1821 2573,1824 2565,1728 2536,1744 2448,1745 2398,1773 2363,1754 2336,1766 2276,1753 2192,1790 2162,1787"/>
                <Baseline points="2173,1827 2199,1824 2225,1823 2251,1821 2277,1820 2303,1820 2329,1818 2355,1818 2381,1816 2407,1815 2433,1812 2459,1810 2485,1805 2511,1801 2537,1793 2563,1785"/>
                <TextEquiv>
                    <Unicode>„Liebelei“</Unicode>
                </TextEquiv>
            </TextLine>
            <TextLine id="r3l15" custom="readingOrder {index:14;}">
                <Coords points="1983,1881 2666,1909 2763,1878 2763,1835 2710,1825 2262,1856 1983,1813"/>
                <Baseline points="1991,1877 2029,1878 2067,1879 2105,1881 2144,1882 2182,1883 2220,1883 2258,1884 2297,1884 2335,1884 2373,1884 2411,1884 2450,1883 2488,1883 2526,1883 2564,1882 2603,1882 2641,1881 2679,1881 2717,1881 2756,1881"/>
                <TextEquiv>
                    <Unicode>Schönbrunner Schloßtheater</Unicode>
                </TextEquiv>
            </TextLine>
            <TextLine id="r3l16" custom="readingOrder {index:15;}">
                <Coords points="1824,1946 2910,1962 2951,1908 1976,1885 1824,1920"/>
                <Baseline points="1831,1939 1886,1942 1942,1943 1997,1945 2053,1946 2109,1947 2164,1947 2220,1947 2276,1947 2331,1947 2387,1947 2443,1946 2498,1946 2554,1945 2610,1944 2665,1943 2721,1943 2777,1942 2832,1941 2888,1941 2944,1941"/>
                <TextEquiv>
                    <Unicode>Unter der Oberleitung Ernst Löthärs, Direktors des Josef¬</Unicode>
                </TextEquiv>
            </TextLine>
            <TextLine id="r3l17" custom="readingOrder {index:16;}">
                <Coords points="1791,2000 2866,2001 2949,1984 2949,1943 1791,1965"/>
                <Baseline points="1799,1987 1856,1988 1913,1989 1970,1989 2027,1990 2084,1990 2141,1991 2199,1991 2256,1991 2313,1990 2370,1990 2427,1990 2484,1989 2541,1989 2599,1989 2656,1988 2713,1987 2770,1987 2827,1987 2884,1986 2942,1986"/>
                <TextEquiv>
                    <Unicode>städter Theaters, hat die Schauspielerschule dieser Bühne,</Unicode>
                </TextEquiv>
            </TextLine>
            <TextLine id="r3l18" custom="readingOrder {index:17;}">
                <Coords points="1798,2033 2818,2052 2955,2015 1798,1998"/>
                <Baseline points="1805,2031 1862,2031 1919,2031 1976,2031 2033,2031 2090,2031 2147,2031 2205,2032 2262,2032 2319,2032 2376,2032 2433,2032 2490,2032 2547,2032 2605,2031 2662,2031 2719,2031 2776,2030 2833,2029 2890,2029 2948,2027"/>
                <TextEquiv>
                    <Unicode>das sogenannte Reinhardt=Seminar, an zwei aufeinander¬</Unicode>
                </TextEquiv>
            </TextLine>
            <TextLine id="r3l19" custom="readingOrder {index:18;}">
                <Coords points="1800,2083 2671,2092 2671,2036 2645,2033 1800,2033"/>
                <Baseline points="1807,2073 1849,2072 1892,2072 1935,2071 1978,2071 2021,2070 2064,2070 2106,2070 2149,2070 2192,2071 2235,2071 2278,2071 2321,2071 2364,2071 2406,2071 2449,2071 2492,2071 2535,2071 2578,2071 2621,2070 2664,2069"/>
                <TextEquiv>
                    <Unicode>folgenden Tagen in verschiedener Besetzung S</Unicode>
                </TextEquiv>
            </TextLine>
            <TextLine id="r3l20" custom="readingOrder {index:19;}">
                <Coords points="1797,2124 2846,2125 2955,2097 2955,2057 1797,2077"/>
                <Baseline points="1805,2111 1862,2113 1919,2113 1976,2114 2033,2114 2090,2115 2147,2115 2204,2115 2261,2115 2318,2114 2376,2114 2433,2114 2490,2113 2547,2113 2604,2113 2661,2112 2718,2112 2775,2112 2832,2112 2889,2112 2947,2112"/>
                <TextEquiv>
                    <Unicode>beilei“ aufgeführt. Der Gesamteindruck des Esten Abends</Unicode>
                </TextEquiv>
            </TextLine>
            <TextLine id="r3l21" custom="readingOrder {index:20;}">
                <Coords points="1797,2149 2955,2169 2955,2125 2900,2114 1797,2123"/>
                <Baseline points="1805,2156 1862,2156 1919,2157 1976,2157 2033,2157 2090,2158 2147,2158 2205,2158 2262,2158 2319,2158 2376,2158 2433,2158 2490,2158 2547,2158 2605,2157 2662,2157 2719,2157 2776,2157 2833,2157 2890,2157 2948,2157"/>
                <TextEquiv>
                    <Unicode>war recht befriedigend, das Zusammenspiel gut abgestimmt</Unicode>
                </TextEquiv>
            </TextLine>
            <TextLine id="r3l22" custom="readingOrder {index:21;}">
                <Coords points="1792,2192 2942,2205 2914,2159 1792,2147"/>
                <Baseline points="1799,2197 1855,2198 1912,2199 1969,2199 2026,2199 2082,2200 2139,2200 2196,2200 2253,2200 2309,2200 2366,2199 2423,2199 2480,2199 2536,2198 2593,2198 2650,2198 2707,2198 2763,2197 2820,2197 2877,2197 2934,2197"/>
                <TextEquiv>
                    <Unicode>und ausgeglichen, Einzelleistungen erfreulich. Im allgemeinen</Unicode>
                </TextEquiv>
            </TextLine>
            <TextLine id="r3l23" custom="readingOrder {index:22;}">
                <Coords points="1800,2254 1832,2243 1851,2245 1856,2251 1871,2247 1877,2253 1916,2229 1933,2237 1934,2213 1908,2214 1884,2201 1859,2212 1837,2202 1811,2208 1801,2204"/>
                <Baseline points="1807,2241 1836,2239 1866,2240 1896,2242 1926,2242"/>
                <TextEquiv>
                    <Unicode>liegt</Unicode>
                </TextEquiv>
            </TextLine>
            <TextLine id="r3l24" custom="readingOrder {index:23;}">
                <Coords points="1957,2248 1964,2247 1968,2242 1974,2244 1977,2242 1984,2241 1986,2239 1999,2239 1998,2226 1988,2228 1978,2220 1960,2210 1957,2212 1952,2212"/>
                <Baseline points="1964,2242 1992,2238"/>
                <TextEquiv>
                    <Unicode>1</Unicode>
                </TextEquiv>
            </TextLine>
            <TextLine id="r3l25" custom="readingOrder {index:24;}">
                <Coords points="2017,2249 2948,2245 2947,2196 2017,2210"/>
                <Baseline points="2024,2242 2069,2242 2115,2242 2161,2243 2207,2243 2253,2243 2298,2243 2344,2243 2390,2243 2436,2243 2482,2243 2527,2243 2573,2243 2619,2242 2665,2242 2711,2242 2756,2241 2802,2241 2848,2240 2894,2239 2940,2239"/>
                <TextEquiv>
                    <Unicode>uf Schnitzlers Bühnenwerken schon eine dicke</Unicode>
                </TextEquiv>
            </TextLine>
            <TextLine id="r3l26" custom="readingOrder {index:25;}">
                <Coords points="1805,2286 2954,2296 2954,2243 1806,2251"/>
                <Baseline points="1813,2281 1869,2280 1926,2280 1983,2280 2039,2280 2096,2280 2153,2281 2209,2281 2266,2281 2323,2282 2380,2282 2436,2282 2493,2283 2550,2283 2606,2283 2663,2283 2720,2283 2776,2282 2833,2282 2890,2281 2947,2280"/>
                <TextEquiv>
                    <Unicode>Schichte Staubs, die Probleme des Dichters einer bestimmten</Unicode>
                </TextEquiv>
            </TextLine>
            <TextLine id="r3l27" custom="readingOrder {index:26;}">
                <Coords points="1794,2338 2889,2337 2958,2322 2958,2285 1794,2291"/>
                <Baseline points="1801,2324 1858,2324 1916,2324 1973,2324 2031,2324 2088,2324 2146,2324 2203,2324 2261,2324 2318,2324 2376,2324 2433,2324 2491,2324 2548,2324 2606,2324 2663,2324 2721,2323 2778,2323 2836,2323 2893,2322 2951,2321"/>
                <TextEquiv>
                    <Unicode>Gesellschaftsschicht der Wiener Vorkriegstage berühren uns</Unicode>
                </TextEquiv>
            </TextLine>
            <TextLine id="r3l28" custom="readingOrder {index:27;}">
                <Coords points="1800,2367 2957,2354 2837,2322 1800,2339"/>
                <Baseline points="1807,2367 1864,2368 1921,2368 1978,2368 2035,2368 2092,2368 2149,2367 2207,2367 2264,2367 2321,2367 2378,2366 2435,2366 2492,2366 2549,2366 2607,2366 2664,2366 2721,2366 2778,2366 2835,2366 2892,2366 2950,2367"/>
                <TextEquiv>
                    <Unicode>nicht mehr und die elegisch resignierte Weltauffassung seiner</Unicode>
                </TextEquiv>
            </TextLine>
            <TextLine id="r3l29" custom="readingOrder {index:28;}">
                <Coords points="1804,2411 2949,2416 2936,2372 1804,2371"/>
                <Baseline points="1812,2408 1868,2408 1925,2408 1981,2408 2038,2408 2094,2408 2151,2408 2207,2408 2264,2409 2320,2409 2377,2409 2433,2409 2490,2409 2546,2409 2603,2410 2659,2410 2716,2409 2772,2409 2829,2409 2885,2409 2942,2408"/>
                <TextEquiv>
                    <Unicode>Lebe= und Sterbemänner läßt uns kalt. Die „Liebelei“ aber</Unicode>
                </TextEquiv>
            </TextLine>
            <TextLine id="r3l30" custom="readingOrder {index:29;}">
                <Coords points="1796,2464 2955,2463 2955,2411 1796,2407"/>
                <Baseline points="1803,2451 1860,2450 1917,2451 1974,2451 2032,2451 2089,2451 2146,2451 2203,2451 2261,2451 2318,2452 2375,2452 2432,2452 2490,2452 2547,2452 2604,2452 2661,2452 2719,2451 2776,2451 2833,2450 2890,2450 2948,2449"/>
                <TextEquiv>
                    <Unicode>mit ihrer aus Sentimentalität und Frivolität gemischten</Unicode>
                </TextEquiv>
            </TextLine>
            <TextLine id="r3l31" custom="readingOrder {index:30;}">
                <Coords points="1794,2505 2882,2506 2962,2461 1794,2463"/>
                <Baseline points="1802,2493 1859,2493 1917,2493 1974,2493 2032,2494 2090,2494 2147,2494 2205,2495 2262,2495 2320,2495 2378,2495 2435,2495 2493,2495 2550,2495 2608,2495 2666,2494 2723,2494 2781,2493 2838,2492 2896,2491 2954,2490"/>
                <TextEquiv>
                    <Unicode>Atmosphäre gewinnt als kleines Lebensbild einer versun¬</Unicode>
                </TextEquiv>
            </TextLine>
            <TextLine id="r3l32" custom="readingOrder {index:31;}">
                <Coords points="1797,2530 2940,2555 2940,2497 1797,2498"/>
                <Baseline points="1804,2534 1860,2534 1916,2534 1973,2535 2029,2535 2086,2536 2142,2536 2198,2536 2255,2537 2311,2537 2368,2537 2424,2537 2480,2537 2537,2537 2593,2537 2650,2537 2706,2537 2762,2536 2819,2536 2875,2535 2932,2534"/>
                <TextEquiv>
                    <Unicode>kenen Zeit sozusagen an historischem Interesse. Und über¬</Unicode>
                </TextEquiv>
            </TextLine>
            <TextLine id="r3l33" custom="readingOrder {index:32;}">
                <Coords points="1802,2582 2957,2593 2957,2547 2810,2530 1803,2534"/>
                <Baseline points="1809,2578 1866,2578 1923,2578 1980,2578 2037,2579 2094,2579 2151,2579 2208,2579 2265,2580 2322,2580 2379,2580 2436,2580 2493,2581 2550,2581 2607,2581 2664,2581 2721,2581 2778,2581 2835,2581 2892,2581 2950,2580"/>
                <TextEquiv>
                    <Unicode>dies bietet das Stück ja gerade jungen Darstellern eine</Unicode>
                </TextEquiv>
            </TextLine>
            <TextLine id="r3l34" custom="readingOrder {index:33;}">
                <Coords points="1794,2632 2365,2640 2365,2597 2298,2581 1794,2595"/>
                <Baseline points="1801,2621 1828,2620 1856,2620 1884,2619 1912,2619 1940,2619 1967,2619 1995,2619 2023,2620 2051,2620 2079,2620 2106,2621 2134,2621 2162,2621 2190,2622 2218,2622 2245,2621 2273,2621 2301,2620 2329,2620 2357,2618"/>
                <TextEquiv>
                    <Unicode>Reihe sehr dankbarer Rollen.</Unicode>
                </TextEquiv>
            </TextLine>
            <TextLine id="r3l35" custom="readingOrder {index:34;}">
                <Coords points="1829,2670 2948,2692 2948,2610 2589,2653 2523,2616 1829,2639"/>
                <Baseline points="1837,2670 1892,2670 1947,2671 2002,2671 2057,2672 2112,2672 2167,2673 2223,2674 2278,2674 2333,2675 2388,2676 2443,2676 2498,2677 2553,2677 2609,2677 2664,2677 2719,2677 2774,2676 2829,2676 2884,2675 2940,2673"/>
                <TextEquiv>
                    <Unicode>Das leichtlebige, unbeschwerte Pärchen, die resche, fesche</Unicode>
                </TextEquiv>
            </TextLine>
            <TextLine id="r3l36" custom="readingOrder {index:35;}">
                <Coords points="1804,2722 2947,2718 2916,2679 1805,2682"/>
                <Baseline points="1811,2712 1867,2713 1923,2713 1980,2715 2036,2715 2093,2716 2149,2717 2206,2718 2262,2719 2319,2720 2375,2721 2431,2721 2488,2722 2544,2722 2601,2722 2657,2722 2714,2722 2770,2722 2827,2721 2883,2721 2940,2719"/>
                <TextEquiv>
                    <Unicode>Schlager Mizzi und ihr skeptisch überlegen tuender Freund</Unicode>
                </TextEquiv>
            </TextLine>
            <TextLine id="r3l37" custom="readingOrder {index:36;}">
                <Coords points="1800,2775 2865,2770 2952,2763 2952,2714 1800,2720"/>
                <Baseline points="1807,2755 1863,2755 1920,2756 1977,2756 2034,2757 2091,2758 2148,2759 2204,2760 2261,2761 2318,2762 2375,2763 2432,2763 2489,2764 2546,2764 2602,2764 2659,2764 2716,2763 2773,2762 2830,2761 2887,2759 2944,2756"/>
                <TextEquiv>
                    <Unicode>Theodor, fanden in Hilde Herbert und Otto Fischer über¬</Unicode>
                </TextEquiv>
            </TextLine>
            <TextLine id="r3l38" custom="readingOrder {index:37;}">
                <Coords points="1790,2814 2898,2816 2959,2811 2959,2759 1790,2779"/>
                <Baseline points="1797,2801 1854,2799 1912,2799 1970,2798 2027,2798 2085,2799 2143,2800 2200,2800 2258,2802 2316,2803 2374,2804 2431,2805 2489,2805 2547,2806 2604,2806 2662,2806 2720,2806 2777,2805 2835,2804 2893,2801 2951,2799"/>
                <TextEquiv>
                    <Unicode>zeugend echte Vertreter; hier vermag Jugend sich selbst zu</Unicode>
                </TextEquiv>
            </TextLine>
            <TextLine id="r3l39" custom="readingOrder {index:38;}">
                <Coords points="1801,2843 2957,2848 2957,2812 2869,2800 1801,2812"/>
                <Baseline points="1809,2841 1866,2841 1923,2841 1980,2841 2037,2842 2094,2842 2151,2843 2208,2843 2265,2844 2322,2845 2379,2846 2436,2846 2493,2847 2550,2847 2607,2847 2664,2847 2721,2847 2778,2847 2835,2846 2892,2845 2950,2844"/>
                <TextEquiv>
                    <Unicode>spielen. Schwieriger hatten es die beiden anderen, Anna##</Unicode>
                </TextEquiv>
            </TextLine>
            <TextLine id="r3l40" custom="readingOrder {index:39;}">
                <Coords points="1797,2886 2955,2898 2955,2847 1797,2842"/>
                <Baseline points="1805,2886 1862,2886 1919,2886 1976,2886 2033,2886 2090,2886 2147,2886 2205,2886 2262,2886 2319,2886 2376,2886 2433,2886 2490,2886 2547,2886 2605,2886 2662,2886 2719,2886 2776,2886 2833,2886 2890,2885 2948,2885"/>
                <TextEquiv>
                    <Unicode>Maier als wehmütig ahnungsvolle Christine und Gustav</Unicode>
                </TextEquiv>
            </TextLine>
            <TextLine id="r3l41" custom="readingOrder {index:40;}">
                <Coords points="1792,2935 2959,2941 2959,2893 2789,2883 1792,2897"/>
                <Baseline points="1799,2928 1856,2927 1914,2927 1971,2927 2029,2927 2087,2927 2144,2927 2202,2927 2260,2927 2317,2928 2375,2928 2433,2928 2490,2928 2548,2928 2606,2928 2663,2928 2721,2928 2779,2928 2836,2927 2894,2926 2952,2925"/>
                <TextEquiv>
                    <Unicode>Breuer als Todeskandidat Fritz. Wie im Drama Christine</Unicode>
                </TextEquiv>
            </TextLine>
            <TextLine id="r3l42" custom="readingOrder {index:41;}">
                <Coords points="1796,2973 2948,2987 2948,2945 2878,2930 1796,2953"/>
                <Baseline points="1803,2970 1859,2970 1916,2969 1973,2969 2030,2969 2087,2969 2144,2969 2200,2969 2257,2969 2314,2969 2371,2969 2428,2970 2485,2970 2542,2970 2598,2971 2655,2971 2712,2971 2769,2972 2826,2972 2883,2972 2940,2973"/>
                <TextEquiv>
                    <Unicode>an Charakter und Seelenstärke ihrem Freund überlegen ist,</Unicode>
                </TextEquiv>
            </TextLine>
            <TextLine id="r3l43" custom="readingOrder {index:42;}">
                <Coords points="1804,3014 2949,3034 2939,2966 1804,2969"/>
                <Baseline points="1811,3015 1867,3014 1924,3013 1980,3013 2037,3013 2093,3012 2150,3012 2206,3012 2263,3012 2319,3013 2376,3013 2432,3013 2489,3013 2545,3013 2602,3014 2658,3014 2715,3014 2771,3014 2828,3014 2884,3013 2941,3013"/>
                <TextEquiv>
                    <Unicode>so war es bei der Aufführung auch die Darstellerin ihrem</Unicode>
                </TextEquiv>
            </TextLine>
            <TextLine id="r3l44" custom="readingOrder {index:43;}">
                <Coords points="1789,3064 2958,3052 2906,3017 1789,3020"/>
                <Baseline points="1796,3058 1853,3057 1911,3056 1969,3056 2027,3055 2084,3055 2142,3055 2200,3055 2258,3056 2315,3056 2373,3056 2431,3056 2489,3057 2546,3057 2604,3057 2662,3057 2720,3057 2777,3057 2835,3056 2893,3056 2951,3055"/>
                <TextEquiv>
                    <Unicode>Partner gegenüber; im zweiten Akt und ganz besonders am¬</Unicode>
                </TextEquiv>
            </TextLine>
            <TextLine id="r3l45" custom="readingOrder {index:44;}">
                <Coords points="1791,3097 2948,3116 2949,3068 1791,3074"/>
                <Baseline points="1799,3098 1856,3097 1913,3097 1970,3097 2027,3097 2084,3097 2141,3097 2198,3097 2255,3098 2312,3098 2370,3099 2427,3099 2484,3099 2541,3100 2598,3100 2655,3100 2712,3100 2769,3100 2826,3099 2883,3098 2941,3097"/>
                <TextEquiv>
                    <Unicode>Schluß bot Fräulein Maier eine Leistung, die in ihrer</Unicode>
                </TextEquiv>
            </TextLine>
            <TextLine id="r3l46" custom="readingOrder {index:45;}">
                <Coords points="1793,3140 2955,3136 2823,3095 1793,3107"/>
                <Baseline points="1800,3141 1857,3140 1914,3140 1972,3140 2029,3140 2087,3140 2144,3140 2201,3141 2259,3141 2316,3142 2374,3143 2431,3143 2488,3144 2546,3144 2603,3144 2661,3144 2718,3143 2775,3142 2833,3141 2890,3139 2948,3136"/>
                <TextEquiv>
                    <Unicode>Eindringlichkeit sich weit über das Niveau einer Schüler¬</Unicode>
                </TextEquiv>
            </TextLine>
            <TextLine id="r3l47" custom="readingOrder {index:46;}">
                <Coords points="1791,3216 2033,3180 2957,3205 2957,3156 1791,3158"/>
                <Baseline points="1799,3186 1856,3184 1914,3183 1971,3182 2029,3182 2086,3182 2144,3182 2201,3183 2259,3183 2316,3184 2374,3185 2432,3185 2489,3186 2547,3186 2604,3186 2662,3186 2719,3185 2777,3185 2834,3183 2892,3181 2950,3178"/>
                <TextEquiv>
                    <Unicode>vorstellung erhob. Ein vielversprechendes Talent, das Be¬</Unicode>
                </TextEquiv>
            </TextLine>
            <TextLine id="r3l48" custom="readingOrder {index:47;}">
                <Coords points="1789,3225 2948,3233 2928,3193 2763,3182 1789,3211"/>
                <Baseline points="1796,3225 1853,3225 1910,3225 1967,3225 2024,3225 2082,3225 2139,3225 2196,3225 2253,3226 2310,3226 2368,3226 2425,3226 2482,3226 2539,3226 2596,3226 2654,3227 2711,3227 2768,3227 2825,3227 2882,3227 2940,3227"/>
                <TextEquiv>
                    <Unicode>achtung verdient! Schlicht und natürlich Feodor Weingarts</Unicode>
                </TextEquiv>
            </TextLine>
            <TextLine id="r3l49" custom="readingOrder {index:48;}">
                <Coords points="1800,3278 2942,3289 2920,3237 2728,3222 1800,3247"/>
                <Baseline points="1808,3265 1864,3266 1920,3267 1977,3268 2033,3269 2089,3269 2146,3270 2202,3270 2258,3270 2315,3270 2371,3269 2427,3269 2484,3269 2540,3269 2596,3269 2653,3268 2709,3268 2765,3269 2822,3269 2878,3269 2935,3270"/>
                <TextEquiv>
                    <Unicode>alter Musikant Weiring mit seiner etwas melancholischen</Unicode>
                </TextEquiv>
            </TextLine>
            <TextLine id="r3l50" custom="readingOrder {index:49;}">
                <Coords points="1800,3308 2948,3305 2912,3273 1800,3277"/>
                <Baseline points="1807,3309 1863,3309 1920,3310 1977,3310 2033,3310 2090,3311 2147,3311 2203,3310 2260,3310 2317,3310 2374,3310 2430,3310 2487,3309 2544,3309 2600,3309 2657,3309 2714,3308 2770,3308 2827,3308 2884,3308 2941,3309"/>
                <TextEquiv>
                    <Unicode>Mahnung zur Lebensfreude und von diskretem Humor</Unicode>
                </TextEquiv>
            </TextLine>
            <TextLine id="r3l51" custom="readingOrder {index:50;}">
                <Coords points="1797,3343 2956,3347 2911,3316 2488,3305 1797,3322"/>
                <Baseline points="1804,3348 1861,3348 1918,3348 1975,3348 2032,3349 2090,3350 2147,3351 2204,3351 2261,3352 2318,3353 2376,3353 2433,3354 2490,3354 2547,3355 2604,3355 2662,3355 2719,3354 2776,3354 2833,3353 2890,3351 2948,3350"/>
                <TextEquiv>
                    <Unicode>Elisabeth Deutsch als Tratschbase Binder. Eine gute Auf¬</Unicode>
                </TextEquiv>
            </TextLine>
            <TextLine id="r3l52" custom="readingOrder {index:51;}">
                <Coords points="1796,3392 2957,3401 2830,3352 1796,3357"/>
                <Baseline points="1803,3393 1860,3394 1917,3394 1975,3395 2032,3395 2089,3395 2147,3395 2204,3396 2261,3396 2319,3396 2376,3396 2433,3396 2491,3396 2548,3396 2605,3396 2663,3396 2720,3396 2777,3396 2835,3396 2892,3396 2950,3396"/>
                <TextEquiv>
                    <Unicode>führung des Seminars, die den lebhaften Beifall des Publi¬</Unicode>
                </TextEquiv>
            </TextLine>
            <TextLine id="r3l53" custom="readingOrder {index:52;}">
                <Coords points="2746,3447 2791,3445 2804,3454 2832,3436 2847,3450 2859,3447 2897,3476 2909,3474 2911,3401 2837,3400 2825,3410 2791,3395 2756,3416 2747,3415"/>
                <Baseline points="2754,3439 2783,3437 2813,3439 2843,3441 2873,3441 2903,3440"/>
                <TextEquiv>
                    <Unicode>E. H.</Unicode>
                </TextEquiv>
            </TextLine>
            <TextLine id="r3l54" custom="readingOrder {index:53;}">
                <Coords points="1806,3439 1998,3476 2053,3450 2305,3455 2305,3404 2288,3397 2205,3413 2036,3395 1854,3410 1807,3395"/>
                <Baseline points="1813,3438 1838,3439 1863,3440 1889,3440 1914,3441 1940,3442 1965,3442 1991,3443 2016,3443 2042,3443 2067,3444 2093,3444 2118,3444 2144,3444 2169,3443 2195,3443 2220,3442 2246,3441 2271,3440 2297,3438"/>
                <TextEquiv>
                    <Unicode>kums wohl verdient hat!</Unicode>
                </TextEquiv>
            </TextLine>
            <TextEquiv>
                <Unicode>CASINOS IN OSTERREICH
BadenSalzburg Semmering
Roulette — Baccara — Chemin de fer
Österreichische Casino A. G.
Wien III, Schwarzenbergplatz 5a
„OBSERVER“
I. österr. behördlich konzessloniertes
Unternehmen für Zeitungs-Ausschnitte
Wier 1, Wollzeile 11, Telephon R-23-0-43
Ausschnitt aus:
Wr. Marsgore Machriee an, Wier
vom:
1 5.FEB. 1936
„Liebelei“
Schönbrunner Schloßtheater
Unter der Oberleitung Ernst Löthärs, Direktors des Josef¬
städter Theaters, hat die Schauspielerschule dieser Bühne,
das sogenannte Reinhardt=Seminar, an zwei aufeinander¬
folgenden Tagen in verschiedener Besetzung S
beilei“ aufgeführt. Der Gesamteindruck des Esten Abends
war recht befriedigend, das Zusammenspiel gut abgestimmt
und ausgeglichen, Einzelleistungen erfreulich. Im allgemeinen
liegt
1
uf Schnitzlers Bühnenwerken schon eine dicke
Schichte Staubs, die Probleme des Dichters einer bestimmten
Gesellschaftsschicht der Wiener Vorkriegstage berühren uns
nicht mehr und die elegisch resignierte Weltauffassung seiner
Lebe= und Sterbemänner läßt uns kalt. Die „Liebelei“ aber
mit ihrer aus Sentimentalität und Frivolität gemischten
Atmosphäre gewinnt als kleines Lebensbild einer versun¬
kenen Zeit sozusagen an historischem Interesse. Und über¬
dies bietet das Stück ja gerade jungen Darstellern eine
Reihe sehr dankbarer Rollen.
Das leichtlebige, unbeschwerte Pärchen, die resche, fesche
Schlager Mizzi und ihr skeptisch überlegen tuender Freund
Theodor, fanden in Hilde Herbert und Otto Fischer über¬
zeugend echte Vertreter; hier vermag Jugend sich selbst zu
spielen. Schwieriger hatten es die beiden anderen, Anna##
Maier als wehmütig ahnungsvolle Christine und Gustav
Breuer als Todeskandidat Fritz. Wie im Drama Christine
an Charakter und Seelenstärke ihrem Freund überlegen ist,
so war es bei der Aufführung auch die Darstellerin ihrem
Partner gegenüber; im zweiten Akt und ganz besonders am¬
Schluß bot Fräulein Maier eine Leistung, die in ihrer
Eindringlichkeit sich weit über das Niveau einer Schüler¬
vorstellung erhob. Ein vielversprechendes Talent, das Be¬
achtung verdient! Schlicht und natürlich Feodor Weingarts
alter Musikant Weiring mit seiner etwas melancholischen
Mahnung zur Lebensfreude und von diskretem Humor
Elisabeth Deutsch als Tratschbase Binder. Eine gute Auf¬
führung des Seminars, die den lebhaften Beifall des Publi¬
E. H.
kums wohl verdient hat!</Unicode>
            </TextEquiv>
        </TextRegion>
    </Page>
</PcGts>
