3484 4224
458 140 847 213 Liebelei
288 135 1413 236 5  box 11/2
739 675 1220 760 Telephon 12801.
382 757 1556 838 Alex. Welgl’'s Unternehmen für Zeitungs-Ausschnitte
538 841 1292 972 „OBSERVER“
392 956 1548 1039 I. österr. behördl. conc. Bureau für Zeitungsberichte u. Personalnachrichten
581 1026 1395 1106 Wien, I., Concordiaplatz 4.
792 1099 1161 1166 Vertierungen
399 1133 1554 1204 in Berlin, Budapest, Chicago, Genf, London, Newyork, Paris,
458 1200 1491 1251 Rom, Mailand, Stockholm, Kristiania, St. Petersburg.
677 1240 1295 1321 (Quellenangabe ohne Gewähr.)
402 1327 1612 1491 Ausschnitt aus: Franzischer Caurier, Fürnbang
402 1480 997 1617 vom: 26/3 49 07
663 1720 1317 1819 Theater und Musik.
522 1795 1493 1882 t. Nürnberg, 28. März. Im Intimen Thea¬
433 1845 1481 1914 ster ging am Samstag und Sonntag Schnitz¬
466 1894 1497 1982 lers hier früher bereits im Stadtthealer aufge¬
464 1930 1496 2027 fUhrtes Schauspiel „Liebelei“ über die Bühne, mit
465 1994 1495 2074 dem bekanntlich der Dichter den Typus des Wiener
461 2054 1490 2131 „süßen Mädels“ geschaffen hat, welches so sehr vor¬
456 2091 1478 2159 bildlich für die „Jungwiener“ Dichterschule von Bahr
451 2125 1476 2218 bis Hoffmannsthal geworden ist, daß sie sich von
447 2174 1475 2263 diesem Vorbild nicht mehr hat frei machen können. Der
455 2237 1480 2316 Aufführung des Intimen Theaters fehlte zum Teil das
458 2280 1474 2363 notwendige Quantum Wiener Lokalkolorit. Dem
440 2317 1482 2404 Wiener Dialekt wurden nur Hr. Walter (Theodor
457 2376 1470 2445 Kaiser) und Frln. Sera gerecht, die in der Rolle der
449 2444 1474 2517 Mizzi ein äußerst lebhaftes Temperament entwickelte.
448 2487 1475 2553 Ergreifend spielte Frln. Schiff (Christine) den Schluß¬
436 2543 1472 2608 akt, hier kam alles so innerlich und dabei doch so dra¬
449 2582 1464 2653 matisch wuchtig heraus, daß man sagen kann, die
445 2626 1470 2708 scheidende Künstlerin habe noch einmal zum Schluß
446 2680 1460 2742 ihr ganzes schauspielerisches Können entfaltet. Präch¬
448 2727 1475 2805 tige Blumenspenden wanderten für sie auf die Bühne,
437 2766 1469 2853 und in den lebhaften Beifall mischten sich laute
423 2826 1467 2902 Bravorufe. Auch die übrigen Mitwirkenden, die
428 2864 1470 2940 Herren Kirsch, Herbig, Beck und die Damen Frln.
430 2923 1468 2997 Meixner und Frln. Mahler waren auf ihren Posten.
438 2975 1471 3046 Im großen und ganzen bildete die Aufführung einen
435 3012 1465 3098 würdigen Abschluß der Winterspielzeit des Intimen
445 3064 1464 3130 Theaters. Wir möchten bei dieser Gelegenheit einem
441 3116 1468 3176 Gerüchte entgegentreten, das seinerzeit, als dem
432 3150 1460 3229 Theater die feuerpolizeilichen Auflagen gemacht wur¬
430 3231 1464 3291 den, auftauchte und das auch in der letzten Zeit noch
436 3268 1456 3342 verbreitet worden ist. Es hieß, Hr. Direktor Meß¬
429 3304 1450 3394 thaler wolle das Intime Theater eingehen
432 3362 1449 3441 lassen. Im Interesse des Kunstlebens in Nürnberg
433 3401 1449 3472 wäre das Eingehen des Intimen Theaters entschieden
416 3457 1437 3532 zu bedauern gewesen. Erfreulicherweise sind jedoch
418 3513 1445 3584 die obigen Gerüchte gänzlich haltlos. Wie
419 3563 1446 3628 wir mitteilen können, wird die Spielzeit 1904|05 am
422 3612 1440 3682 24. September beginnen. Hr. Direktor Meßthalet
411 3662 1448 3746 wird auch in dieser die Leitung des Theaters beibe¬
413 3713 1436 3785 halten. Damit ist die Gewähr geboten, daß Spiel¬
428 3756 1451 3830 plan und Aufführungen des Intimen Theaters auch
426 3805 1452 3885 im nächsten Jahre literarisch und künstierisch###
401 3851 810 3925 Höhe stehen werden.
551 3894 707 3954 7. "
2289 1063 2677 1141 Telephon 12801.
2301 1130 2701 1178 —Zinib Eu
1917 1154 3044 1242 Alez. Weigls Unternehmen für Zoltungs-Ausschnitte
2734 1249 2866 1324 246
2118 1256 2798 1356 BODSERVEN
1914 1357 3038 1444 L österr. behördl. konz. Bureau für Zeitungsberichte u. Personalrachrichten
2104 1426 2870 1509 Wien, I., Concordiaplatz 4.
2333 1491 2628 1554 Vertretungen
1914 1524 3047 1610 in Derlin, Budapest, Chicago, Genf, London, New-Vork,
1910 1583 3044 1652 Paris, Rom, Mailand, Stockholm, Christiania, St. Petersburg.
2185 1635 2748 1707 (Quellenangabe ohne Gewähr.)
1906 1696 3204 1785 Ausschnitt aus:  Gaaust, B##g
1915 1802 2332 1900 vom: ½/700
2360 1904 2579 1982 Liebelei.
1973 1939 3019 2010 Nach Carmen Sylva erschien Arthur Schnitzler, wie
1931 2001 3023 2066 kin zweiter Shakespeare, nach dem „Verfälltage“ die
1929 2041 3016 2098 „Liebelei“ wie ein erstklassiges Meisterwerk. Daß es das
1932 2081 3013 2127 freilich nicht ist, weiß man von früher. Aber jedenfalls
1922 2119 3010 2171 ist es ein Werk voll dramatischen Lebens und durchnht
1917 2161 3022 2224 von einem Hauche zarter Poesie, und so gefiel es gestern
1921 2179 3014 2249 doppelt, wo man zuvor ein herzlich ungenießbares
1915 2239 3004 2298 Surrogat hatte hinunterwürgen müssen. Und wie das
1917 2280 3004 2337 Stück, so wirkten auch unsere heimischen Darsteller, die
1913 2318 3015 2362 das gastierende Ensemble tief in den Schatten stellten, ob¬
1921 2352 3012 2411 wohl sie zur Vorbereitung ihrer Aufführung offenbar nur
1921 2392 3007 2435 wenig Zeit gehabt hatten. Herr Flashar, der auch die
1921 2434 3008 2485 Regie führte, machte aus dem milden, verstehenden und
1925 2463 3013 2535 verzeihenden Weiring eine Prachtfigur. Sein Töchterchen,
1918 2518 3016 2582 die stille Christine mit dem heißen Herzen, hatte in Fräu¬
1923 2547 3000 2613 lein Clemens eine sympathische Vertreterin, die in
1926 2579 3020 2655 Herrn Werner, der den Fritz treff=, wenn auch nicht
1922 2612 2995 2679 immer textsicher gab, einen wackeren Partner fand. Herr
1932 2657 3002 2732 Farecht tat in der Rolle des beleidigten Gatten etwas
1925 2709 3005 2752 zuviel in der Ausmalung unterdrückter Wut. Zum min¬
1928 2742 3005 2808 desten ist der Ausdruck der Verachtung Fritz gegenüber,
1920 2784 3010 2841 nachdem dieser sich zur Satisfaktion bereit erklart hat,
1918 2824 3005 2883 nach dem Ehrenkodex durchaus unzulässig. Die Strumpf¬
1921 2852 3009 2926 wirkersgattin kann man nicht besser dargestellt sehen,
1922 2897 3003 2966 als von Frau Horvath. Und nun erst die Schlager¬
1924 2940 3005 2988 mizi des Fräulein Bré und der Theodor des Herrn
1924 2975 3014 3043 Bozenhard! Das ist Jung=Wien, wie es leibt und
1923 3010 3000 3083 lebt. Und das sind ein paar künstlerische Leistungen, wie
1926 3058 2999 3127 man sie so vollendet zurzeit kaum an einer zweiten
1927 3092 3005 3161 deutschen Bühne zu sehen bekommt. Der Erfolg dieser
1925 3131 2856 3201 Aufführung war denn auch verdientermaßen groß.
2755 3181 2967 3252 „ M.-R.
