3436 4352
393 -21 774 20 BPP. Nre
956 -18 1363 46 WEn IU
248 -34 790 70 *  eegeeesetsts ttestteeSeeee
319 412 384 479 10
1487 414 2023 501 Wiener Salonblatt.
2941 421 3165 507 Nr. 41.
442 628 1752 695 gegen Hauptmann gespielt hat. Frau Kratz war gut. Die Ueber¬
2140 649 2693 743 Theater und Kunst.
452 699 1745 759 setzung, welche Otto Eisenschitz besorgte, ist vorzüglich zu nennen.
571 745 1747 798 Der Abend war einer der interessantesten des Burgtheaters;
1883 723 3069 801 Im Josefstädter Theater gab man Freitag „Ein Raben¬
1518 796 1718 861 Beraton.
446 796 1426 868 für junge Mädchen war er jedoch nicht geeignet.
1768 798 3060 852 vater“. Der Unglückstag wurde den Autoren Fischer und
1766 845 3068 891 Jarno ein Glückstag. In tollen Verwicklungen, die aus den
558 863 1741 948 Kutschera's erstes Auftreten im Burgtheater als „Don
1757 896 3060 957 besten französischen Stücken kamen, werden in dem Schwanke die
451 921 1745 999 Carlos“ stand, äußerlich, unter einem sehr glücklichen Sterne.
1767 946 3061 988 Folgen eines Fehltrittes beleuchtet, die ein silberner Hochzeitsgreis
448 975 1748 1036 Man freute sich offenbar, dieses frische, liebenswürdige Naturell
1757 985 3064 1057 sich unterschiebt, um seiner Frau monatlich 50 Mark Erziehungsbeitrag
444 1029 1738 1076 in vornehmerer Umgebung begrüßen zu können. Der Künstler
1761 1037 3047 1102 für das Kind als Beitrag für seine Vergnügungscasse herauszulocken.
453 1076 1742 1120 lohnte dieses Wohlwollen zunächst durch ein wohlvorbereitetes
1763 1080 3058 1148 An ihrem Ehrentage empfindet die bei Mantegazza, Nordau und
442 1109 1749 1192 Spiel. Aber auch nicht mehr. Aus seiner einförmigen Correctheit
1761 1135 3053 1204 Lombroso gebildete Gattin Gewissensregungen und will das Kind
448 1175 1732 1228 hob sich auch nicht ein bedeutender Moment ab; so verlief das
1769 1172 3060 1246 seiner Laune an ihre Brust drücken. Hieraus entstehen heillose
443 1222 1461 1283 Debut ohne Unfall, aber auch ohne Ueberraschung.
1758 1226 3066 1297 Verwechslungen und fast möchte man den Vater für den eigenen
562 1259 1732 1337 Diese bot in überreichem Maße der König Philipp Mitter¬
1755 1276 3055 1344 Sohn und die Tochter für die Mutter ihrer Großmutter halten.
449 1316 1741 1369 wurzers. Neben ihm verschwand alles. Die sonst vortreffliche
1755 1323 3048 1373 Dieser Kinderkomödie der Irrungen zufolge will bald die Ver¬
437 1366 1734 1425 Eboli der Sandrock, die anmuthige, aber spröde Königin der
1751 1371 3059 1414 bindung der Tochter des Ehepaares zerschellen, da man den
434 1409 1734 1467 Frau Schratt ebenso wohl wie der sehr verdienstvolle Posa des
1755 1411 3057 1465 Bräutigam für das Kind der ersten Liebe des Rabenvaters hält,
440 1457 1728 1505 Herrn Reimers. Dieser Künstler zeigte wieder namhafte Fort¬
1758 1475 3057 1533 und allgemein Ibsen's „Gespenster“ sieht, bis, unter schallender
452 1510 1729 1571 schritte in der Darstellung männlich reifer, kraftbewußter Helden
1753 1522 3044 1565 Heiterkeit des Publikums, die Aufklärung kam. Daß es im Ver¬
437 1557 1734 1620 und gab von seiner etwas robusten Art dem Posa zuviel des
1745 1560 3055 1614 laufe dieser Begebenheiten an kleinen Lascivitäten nicht fehlen
435 1598 1733 1670 Concreten, Bestimmten. Der Alba ist der richtige Typus für Herrn
1760 1613 3046 1676 durfte, ist für das Josefstädter Theater, das eine Wiener Bühne
437 1649 1730 1713 Reimers, männlich kräftige Natur. Herr Löwe schuf den Alba
1759 1650 3046 1721 im Style des Pariser Palais Royal werden will, selbstverständlich.
442 1698 1195 1777 widersinnig in Sprache und Haltung.
1863 1709 3043 1763 Gespielt wurde durchwegs ausgezeichnet. Man braucht nur
1572 1702 1681 1790 47
1761 1745 3050 1812 Herrn Maran und Frau Pohl=Meiser zu nennen. Sie
1016 1776 1304 1841 W□ AmNM
1766 1801 3054 1856 allein schon genügten, um ein Stück zu beleben. Diesmal jedoch
453 1779 806 1892 Marchand N#r
751 1773 1679 1894 TON. PLDULERCK X raleur
1772 1850 3052 1899 schlossen sich ihnen die Herren Friese, Franke uno Bartl,
1760 1893 3048 1959 sowie Frl. Felsen, eine talentvolle graziöse Erscheinung, und
544 1882 1625 1962 Wien, I. Jasomirgottstrasse 6, I. Stock.
1756 1950 2608 2029 das wirklich begabte Frl. Schleinitz an.
429 2022 1693 2104 „New-Dork“ Lebens=Versicherungs=Gesellschaft.
1857 2013 3056 2092 (Raimund=Theater.) „Der Heiratsschwindler“, Posse von
1749 2081 3051 2159 Bernhard Buchbinder. Ein anspruchsloses, lustiges Stück, das
614 2078 1558 2170 Gegründet 1845; Vermögen 743 Millionen Kronen.
1757 2135 3046 2198 nicht mit Gewalt geistreich sein will, sondern sich begnügt, durch
422 2154 1719 2228 Dirertion für Oesterreich: Wien, Graben 8 (im Hause der Gesellschaft).
1747 2181 3039 2235 Situationskomik und treffliche Mise - en - scène zu unterhalten.
1747 2223 3052 2270 Vom Grundsatze ausgehend „kein Ehemann ist treu“, führt uns
1739 2279 3045 2348 der Verfasser einen solchen Musterdrahrer von Ehegatten vor, der
446 2289 623 2371 Wien
1532 2285 1705 2368 Wien
760 2278 1385 2391 St. Annahof
1746 2316 3048 2392 in Karlsbad, angeblich die Cur gebrauchend, diese allen Mädchen
420 2354 643 2422 I. Anna¬
1503 2344 1719 2429 I. Anna¬
1748 2385 3050 2439 und Frauen schneidet. Seine Gattin überrascht ihn gerade bei
792 2373 1347 2467 Münchner Leistbräu
445 2406 614 2472 gasse
1534 2409 1697 2470 gasse
1748 2423 3058 2491 einem Heiratsversprechen: Tableau! — Und der Arme ist nirgends,
436 2453 1707 2534 Nr. 3 Pracht-Prstauration, Salons, Chambres separtes Nr. 3
1753 2466 3056 2513 wie er seinem Freunde Felbinger gesteht, über das „erste Busserl“
1746 2513 3057 2570 hinausgekommen. Geschickte Verwechslungen — von Seite dritter
1744 2567 3054 2631 Personen — der Frau mit der angeblichen Geliebten, der Geliebten
433 2593 587 2659 TEN
969 2578 1617 2684 Jaeger & Thiel,
1746 2624 2863 2678 mit einer anderen, bieten Gelegenheit herzlich zu lachen.
1846 2661 3044 2732 Die Musik Weinzierl's ist graziös. Ein Duett mußte wieder¬
865 2666 1725 2737 k. k. priv. Fabrik von Phantasiemöbeln in
1740 2701 2026 2767 holt werden
2094 2705 3046 2781 und das Couplet „Streckenweise!“ entfesselte
851 2723 1716 2805 Bambus, Pfefferrohr 2c. Bronzewaaren.
1728 2747 1978 2822 Lachsalven.
451 2727 841 2841 W AIR
874 2784 1707 2855 Wien, VII. Halbgasse 11 und Burg¬
1853 2808 3053 2878 Herr Fröden, der Träger der Hauptrolle, spielte und sang
1740 2850 2439 2913 gut, aber leider nur „streckenweise!“
1168 2854 1424 2935 gasse 103.
1842 2899 3042 2960 Die Herren Natzler (Felbinger) und Straßmeier (ein
1728 2926 3036 3011 Wiener Fleischhauer) waren verdienstlich für das Gelingen des Ganzen.
408 2930 1704 3023 Perl=Colliers und feinste Phantasie=Artikel in Juwelen,
1723 2987 3036 3056 Herr Schildkraut in der Episodenrolle eines geizigen Türken, der
543 3012 1597 3099 Gold und Silber in größter Auswahl bei
1735 3041 3037 3095 mit seinen Weibern reist, war vorzüglich. Die Damen Furlani
1731 3091 3025 3134 und Niese, letztere gibt einen lebemännlichen Studenten von sieb¬
413 3078 1708 3173 Albert Jaschke, Juwelier, I. Kohlmarkt 20.
1726 3143 3035 3201 zehn Jahren, waren gut, alle anderen — ausgenommen Herr
1732 3186 3045 3237 Kirschner als sächsischer Professor, der eine Abhandlung
1745 3227 2432 3309 „über die wahre Liebe“ geschrieben
2472 3229 2966 3316 sehr mittelmäßig. T. E.
753 3215 1394 3328 Maison Duchon,
395 3256 680 3349 Modes 4
1440 3253 1704 3348 * Modes
1829 3307 3022 3385 (Der österreichische Kunstverein) hat eine ziemlich interessante
666 3318 1494 3401 Wien, I. Jasomirgottstraße Nr. 8.
1727 3371 3022 3421 Ausstellung vor Kurzem eröffnet. Eine Anzahl ganz hübscher Bilder
1727 3423 3021 3490 ist dort zu sehen, darunter fällt ein bedeutsames Kunstwerk, auch
653 3427 1459 3531 Möbel=Etablissement
1730 3469 3028 3518 das vor langer Zeit schon gemalt wurde. Hans Canon's „Oliver
1728 3515 3025 3566 Cromwell an der Leiche des Königs Karl I.“ Der Führer der
407 3514 1697 3623 August Knobloch's Nachfolger,
1726 3564 3028 3624 „Heiligen“ und nachmalige „Lord=Oberprotector“ steht an der Leiche
1723 3623 3023 3680 seines Opfers. Er ist eine derbe Kriegergestalt, ein Condottiere in des
616 3608 1528 3699 Neubau, Breitegasse Nr. 10 und 12.
1715 3662 3022 3713 Wortes verwegenster Bedeutung, mit breiten, wuchtigen Zügen, in
1713 3726 3021 3774 der Art, wie sie Rembrandt gerne darstellte. Man muß eigentlich
1720 3755 3016 3816 nur von diesem Kopfe sprechen, denn er ist absichtlich durch Licht¬
687 3732 1395 3832 Maison Stein,
429 3756 595 3858 Modes
1488 3779 1699 3862 Chapeaux
1727 3806 3009 3857 führung und Vortrag Hauptsache geworden. Er läßt all das be¬
613 3813 1495 3895 Vienne, I. Wipplingerstrasse 7.
1705 3850 3007 3905 wundern, was dem kraftvollen Pinsel Canon's an Kunst zur Ver¬
2864 3904 3007 3940 Upiten
2542 3902 2580 3938 #
