3436 4224
1442 83 2383 141 Herr Löwe, Frl. Dienstl, Herr v. Wymetal und
480 93 1437 138 den beiden neuen Gestalten, die vorgestern in dem er¬
1442 127 2396 204 in zweiter Linie Herr Grauert brachten die unge¬
489 128 1437 208 greifenden Schauspiel erschienen, hatte Fräul. Antonie
1455 175 2393 254 salzenen Spässe so munter wie möglich und riefen
480 181 1436 238 Roll, die als Christine zum zweiten Male auftrat,
2198 228 2368 292 A. 8.
1443 224 2036 306 auch ein gnädiges Lachen hervor.
480 230 1436 290 kein leichtes Spiel. Frl. Fasser, welche die Rolle hier
478 277 1442 333 r gelmäßig gibt, ist die reifere Schauspielerin und be¬
477 322 1451 385 sitzt eine ganz besondere Gabe, die Schlichtheit der
1640 338 2179 432 Volkswirthschaftliches.
479 366 1449 429 Charaktere, welche sich in engen Verbältnissen entwi¬
1542 395 2397 467 —4— Gewerberegister. Hr. Eduard Bondy:
476 414 1450 489 ckeln, zu veranschaulichen. Ihre „Christine“ bringt den
1451 452 2402 517 Korbflechtwaare handlung in Prag am Poritsch Nr.
482 464 1440 526 Hauch der kleinbürgerlichen Welt auf die Scene, ge¬
1445 501 2393 553 1073—2 alt, 11 neu, Eck der Goldschmiedgasse Nr. 1.
476 504 1441 568 mahnt im Aussehen, in der Bewegung und in der
1501 542 2392 600 Hr. Wenzel Vanikek als Stellvertreter des Hrn.
479 558 1445 625 Sprechweise an diesen Bereich, in dem zwischen den
1448 566 2396 628 Franz Fanta: Gast= und Schankgewerbeconcession
486 613 1434 663 vier Pfählen so manche stille Heldenthat verrichtet
2394 592 2504 664 F
1448 620 2381 667 im Hause Nr. 752—1 alt, Castulusgasse Nr. 14 neu.
1512 652 2375 696 Frau Marie Vachaßans Nr. 801—1, Gemeindehof¬
475 648 1447 713 wird, und tritt mit ihrer reinen Empfindung, ihrem
2396 659 2508 742 Ka.
1443 684 2391 737 gasse Nr. 6: Betrieb des Handels mit Obst, Kerzen,
486 699 1443 757 Leid und ihrer Verzweiflung nicht aus dieser Lebens¬
2391 725 2524 781 Ges
1445 727 2383 773 Kise Erdäpfeln, Bäckerwaaren und anderen Victualien
477 754 1436 824 sphäre hinaus. Die Christine des Frls. Roll hält den
2396 761 2514 823 Ven.
1444 755 2397 825 im Hause Nr. 802—2 alt, am Wenzelsplatz Nr. 60,
2398 803 2526 863 man
484 802 1443 861 Vergleich mit dieser fein charakterisirten Gestalt nicht
1998 804 2394 863 Hr. Franz Hansl,
1445 809 2010 862 Smekkagasse Nr. 36 neu. —
1454 841 2384 887 Bäckermeister in Prag, Sluppergasse Nr. 1553—2:
480 846 1434 902 aus; sie war wohl spmpathisch und verfehlte nicht eben
1457 879 2395 930 Verkaufslocale im Hause Nr. 378, 379—1 alt. am
2390 883 2533 957 Bei
481 895 1445 950 die Umrisse der Charakterzeichnung; aber die lässige
1441 919 2394 981 Brückel Nr. 10 und 12 neu. — Frau Anna Trojan
479 940 1435 999 Anmuth, mit der sie den ersten Act spielte, erinnerte
1453 955 2396 1004 aus Nr. 820—1, Barmherzigengasse Nr. 5: Betrieb
482 987 1436 1037 mehr an das Boudoir als an die Mansarde, und der
1446 1004 2397 1048 des Handels mit Wäsche, Schnittwaaren, Damen¬
1455 1020 2545 1110 schürzen, Röcken u. dgl. im Hause Nr. 818—1 alt, Eck) 22
488 1033 1447 1099 große Affect des letzten Actes stürmte mit seinem
1453 1070 2398 1113 derselben und Ziegengasse Nr. 9 und 24 beu. — Hr.
478 1073 1442 1142 lauten Pathos in die der Schlichtheit fern liegende
1447 1105 2408 1161 Franz Burda aus Nr. 996—1, Geistgasse Nr. 4:
492 1125 1435 1190 Welt des getragenen Dramas hinein. Sieht man von
1454 1142 2407 1200 Weiterbetrieb des Riemergewerbes im Hause Nr. 901—1
482 1176 1441 1241 den eigenthümlichen Forderungen der Rolle ab, die
1444 1184 2403 1241 alt, Josefstädterstraße Nr. 45 neu, Kirchengasse Nr. 4.
1512 1215 2401 1269 Hr. Johann Bärta aus Nr. 251—1 am Beth¬
482 1217 1451 1282 Frl. Fasser weit besser erfüllt, und betrachtet die Dar¬
1451 1258 2397 1311 lehemsplatz, Liliengasse Nr. 2: Betrieb des Schneider¬
489 1269 1448 1320 stellung lediglich als Debut im Conversationsstücke, so
1445 1298 2416 1355 gewerbes in Holleschowitz=Bubna Nr. 748—7. — Hr.
479 1320 1446 1374 stellt sich das Urtheil weit günstiger. Fräul. Roll be¬
1451 1349 2407 1388 Johann Hampl in Nr. 453—3, Aujezderstraße Nr.
479 1367 1436 1429 wegte sich natürlich, ließ in der Prosarede, die ihr
1448 1371 2412 1435 32: Handelsgewerbe ohne Beschränkung auf bestimmte
1444 1412 2406 1475 Waarengattungen, deren Verkauf im freien Verkehre
482 1407 1436 1479 offenbar mundgerechter ist als der Vers, keine Hem¬
1448 1452 2404 1513 nicht an eine besondere concessionirte Bewilligung
485 1461 1446 1523 mungen merken, fand in einigen Momenten des ersten
1448 1488 2397 1538 gebunden ist, im Sinne des § 38, Abs. 1 der Gew.=
484 1507 1438 1569 Actes und in der Liebesscene des zweiten weiche, innig
1445 1519 2401 1575 Ord. — Hr. Johann Cipra: Concessionirter Aus¬
480 1557 1447 1609 beseelte Töne der Empfindung und gab im letzten Auf¬
1449 1564 2410 1621 schank von Bier, Wein, gebrannten geistigen Getränken!
1451 1600 2412 1650 mit Ausschluß des Branntweines, Verabreichung von
484 1600 1435 1675 zuge — wenn auch der pathetische Ton verfehlt war — doch
1452 1633 2416 1692 Speisen, Chocolade, Thee, Kaffee, anderen warmen
496 1652 1452 1713 eine achtbare Probe des Temperaments u. der stimmlichen
1443 1666 2407 1743 Getränken und Erfrischungen und Haltung von erlaub¬
490 1701 1444 1755 Kraft. Sie ist Alles in Allem eine W rdende von unge¬
1446 1724 2237 1783 ten Spielen am Johannesplatz Nr. 1033—1.
2375 1725 2475 1816 250
471 1738 1446 1818 wöhnlich schönen Mitteln, somoatbischem Wesen und un¬
486 1796 1437 1858 verkennbarem Talent, die unter guter Führung sich
1456 1799 2402 1867 Aus dem Amtsblatte der „Prager Zeitung.“
1719 1835 2116 1894 (Vom 18. Februar.)
482 1842 1443 1899 künstlerisch entwickeln dürfte — mit der ganzen Ver¬
1524 1850 2416 1925 Erledigt. Poststalldienst in Arnau (Bezirks¬
483 1877 1454 1942 antwortung und Wucht eines großen Rollenkreises
1443 1912 2405 1967 hauptmannschaft Hohenelbe), Caution 500 fl. — Feil¬
480 1926 1447 1993 dürfte man freilich ihre bildungsfähige Jugend noch
1445 1944 2535 2022 bietungen. In Hlinsko. Realität Nr. 95 in HlinzkoV
494 1986 1440 2042 nicht belanen, sondern ihr Gelegenbeit geben, schritt¬
1451 1994 2396 2041 sammt Grundstück der Ehelente Josef und Anna Vasek,
1456 2030 2397 2075 31. März, 1. Mai. — In Hochstadt a. d. Iser.
494 2026 1442 2085 weise vorwärts zu kommen und die Behandlung jeder
1452 2066 2400 2117 Realität Nr. 129 in Paseka des Johann Kucera
497 2073 1443 2142 Rolle zu vertiefen. Hr. John gab den Fritz mit un¬
2392 2067 2546 2158 das
1452 2105 2402 2159 (1229 fl. 8½ kr.), 26. März, 26. April. — In Jung¬
496 2122 1441 2182 verkennbarer schauspielerischer Intelligenz; er bemühte
1446 2140 2404 2205 wozitz. Realität Nr. 29 in Woldrichow des Josef
491 2174 1447 2233 sich nicht ohne Erfolg, das Unsichere, Verwöhnte und
1449 2191 2413 2238 und der Anna Konopasek (5349 fl. 79 kr.), 26. März.
1498 2219 2408 2268 In Karolinenthal. Haus Nr. 43 in Unter¬
490 2215 1448 2283 Best mmbare des blutjungen Lebemannes zu charak:
1456 2261 2402 2310 Pocernitz des Thomas Polanecky (869 fl. 20 kr.),
481 2262 1440 2321 terisiren, der ohne rechtes Gefühl der Verantwortung
1457 2304 2398 2348 24. März, 27. April. — In Katharinaberg. Rea¬
2469 2285 2535 2352 E
482 2308 1436 2380 in eine tragische Schuld hineingeräth, und fand man¬
1446 2339 2404 2388 lität Nr. 6 in Rudolfsdorf des Josef Kubb (1218 fl.
493 2364 1446 2419 chen guten Ton für die Beklommenheit und Zerstreut¬
1450 2371 2396 2419 20 kr.), 8. Apiil, 11. Mi. — In Mirowitz. Reali¬
2398 2329 2564 2453 MEI
1449 2413 2397 2449 tät Nr. 31 in Cerhonitz des Franz Vanccek (13.481 fl.
485 2405 1441 2470 heit des Geängstigten und für die Stimmung des
2418 2432 2565 2492 Näh
1450 2438 2401 2497 92 kr.), 24. März, 24. April. — In Repomuk.
491 2455 1440 2507 Todtgeweihten, der sich sammeln möchte und das ver¬
2439 2477 2559 2531 bere
1448 2486 2401 2535 Realität Nr. 18 in Petrowitz sammt drei Grundstücken
494 2496 1451 2573 zehrende Gefühl der Reue und der Sehnsucht nach dem
1445 2528 2401 2566 des Josef und der Anna Brüba, 23. März, 23. April.
495 2560 1446 2620 warmen Leben doch nicht verbergen kann. In solchen
1507 2563 2393 2623 In Nimburg. Grundstück in B bnitz der Con¬
2396 2549 2559 2632 ORI
1450 2600 2346 2641 cursmasse des Jonef Nejbit. 22. März, 24. April.
481 2599 1445 2664 Zügen und Tönen sprang Talent hervor, aber doch
2423 2615 2555 2681 Hlat
1451 2635 2399 2697 In Opoëno. Realität Nr. 42 in Wal (850 fl.
483 2645 1444 2704 noch keine ausgereiste Kunst, die das Spiel gleich¬
2418 2655 2549 2704 Les
1454 2677 2399 2723 76 kr.), 10. März, 10. April. — In Pardubitz.
2430 2690 2556 2747 Licl
482 2685 1443 2757 mäßg beherrscht. Eine gewisse Sprödigkeit des We¬
1458 2703 2401 2767 Realität Nr. 28 in Wosicka des Franz Buben¬
2432 2737 2556 2797 gra,
492 2752 1443 2806 sens, die Ungeienkheit mancher Bewegung und die An¬
1453 2755 2394 2805 (1337 fl.), 27. März, 27. April. — Realität Nr. 23
1461 2790 2396 2852 in Dolan sammt Geundstück der Ebelente Wenzel und
483 2788 1455 2842 streugung, die es dem Darsteller kostet, den weicheren
2404 2728 2559 2880 ORI
1459 2833 2389 2874 Marie Burda (9925 fl. 65 kr., 3326 fl. 67 kr.), 26.
492 2840 1451 2897 Ton zu finden, weisen darauf hin, daß Herr John
1461 2867 2404 2931 Mirz, 26. April. — In Sedletz. Realität Nr. 19 in
2424 2867 2544 2926 mir
495 2875 1459 2941 kaum berufen wäre, schon jetzt das weite Feld des so¬
1459 2913 2399 2957 Sworisch der Eheleute Franz und Marie Blazek,
2418 2912 2563 2961 Seh
483 2932 1449 2979 genannten Liebhabers zu beherrschen, sondern daß man
1449 2932 2397 3000 28. März, 28. April. — In Seltschan. Realität
1455 2988 2406 3032 (Mühle) Nr. 32 in Pocepitz des Josef und der Marie
489 2981 1455 3036 ihn in den seiner Individualität entsprechenden Rollen,
2480 2958 2532 3036 75
1457 3032 2406 3074 Zbiral, 30. Marz, 30. April. — In Tachan. Reali
493 3027 1455 3088 namentlich in denen des sogenannten Charakterli b¬
1451 3059 2397 3110 tät Nr. 10 in Galtenhof sammt vier Grundstücken
485 3082 1449 3136 habers beschäftigen müßte, um seiner interessanten Ver¬
1451 3091 2152 3146 des Ferd. Häupl, 24. März, 24. April.
493 3122 1452 3176 anlagung einen festen Halt zu geben. Wir können uns
1675 3173 2157 3230 Verstorbene in Prag.
499 3170 1461 3224 ihn sehr gut als Mortimer, aber nicht als Max Pic¬
2434 3131 2586 3260 C
1535 3217 2401 3269 Am 15. Februar. Julie v. Klebelsberg, Stadt¬
505 3214 1454 3279 kolomini denken. Beide junge Gäste bemächtigten sich
1462 3252 2400 3308 und Landrathswitwe, 84 Jahre, in N.. 1014—2. —
493 3263 1452 3319 der wesentlichen Effecte sicher genug, um Beifall zu
1454 3289 2402 3360 Bozena Feltl, Kutscherstochte., 11 Monate, in Nr.
501 3310 1457 3364 inden und wurden von dem recht zahlreichen Pu¬
1682 3336 2401 3380 Karoline Reiter, k. k. Majorswitwe, 76
1451 3331 1633 3381 274—1.
510 3358 1451 3412 slicum durch Hervorrufe ausgezeichnet. Sonst hatten
1944 3368 2402 3425 Anna Tüma, Schuhma¬
1450 3364 1906 3426 Jahre, in Nr. 1624—2
2204 3408 2408 3456 — Autonie
1453 3413 2208 3457 cherstochter, 15 Monate in Nr. 1870—2. —
506 3407 1447 3464 Herr Tauber und Frl. Moller, die bekanntlich den
1465 3454 2413 3495 Weißgerder, Arbeit rsgattin, 66 Jahre, in Nr. 882—1.
509 3448 1455 3525 son des leichtlebigen Liebespaars auf Kündigung sehr
1530 3484 2377 3526 Karo ine Taußig, Wirthschafterin, 44 Jahre, in
507 3500 1451 3562 flücklich anschlagen, Herr Reucker, der zwar als
1453 3522 2407 3574 Nr. 592—2. — Maria Schueider, Bäck rstochtr, 20
2412 3524 2568 3604 [Me
509 3544 1442 3600 Violinspieler Weiring nicht den ganzen Charakter¬
1448 3563 2396 3613 Monate, in Nr. 77—6. — Maria Puceli, Nähterin,
1454 3600 2389 3639 25 Jahre, in Nr. 278—2. — Im Spitale der Barm
512 3592 1450 3667 ehalt der Rolle ausschöpft, aber die originelle Leb us
1462 3618 2410 3693 herzigen Schwestern: Anna Kohon, Fössrswitwe,
499 3638 1453 3702 beisheit des weichherzigen Alten geschmackvoll zu
1457 3673 2423 3717 77 Jahre. — Im Spitale der Eli abethinen: Antonie1
2415 3642 2579 3732 Moni
508 3692 1453 3741 Gehör brngt, Frl. Klein, weche in der Episode der
1455 3713 2401 3771 Ungr. Gastgeberswitwe, 54 Jahre. — Im k. k. All¬
499 3734 2586 3831 #####arina Binder die unbeiußte Gemeinheit vortreff; gemeinen Krankenhause: Maria Horejsk, Droschten=
