3436 4192
605 79 1615 144 Schluß des lustigen Aktes. in dem neben dem Weid
608 119 1614 176 auch Wein und Gesang nicht fehlen, fällt der Herr
608 166 1617 214 hinein der Fritz zum Duell fordert Fritz hat seine Frau
2445 136 2894 225 box 12/4
1937 137 2324 210 Liebelei
1760 143 2339 255 5. LIELELET
605 201 1617 258 o#t bei uch gesehen. Der zweite Akt ist eigentlich nur
600 236 1607 313 eine lange Liebesizene zwischen Fritz und Christine, in
606 286 1622 338 dem bescheidenen Wolinzimmer Caristinens. Im dritten
605 328 1617 389 Akte erfahrt das liebende Mädchen, daß Fritz mittler¬
606 373 1620 430 weile im Duell erschoffen worden ist stürzt aus dem
598 426 1611 488 Hause und ihr unglücklicher Vater spricht die ahnungs¬
609 459 1338 522 vollen Worte: Sie kommt nicht wieder.
682 501 1619 565 Es wird vielleicht einmal wieder die Zeit kommen.
604 539 1610 618 wo das Insti ktleben eines füßen Mädels nicht aus¬
608 597 1610 651 reichen wird für ein Opernbeldentum nach der heutigen
592 621 1625 696 Geschmacksrichtung aber mögen die in der Handlung
601 678 1617 728 heing hervorstechenden Stimmungskontraste und Ueber¬
608 720 1627 782 raichungen dem Komponisten und dem Publikum starke
592 772 1613 824 Anziehung bieten. Kennzeichnend für das eigenartige
595 818 1613 875 Talent die flinke Erfindungsgabe und das beträchtliche
596 855 1610 897 orchestrale Können des Komponisten Herrn Neumann ist
601 900 1630 965 es daß gerade im ersten Aufzuge mit seinem absichts¬
599 931 1613 999 losen Geplauder und seiner unbekümmerten, jung¬
590 990 1609 1045 gesellenhaften Tischlaune die Musik ihre besten Seiten
592 1031 1611 1080 zeint. Ein ganzer Orcheserregen von kingen kleinen.
599 1069 1628 1132 wohitlingenden und chatalteristischen Tonsigürchen geht
597 1115 1611 1167 nieder über Worte von ausgesuchter Banalität die im
603 1151 1640 1218 Schaufpiel die Wahrha#tegkeit für sich haben in der
594 1195 1615 1250 Oper aber doch über die Grenze des Möglichen gehen.
600 1234 1622 1309 Im Kleinsten is Herrn Neumanns Musik am besten.
1076 1276 1280 1340 T00
621 1334 2629 1413 Es ist wie die Spritztechnik in der gewerblichen: Tittel erworben, der die Vorstellung auch mit Leb¬
620 1392 1611 1460 Malerei. Die umgebenden Pünkichen sollen die Gestali
1615 1399 1942 1458 haftigkeit führte.
1670 1415 2610 1492 Die Mühe war von schönem Erfolg gelohnt. Nach,
632 1441 1611 1500 hervertreten lassen. Man merkt überall das Walten
1605 1481 2592 1549 dem ersten dem wirksamsten Akte wurden die Mit¬
617 1491 1599 1547 einer regen, den Tonsinn beherrschenden Phantasie, die
1620 1512 2604 1582 wirkenden und der Komponist allgemein und anhaltend
624 1528 1608 1582 auch mit lontrapunktischen Feinheiten gelegentlich zu
1613 1572 2612 1619 akklamiert. Einen ihm überreichten Lorbeerkranz schwang
625 1571 1617 1623 operieren vermag, auch vor dem Versuche nicht zurück¬
627 1607 2612 1672 zuschrecken braucht, an die thematische und orchestrale der Komponist mit sympathischer Handbewegung in das
629 1655 1616 1718 Charakterisierung von Personen und Vorgängen sich
1606 1654 2615 1715 Orchester. Auch nach den folgenden Aufzügen blieb der
635 1691 1614 1749 heranzuwagen. Man mag da mancherlei Anregung und
2366 1679 2661 1759 B. B—t. n
1621 1706 2234 1777 Beifall auf sehr ansehnlicher Höhe.
720 1745 1628 1788 jedigung finden, das Hereinbrechen des Ver¬
724 1786 1626 1853 nisses im ersten Aufzuge gibt Anlaß zu starken
717 1827 1624 1896 stralen Esiekten, denen sich der Hörer kaum ent¬
696 1872 1621 1935 en kann. Auch die melodisch etwas mehr belichteten
624 1911 1628 1971 Stellen wie das Walzerchen und das anspruchslose
608 1955 1628 2028 Lied Christinens im ersten Aufzuge, mag man als
614 1991 1636 2066 freundliche Abwechslung zur Kenntnis nehmen. Das
637 2044 1626 2093 Liedchen ist übrigens eine Ehrwürdigkeit aus dem
621 2080 1622 2151 alten =Lochheimer Liederbuch.“ Wenn die Situation
622 2128 1633 2179 zomantisch wird, sich wirklich operngerecht, gestattet,
603 2170 1624 2226 Liebe und Tragik zu dem Aufbau der großen musikali¬
611 2220 1633 2288 schen Szenenführung hindrängen, dann allerdings
611 2255 1618 2315 ist der Komponist weniger Herr der Situation. Da ist
612 2298 882 2360 die Musik
874 2313 1633 2374 mehr aufgeregt als warmblütig
615 2337 1037 2412 die Anforderungen
1075 2353 1237 2408 ndie
1224 2354 1636 2421 hohen Stimmen.
612 2382 1633 2459 werden überspannt und die Melodik wird
609 2429 1636 2490 uns karg zugemessen. Das gibt dann einen Puccinistil
614 2475 1620 2530 ohne Buccii. Hier hat unseres Erachtens der Kom¬
609 2523 1633 2584 ponist den Hebel anzusetzen, um seine schöne Begabung
601 2571 1628 2628 und sein ernstes Wollen auf die Höhe zu bringen. Vor¬
615 2601 1634 2661 läufig ist auch die große Liebesszene des zweiten Aktes.
608 2656 1624 2718 trotz der außerordentlich schönen Führung der Begleitungs¬
605 2700 1620 2758 instrumente. mehr lang #'#stief und neu, auch das weit¬
608 2742 1632 2801 gestreckte Vorspiel zum dritte. Auszuge läßt trotz aus¬
612 2781 1631 2834 deutender Anschansichkeit — auch den Schuß. der Fritz
604 2829 1628 2888 niederstreckt, hören Vir erklingen — manches an organischer
610 2865 1632 2934 Gestaltungskraft vermissen. Und im entscheidenden Augen¬
610 2914 1627 2972 blicke da Chrisine die niederschmetternde Botschaft er¬
613 2961 1629 3012 hält. Fritz sei nicht nur tot sondern auch schon be¬
606 2998 1620 3056 gieben, äußert sie ihren Schmerz im Schauspielsprech¬
610 3041 1624 3095 ton. Es ist ein bißchen unvorsichtig uns so darauf zu
603 3086 1627 3141 stoßen, daß so manches Getungene dieser Oper sich
606 3130 1273 3199 eigentlich gegen den Gesang sträubt.
676 3173 1620 3236 Die trotz ihrer Schwächen interessante und wirksame
595 3215 1614 3282 Oper, die Schöpfung einer wertvollen Begabung
605 3277 1624 3333 findet im Volksoperntheater eine gute, temperament¬
596 3317 1627 3379 volle Wiedergabe. An die erste Stelle trin Fräulein
607 3352 1631 3422 Engel, eine persönliche und künstlerische Verkörperung
607 3400 1616 3465 der Christine, die hohe Anforderungen erfüllt. Dem Fritz
613 3441 1617 3493 gibl Herr Lußmann seine sicher und trättig an¬
609 3488 1613 3546 sprechende Stimme und den gebührenden tragischen
600 3538 1616 3595 Zug. Im Gegenpaar ist Herr Brand als Theodoi der
606 3573 1612 3630 vom Komponisten weitaus besser begabie Teil. Er sing!
606 3614 1620 3684 ausgezeichnet. Einige Töne der oberen Mitiellage sind
601 3659 1620 3723 ausnehmend wohllautend. Auch Fräulein Roeder
609 3701 1631 3760 wird der ihrem Weien weniger zusagenden Partie der
604 3751 1611 3795 Mizzi auf gefällige Weise gerecht. Fräulein Macha in
596 3783 1628 3851 der Nebenpartie der tratschenden Katharina ist mit Erfolg
598 3833 1612 3901 bemüht mit dem ihre Zungendiescherei ironisch ver¬
597 3871 1616 3940 spoltenden Orchester im Gleichschritt zu bleiben.
606 3916 1623 3975 Cyristinens Vater und der betrogene Ehegatte werden
600 3967 1610 4027 von Herrn Bandlerund Herrn Klein dankens¬
610 3999 1619 4072 wert gegeben. Viel Verdienst um die eifriges Studium
613 4048 1620 4110 voraussetzende Aufführung hat sich Herr Kavellmeister
1473 4095 1627 4140 RE
