3484 4224
480 135 861 207 Liebelei
301 140 852 242 5. Jenennens
1003 130 1433 217 box 10/4
1846 96 3112 135 sein, und aus lächerlichem Plunder kann man kein Götterbild formen.
1849 126 3111 164 Dem Titel „Liebelei“, — es ist jetzt an der Tagesordnung, den Dramen
1838 159 3128 214 abstrakte Titel zu geben — widerspricht also die Gattungsbezeichnung
1854 204 3116 246 „Schauspiel“. Man sollte meinen, daß durch Liebelei nur ein Lustspiel,
1838 233 3126 273 vielleicht mit stark satirischem Beigeschmack, oder eine Posse gefüllt
1849 281 2638 319 werden könnte. Aber dieser Titel ist
2640 276 3131 339 ebenso wenig prägnant,
1850 315 3135 368 wie alle anderen abstrakten Titel; richtiger würde es schon heißen,
1855 358 2881 406 „Liebelei und Liebe“, denn nur dadurch, daß
2988 356 3139 413 den
1841 389 3136 443 Kreis der Leichtsinnigen und Leichtfertigen Jemand mischt, der echter
1851 444 3133 485 und unverfälschter Liebe fähig ist, wird die Sache ernsthaft und nach
1835 465 3146 528 dem ersten Akte ein zweiter und dritter überhaupt möglich. Dem
1842 512 3128 567 dramatischen Fortschretten jedoch wird durch die bereits im ersten Akte,
1842 550 3116 594 völlig abgeschlossene, und mit liebevollster Detailmalerei ausgeführte
1838 585 3125 632 Charakterzeichnung eine starke Beschränkung auferlegt, deren Bruch im zweiten
1838 632 3112 680 und dritten Akt nicht ganz wahrscheinlich wirkt. Vielleicht lag es auch
1850 666 3122 711 an der Darstellung, daß die Leidenschaftsausbrüche und der,
1838 702 2019 748 wic es
2026 706 3122 751 scheint, tragische Schluß des letzten Aktes nicht gals
1849 736 3124 800 nothwendige Folge der gegebenen Situationen und Charaktere
1852 783 3127 837 wirkten und geradezu lächerlich zu werden drohten. Die Schwächen
1841 831 3123 877 dieses Stückes dürfen aber nicht abhalten, seine hohen Vorzüge anzu¬
1851 859 3125 912 erkennen: die natürliche, leicht fließende, und mit zierlichen Pointen
1839 896 3129 952 reich ausgestattete Diktion, die der Natur mit großer Sorgsalt
1851 940 3133 999 abgelauschte Miniaturmalerei bei allen Figuren und das Geschick,
1851 972 3120 1028 mit dem der Dichter auch bei einer stagnirenden Handlung
1844 1006 3128 1054 immer noch zu fesseln weiß. Arthur Schnitzler gehört zu der Schule
1848 1053 3136 1105 Ibsen's und Hauptmann's; er erstrebt, wie alle „Modernen“, den Schein
1844 1092 3134 1147 äußerster Lebenswahrheit. Er geht aber darin zu weit und verletzt das
1840 1121 3129 1172 Gebot klarer Verständlichkeit, die vom Kunstwerk überall gefordert werden
1846 1172 3128 1218 muß. Die Motive der Hondelnden würden leichter begriffen werden,
1842 1207 3126 1260 wenn sie ihre Motive deutlicher kundgäben. Dem Dichter und seinen
1844 1243 3130 1280 Personen muß ein Gott gegeben haben, zu sagen, was sie leiden
1839 1286 3116 1328 und überhaupt erleben; Räthsel errathen ist ebenso wenig die Aufgabe
1849 1326 3124 1368 des Zuschaners, wie es die Aufgabe des Dichters ist, Gelegenheit zu
1835 1349 3118 1410 Mißverständnissen zu geben. So klar und dentlich z. B. der erste Akt
1841 1396 3126 1456 zunächst erscheint, so sieht man doch später, daß man sich in manchen
1850 1446 3129 1491 Stücken geirit hat. Christine erscheint im ersten Akt durchaus nicht von
1838 1476 3122 1530 so abgrundtiefer Innerlichkeit, wie sie sich später darstellt. Ein Mädchen,
1838 1514 3132 1556 das, wie es scheint, in den Tod geht, als sie bemerkt, daß sie sich an
1836 1547 3135 1607 einen Unwürdigen weggeworfen hat, mußte nach unserer Ansicht schon
1846 1598 3134 1662 von vornherein anders auftreten und anders gezeichnet sein. Doch wie
1842 1634 2775 1679 greisen der Angabe des sehr einfachen Inhalts vor.
1897 1664 3127 1708 Fritz Lobheiner, ein reicher älterer Wiener Stuoent, ist ein junger
1840 1714 3127 1754 Elegant wie alle andern, vielleicht ein wenig tiefer angelegt und ernst¬
1843 1745 3131 1804 hafter denkend, als der Durchschnitt, aber im Großen und Ganzen ein
1837 1779 3130 1834 Mann der holden Mittelmäßigkeit, in der sein Freund Theodor Kaijer
1837 1823 3125 1877 bereits gänzlich versunken und versumpft ist. Die beiden jungen Herren
1841 1861 3130 1898 haben Geld und Langeweile. Um Beides los zu werden, sind Liebeleien
1831 1902 3120 1961 ein gutes Mittel. Der Ernsthaftere von Beiden hat zwar zugleich, wie
1833 1940 3137 1985 er meint, eine große Leidenschaft für eine verheirathete Frau, aber diese!
1836 1974 3136 2036 noble Passion ist für einen Mann von seiner Natur wohl nur ein noblerer
1836 2018 3134 2068 Zeilvertreib und ein solcher, der seiner Eitelkeit etwas mehr schmeichelt, als
1842 2046 3140 2112 die Liebelei, die er mit Christine, der Tochter des Violinspie(ers Weiring
1839 2098 3129 2149 auf Zureden seines Freundes Theodor anfängt, angebiich, vun sich von
1839 2134 3135 2192 seiner „großen Leidenschaft“ zu kurtren, in Wahrheit aber wihl deshalb,
1838 2187 3140 2232 weil ihn auch das ehebrecherische Verhältniß langweilt. Im ersten Akti
1828 2202 3124 2272 wird uns nun ein gemüthliches Beisammensein von vier Personen auf
1833 2256 3119 2304 der „Bude“ des Herrn Fritz Lobheimer mit aller Kunst einer virtnosen
1836 2293 3124 2328 Kleinmalerei geschildert. Fritz Lobheimer empfängt seine Christine, und
1833 2332 3115 2376 Theodor Kaiser, wohl auch ein Student in höheren Semestern, hat seine
1838 2363 3129 2408 kleine Freundin Mizi Schlager mitgebracht. Die beiden Letzten sind lockere
1837 2409 3122 2466 Vögel mit gleichem Gefieder, zur ernsthaften Liebe nicht geschaffen, sondern
1841 2444 3115 2496 nur zur leichtfertigen Liebelei. Christine dagegen zeigt sich bereits hier
1841 2486 3122 2545 von einer andern Seite, aber wie gesagt nicht in dem Maße, daß man ihr
1846 2524 3118 2576 späteres Benehmen vollständig begreift. Den höchst vergnügten Abend des
1842 2560 3106 2611 Doppelpärchens stört plötzlich der betrogene Ehegatte, der erfahren hak,
1845 2601 3120 2645 daß seine Frau ihn mit Fritz Lobheimer betrügt. Es wird ein Duell
1835 2641 3114 2687 verabredet, und der Störenfried empfiehlt sich wieder. Die Mädchen,
1828 2690 3116 2745 die in ein Nebenzimmer gebracht worden sind, sollen natürlich Nichts
1841 2720 3114 2768 von dem Zweikampf wissen, und so wird nach dem Verschwinden
1832 2758 3126 2811 des Rächers seiner Ehre flott weiler gegessen, gesungen, getanzt!
1829 2797 3117 2835 und gepfissen. Endlich empfiehlt sich die lustige Gesellschaft, Fritz Leb¬
1834 2838 3124 2878 heimer bleibt in düsterem Brüten allein, während sein Freund, draußen:
1833 2879 3117 2941 einen Gassenhauer pfeifend, die beiden „Mädels“ nach Hause begleitet.
1829 2903 2289 2967 Der Vorhang fällt
2287 2913 2470 2966 sodann.
2508 2913 3117 2979 Die beiden folgenden Akte
1833 2957 3104 3006 sind allein der Charakter=Entwickelung Christinen's gewidmet.
1827 2988 3106 3046 Fritz Lobheimer fällt im Duell, nachdem er seiner Christine, die er erst
1838 3038 3104 3088 jetzt schätzen gelernt, einen letzten Besuch abgestatiet hat. Christine er¬
1838 3069 3111 3117 räth und erfährt, weshalb ihr Geliebter sein Leben verloren hat, und
1840 3107 3122 3165 sieht mit Schandern, an wen sie sich weggeworfen hat. Sie verläßt das
1828 3140 3120 3219 Vaterhaus, um nicht wiederzukehren. Man neigt zu dem Glauben, daß
1830 3182 2210 3242 sie sich tödten wird.
1884 3205 3119 3279 Aus dem kleinen Liebesgeplänkel des ersten Aktes entwickelt sich also
1823 3267 3108 3322 unversehens eine blutige und große Lebensschlacht; wenigstens will uns
1831 3298 3105 3356 der Antor zu dem Glauben bringen, daß mit den Truppen, die er auf
1835 3341 3111 3399 die Bühne bringt, eine solche geschlagen werden kann und geschlagen
1831 3379 3116 3432 wird. Es würde hier zu weit führen, wenn wir untersuchen wollten, ob
1825 3410 3104 3471 dies überhaupt möglich ist. Jedenfalls hatte auch die Zuhörerschaft das
1830 3445 3117 3528 Gefühl, daß hier nicht Alles mit rechten Dingen zugehe, und so verhielt
1831 3500 2617 3552 sie sich dem Stücke gegenüber ziemlich kühl.
1891 3523 3107 3575 Desto mehr aber feierte das völlig ausverkaufte Haus seinen Lieb¬
1827 3573 3106 3617 ling, Frl. Lotte Witt, welche die Rolle der Christine mit dem ganzen
1825 3620 3104 3667 Aufgebot ihrer reichen darstellerischen Mittel durchführte. — Ebenso
1823 3653 3102 3708 boten die meisten übrigen Mitwirkenden ihr Bestes. Frl. Engl war
1829 3692 3102 3740 eine ganz ausgezeichnete Mizi Schlager und die Herren Vozenhard
1822 3717 3114 3790 und Nhil schufen aus den alten Wiener Studenten sehr wirksame
1828 3770 3106 3823 Charaktersiguren. Weniger befriedigte Frl. Stengel, die leicht in Ueber¬
1809 3802 3108 3862 Sreibungen verfällt und Herr Flashar, der den alten Weiring namentlich
1827 3850 3117 3892 im letzten Akt wohl zu sentimental darstellte. Herr Pander hatte
1830 3883 2645 3949 die Novilät mit gewohnter Umsicht inscenirt.
2904 3885 3089 3962 O
