3436 4256
313 151 724 230 Liebelei
856 147 1289 241 box 13/3
293 213 736 269 aunientenen en etennenterenenene
676 733 1052 850 SSERWR
909 831 1172 923 16 u. 1
867 893 1064 990 0-da
587 932 895 1104 gersiet, Sie
300 1139 1289 1241 (3 und 6) Schnitzler=Abend im Theater in der —
292 1209 1205 1304 Josefstadt. [3] „Der tapfere Cassian“: Hans
295 1245 1206 1347 Thimig. [6] „Liebelei“: Hugo Thimig, Rosar.
462 2315 662 2421 134
493 2389 562 2437 S
262 2351 449 2461 e
706 2719 752 2783 25
699 2810 769 2856 S
884 3257 972 3330 0
626 3289 1099 3386 Pere ahe en enense
1083 3330 1153 3380 2
1067 3353 1224 3426 u
1307 3354 1392 3442 (6
850 3385 1003 3442 SE
1298 1658 1366 1761 4
2516 444 2787 516 Nr. 14.101
1616 443 2039 527 21. Februar 1933
1793 539 2662 675 Theater und Kunst.
1613 783 2855 904 Paaia Wesseih als Cheisiine
2476 873 2851 935 „Der tapfere
1604 881 2409 954 [Artur Schnitzlers „Liebelei“.
1613 928 2841 1029 Cassian“ im Theater in der Josefstadt. Regie:
2037 981 2419 1069 Paul Kalbeck.
2178 1038 2288 1121 Von
1985 1110 2476 1187 Alfred Grünwald.
1719 1169 2855 1229 Die Jugend eines Dichters singt da das herbe Lied vom
1633 1206 2843 1293 süßen Mädel. Ein Mollwalzer von wienerischer Verträumtheit
1633 1282 2845 1350 klingt auf, aus einer Zeit, da die Herzen der Musikanten¬
1633 1317 2852 1378 töchter und Modistenmädel noch im Dreivierteltakt für gelbe
1633 1356 2859 1427 Dragoneroffiziere schlugen: da jedes Mädel vom Ballett
1637 1405 2855 1484 zumindest einen aktiven Grafen und einen Leutnant in der
1637 1461 2847 1516 Reserve hatte; da es noch die soziale Geborgenheit von Fix¬
1637 1505 2867 1569 angestellten gab und im Orchester des Josefstädter Theaters einen
1641 1571 2845 1632 Violinspieler Weyring mit seiner einzigen Tochter Christine...
1645 1607 2868 1681 Es duften die Fliedersträuche auf dem äußeren Burgplatz;
1638 1657 2859 1711 auf goldgeränderten Gummirädern rollen lautlos lackglänzende
1641 1701 2861 1771 Hofequipagen; die junge, kurze Pracht der rosarot blühenden
1640 1746 2873 1815 Kastanien umsäumt die Hofmuseen; in der Seufzerallee des
1643 1788 2875 1878 Volksgartens promeniert Leutnant Gustl mit seinem G’spusi;
1646 1836 2870 1912 und alle Mäderln heißen Mitzi und im Musikpavillon spielt
1650 1882 2862 1969 die Militärkapelle des k. und k. Infanterieregiments Groß¬
1635 1941 2866 2013 herzog von Hessen eine Phantasie aus „Aida“. Im Café
1633 1979 2877 2077 Griensteidel aber sitzt das junge, literarische Oesterreich. Aus
1634 2033 2855 2099 der Perspektive dieser Zeit gesehen, ist Schnitzlers „Liebelei“
1639 2081 2873 2171 ein Meisterwerk. Und heute? Wenn auch ein bißchen Staub
1640 2128 2874 2211 drauf liegt, so ist es doch der Blütenstaub der Poesie, jene
1639 2171 2885 2245 köstliche Verstaubtheit eines geliebten Zimmers, in dem man
1651 2223 2877 2303 lange nicht gewesen. Was nicht sterblich an diesem Drama,
1654 2274 2876 2348 das ist die wundervolle Cellomelodie der Liebe Christinens,
1648 2323 2885 2402 dieses urewige Lied vom Leid eines Mädchenherzens, diese
1654 2359 2880 2455 „Sah ein Knab' ein Röslein steh'n“=Weise, wie sie das Leben
1650 2433 2882 2498 und seine Dichter immer wieder singen werden. Cheistine, das
1662 2466 2879 2557 süß. Mädel: sie wurde zum Typus, wie Nora, wie Lulu, wie
1672 2515 2887 2589 Gretchen: vom Leben geschaffen, vom Dichter gestaltet. Was
1668 2565 2882 2636 Schnitzlers Werk den Wert des Bleibenden gibt, ist auch noch
1655 2611 2884 2683 der Einbruck der wundervollen Wirklichkeit, des tatsächlich
1665 2674 2877 2736 Erlebten, die Wucht und Zmangsläufigkeit des Geschehens und
1675 2717 2894 2790 die wunderbare Lebensechtheit der Sprache. Ein anmutiger,
1673 2759 2888 2833 graziöser, ein wienerischer Naturalismus redet da, wie ihm
1657 2809 2889 2881 der Schnabel an der Donau gewachsen ist. Einmal nur wind
1672 2853 2904 2917 es pathetisch: wenn Fritz sich gegen die Dauerhaftigkeit der
1676 2900 2894 2976 Liebe Christinens wehrt: „Sprich nicht von Ewigkeit!“ Und
1675 2944 2896 3028 da steht auch ein spachlich seltsam verzeichnetes Bild: „Es
1663 3015 2898 3097 gibt ja vielleicht Augenblicke, die einen Duft von Ewigkeit
1677 3058 2032 3135 um sich sprühen!“
1762 3103 2893 3176 Daß die Schauspieler im Theater in der Josefstadt —
1675 3144 2895 3245 manchmal, leider nicht sehr oft, von Max Reinhardt geführt —
1681 3204 2900 3282 sich jetzt auf Artur Schnitzler besinnen, ist wohl der heimgekehrten
1677 3248 2903 3322 Paula Wessely zu danken, in der man eine ideale Christine zu
1689 3294 2906 3373 finden glaubte. Sie ist es. Sie ist zwar mehr herbes als süßes
1676 3341 2910 3421 Mädel, aber von jener köstlich süßen Herbheit oder zärtlich
1676 3396 2905 3458 herben Süße, wie wir sie einzig richtig finden für die Darstellung
1686 3437 2909 3523 dieses wienerischen Gretchens. Selten mag sich dichterisches
1676 3484 2917 3568 Wollen und schauspielerisches Erfüllen so absolut decken. Ich
1692 3529 2901 3610 kann mir nicht denken, daß die leibhaftige Christine, wie
1680 3593 2904 3678 Schnitzler sie porträtiert oder intuitiv ersonnen hat, eine bessere,
1688 3626 2905 3724 richtigere Verkörperung finden könnte als in Paula Wessely.
1685 3677 2910 3754 Diese junge Tragödin ist über alles Süßliche und Süße hinaus¬
1689 3724 2908 3821 gewachsen und darum ist es ganz natürlich, daß sie erst in der
1681 3768 2914 3875 Katastrophe ihre volle Größe erreicht, daß sich erst dort alle
1693 3817 2911 3897 Kräfte dieses Urtalents freispielen. Da erst ist auch das Drama
1686 3861 2915 3960 zeitlos, und da werden Rolle und Darstellerin zu einer wunder¬
1699 3909 2912 3997 bar untrennbaren Einheit; da ist die Leistung von einer Selbst¬
1697 3963 2917 4036 verständlichkeit, die keinen Wunsch mehr offen läßt. Unsere
1686 4009 2917 4100 Generation hat den berühmten Wolter=Schrei nicht mehr ver¬
1697 4061 2929 4127 nommen. Wir stellen uns vor, daß der kleinen Wessely da etwas
