3484 4256
-17 2563 59 2672 4
380 131 739 215 iebelei
871 133 1325 245 box 13/8
319 158 748 264 RESCAAI
194 712 3016 798 geworben und keinen übermorgen verweht und versunken sein kann? Gewiß, Gesandten in Fez seinen Besuch angekündigt hat. Aus
200 789 1838 863 kutschland jenseits des es ist eine Wendung, die sich schon vor einem Monat in
1833 797 3008 867 alledem erklärt sich die entschiedene Abneigung der Fran¬
205 822 707 887 bergehen lassen. Noch d
716 839 1623 919 er denkwürdigen Marokko=Debatte des
1655 841 3010 904 Palais zosen gegen einen ernsten Konflikt mit Deutschland, aber
207 886 3008 951 esmaligen Mittelmeer= Bourbon angekundigt hat, als Delcassé wie ein auch die fast einer gern erteilten Zustimmung gleich¬
667 993 2997 1065 tägigen Nachmittagsvorstellung. Dies war einer meiner als Selbstverständlichkeiten aufzwingt, plötzlich schmerzlos
665 1028 1630 1116 plötzlichen, großen, unkontrollierbaren Einfälle.
1827 1041 3005 1114 von uns abfallen, und erstaunt lächelnd schlafen wir selig
213 1011 667 1123 nde“: „Ueber¬
1837 1089 3004 1165 in Betten ein, denen wir daheim kaum unseren
736 1087 1837 1170 Als ich soweit gelangt war, mir zu sagen: diesen
197 1101 658 1188 hen Chirurgen¬
1841 1135 3002 1208 Stiefelwichser anvertrauten. Nun, wohl, man braucht, um
657 1110 1842 1214 Nachmittag verbringst du seit unvordenklichen Zeiten
229 1165 660 1263 Fahrt der bri¬
1829 1179 3003 1242 wieder genügsam und damit glücklich zu werden,
661 1187 1839 1257 wieder einmal bei einer Theateraufführung, kam ein selt¬
1835 1234 3009 1287 nicht immer zu den Schutzhütten der Dolomiten zu
662 1235 1844 1310 sames, ruhiges, fast lindliches Glücksgefühl über mich. Ich
205 1221 670 1330 ostok.“ Seite 19
1828 1276 2998 1322 wandern ab und zu dient diesem Zwecke schon eine Rück¬
669 1284 1819 1341 kleidete mich äußerst sorgfältig und würdig, wie es sich
1830 1312 3008 1386 reise in die eigene Jugend. Retournous dla jeunesse! Lösen
673 1327 1830 1399 für so seltenen Anlaß wohl schicken mag, ließ auch das
1828 1363 3010 1444 wir, meine Lieben, ein Retourbillett zu jenen Tagen,
664 1375 1835 1445 Schnupftuch ein wenig aus der oberen Tasche meines
148 1374 661 1479 mans „Fremoes
1831 1412 3009 1484 da uns die Krone auf dem Haupte Lears noch nicht ein
656 1415 1830 1491 Rockes gucken und machte mich eine halbe Stunde vor
1836 1461 3014 1537 Reisen von beklebter Pappe war, da unsere Eltern uns
186 1446 427 1523 Seite 17.
668 1466 1839 1537 Beginn der Aufführung, festlichen Gemütes auf den Weg.
1842 1505 3016 1576 noch mit zärtlicher Gewalt davon abhalten mußten,
661 1521 1838 1581 Ich war entschlossen, in allen Punkten genau so zu ver¬
1839 1557 3021 1632 Luisen einen Warnungsruf auf die Böhne zu senden,
669 1564 1832 1620 fahren wie ein gewiegter und gewohnheitsmäßiger Be¬
193 1564 300 1654 h.
1833 1583 2935 1677 wenn sie ihre blasse Limonade zu den Lippen führte.
664 1608 1842 1664 sucher von Nachmittagsvorstellungen. D.zu gehörte somit
674 1661 1841 1720 auch, wenigstens zwanzig Minuten vor Beginn bereits an
1905 1646 3020 1729 Das Theater, vor dem ich anlangte, dessen Treppen
197 1660 393 1761 lung.
666 1705 1840 1774 Ort und Stelle zu sein. Und nur in einer Beziehung
1833 1690 3015 1782 ich nun hinanstieg, is. ein schönes, festlich heiteres Haus,
202 1737 659 1800 seit einigen Monaten
663 1745 1834 1821 wollte ich mich unterscheiden von meinen Schwestern und
1833 1756 3015 1837 und wenn nicht die Vorstellungen auf der Bühne wären,
223 1784 669 1857 für „blasiert“. Das
659 1799 1837 1870 Brüdern: Durch die Unkenntnis dessen, was man an
1838 1802 3006 1875 könnte man es für ein gutes Theater erklären. Es waren
203 1840 660 1906 Wien. Man steigt früh
658 1846 1846 1923 diesem Sonntag“ auf dem Theater zu spielen gedachte.
1836 1856 3007 1932 noch siebzehn Minuten bis zum Beginn der Vorstellung,
210 1881 663 1948 ist, ehe man noch die
663 1902 1837 1964 Mein Gott, es sollte eine Ueberraschung werden, und auf
1833 1907 3008 1967 daher gab es nur wenig leere Plätze mehr. Auch die
203 1919 663 2002 ttes recht bis zu Ende
655 1932 1732 2014 alle Fälle, dies nahm ich mir vor, ein mngenehme.
1831 1951 3016 2010 Plätze zu meinen Seiten waren bereits besetzt. Links von
205 1977 662 2043 blauen Donau, ver¬
1827 1999 3005 2066 mir saßen zwei ältere Damen mit reichlich pomadisiertem,
724 1981 1836 2068 Während ich rüstig ausschritt, klopfte mir das Herz
196 2016 657 2089 nd kann das Abend¬
1833 2042 3018 2111 in der Mitte glattgescheiteltem Haare, die Hände friedlich
662 2037 1833 2105 vor Erwartung und Neugier. Wie wenig reicht aus, uns
196 2071 656 2152 ehmen. Ist man noch
1838 2084 3016 2144 über dem Schoß gekreuzt, sichtbar befriedigt davon, die
651 2078 1836 2154 in Spannung zu versetzen! Ich war sicher, daß die
208 2128 666 2189 Besuch wohl in der
1836 2139 3000 2205 Tätigkeit des Strickens für eine Weile mit höheren Ge¬
653 2128 1841 2210 Handlung des mir bevorstehenden Stückes mich
196 2160 666 2240 an sieht ein Theater,
1838 2178 3005 2244 nüssen vertauscht zu haben. Zu meiner Rechten saß ein
664 2175 1838 2246 nicht entfernt so interessieren würde, als die Frage,
201 2214 661 2288 u und — gelangt auf
659 2229 1840 2299 welches Stück denn überhaupt mich interessieren
1835 2227 3019 2310 hübscher Junge, der noch stark nach „Waschen“ roch und
207 2264 664 2329 den Ruf, blasiert zu
663 2267 1837 2335 solle. Wahrhaftig, ich verspürte eine prickelnde, freudige
1839 2279 3013 2347 von zwei zu zwei Sekunden mit Treffsicherheit mein
207 2289 1841 2399 vor etlicher Zeit von Unruhe. Ich dachte nach und suchte zu zergliedern, was
1827 2324 3009 2391 rechtes Schienbein durch seinen Stiefel liebkoste. Ich sah
199 2361 1837 2451 slauf über sämtliche das eigentlich wäre, worauf ich mich jetzt freuen könnte.
1833 2366 3007 2441 ihm das gerne nach. Der gute Junge fieberte in einer
206 2409 1837 2493 lich auch beim hiesigen Das Ergebnis dieser Untersuchung, so beschämend
1828 2407 3013 2500 namenlosen Erregung, und wenn ich sage, daß er neben
215 2455 1836 2529 Männer hier sogleich es klingen mag, war, daß ich mich einfach auf die
1836 2469 3003 2526 mir „suß, so muß dieser Ausdruck mit verständiger
225 2505 675 2568 aus dem man mit
659 2508 1837 2577 Theatervorstellung freute. O, ihr müden, stillächelnden
1829 2506 3007 2577 Nachsich; aufgenommen werden. Ueberhaupt schwirrte ein
197 2526 674 2617 ssie den Walzer dieser
656 2545 1837 2618 Greise, ihr Jünglinge mit den blassen, verächtlich aufge¬
1832 2557 3006 2635 Schwanen, Raunen und Rauschen durch den Saal, daß
191 2600 1826 2669 nnen, und durch solche worfenen Lippen, ihr Gelangweilten alle, die ihr
1838 2610 2998 2674 ich mich für ein Weilchen versucht fühlte, an das Bevor¬
200 2646 1834 2708 ung geschieht es, daß von der Brüstung eurer Loge mit Mienen herabsehet, als
1844 2656 3004 2712 stehen einer sensationellen Première zu glauben. Du
208 2695 1835 2766 Stärke gewinnt. Ich wäre die Bühne des Theaters selbst ein vor Langweile
1835 2696 3013 2773 lieber Gott, ich vergaß, daß draußen die Sonne hell
200 2743 671 2806 s ähnlichen Rufes in
658 2741 1835 2811 gähnender Mund — hört und stannet: ich freute
1842 2751 3002 2810 übers Pflaster schien. Nachmittagspremière! Das wäre ja
196 2785 1841 2846 bestehen, dann bin ich mich in der Erwartung der sonntägigen Nachmittags¬
1830 2799 3008 2872 gegen meine friedlichen Erwartungen gewesen. Und rasch
198 2834 1832 2899 savouieren zu können, vorstellung auf einem Provinztheater. Es gibt eine
1831 2851 3009 2904 ertappte ich mich auf der Neugier, einen Blick in den
184 2879 1829 2953 chmittag im hiesigen Erziehung zur Einfachheit, zum Frohsinn und C ügen
1830 2891 3001 2963 Theaterzettel zu werfen, den meine pomadisierte Nachbarin
187 2928 1832 3000 ich saß inmitten von langverblichener Zeiten, die in einer simpeln Selbstsugge¬
1821 2939 3007 3011 über ihrem Schoß ausgebreitet hatte. Aber ich besann mich
185 2977 3007 3061 warenkommis, höheren stion besteht. Zuweilen erleben wir es auf Reisen, wie noch zu rechter Zeit. Mir fiel jetzt ein, wie hastig, wie
191 3029 3006 3111 tüngst bei einer sonn= jene Bedürfnisse, die eine überseinerte Kultur uns unverständig, fost michte man sagen wie „geschäftlich“ wir
