3436 4192
329 115 715 191 Liebelei
156 110 741 233 5. SuSnL
1940 29 2945 106 shesenen e den rete e e en enseheheshen
1805 71 1860 133 1
1855 93 2960 145 sagendem auch nichts zu sagen vermag, und von einigen
1850 137 2954 193 bleigewichtigen Deklamationsstellen, hat Neumann es zu¬
795 121 1308 229 box 12/4
1861 166 2965 238 wege gebracht, ganz Erstaunliches zu erreichen. Seine drama¬
1858 220 2968 287 tische Schulung und ein warmes Empfinden, das der Wiener
1854 270 2963 332 Odem ihm eingeflößt haben dürfte, befähigen ihn, allen
1857 313 2958 370 Charakteren und allen Situationen die entsprechende tönende
1852 344 2962 411 Illustration zu verleihen, wozu er den ganzen modernen
1850 400 2968 447 Orchesterapparat verwendet und auch glänzend beherrscht.
1855 442 2979 497 Vorzüglich gelungen ist ihm die musikalische Umkleidung
1855 488 2982 543 der sanften, liebevollen Christine, deren Freude, deren bange
1859 530 2977 591 Zweifel und deren wilden Schmerz er in Tönen überzeugend
1868 572 2980 631 jubeln, zagen und klagen läßt. Weniger geglückt ist ihm die
1860 613 2965 676 Schlager Mizzi. Wohl hat er ihr ein schnippisches Gesangs¬
1852 648 2975 727 geplander gegeben und ihr einige operettenhaft flatternde
1855 707 2970 766 Motivmäntelchen umgehängt, aber das ist zu wenig. Es
1862 740 2971 810 fehlt das bezwingend Anmutige, das in diesem süßen Mädel
1856 781 2982 859 wohnt. Hier hätte musikalischer Liebreiz aufleuchten sollen
1850 820 2982 901 und — die ganze Figur schreit ja nach einem Liede — ein
1850 874 2979 945 echter Wiener Walzer aus dem Munde der Kleinen hätte
955 884 1457 977 Eschenchgisr onne Gewalf.!
1850 918 2982 1000 brillant gewirkt. Musette in der „Boheme“ wärc ein Vorbild
1854 969 2983 1027 gewesen. Neumann schlägt bei der Souperszene (erster Akt)
723 952 1695 1052 sschnitt aus: Deutsches Volksblatt
1867 1015 2977 1067 einen flotten Walzer mit rhythmischem Schwunge an, läßt
1322 1030 1498 1130 Wien
1865 1056 2975 1122 ihn aber dann leider in Tonklügeleien versanden. Das wiene¬
884 1049 1187 1143 150h 11973
733 1070 837 1138 u:
1873 1098 2977 1154 rische Lokalkolorit bestreiten noch das Zitat des Doppel¬
729 1119 896 1206 S
1259 1124 1425 1206 —
1867 1145 2982 1204 adler=Marsches (J. F. Wagner) und eine sehr hübsche,
1854 1180 2988 1255 melodische Stelle in Strauß=Terzen vor Beginn des zweiten
1852 1227 2984 1298 Aktes. Bald verschwindet sie jedoch wieder und gleichsam,
764 1182 1841 1309 Theater, Kunst und Literatur.
1866 1256 2989 1328 um sich für diese „Trivialität“ zu entschuldigen, baut der
1872 1313 2971 1393 Komponist eine große Fuge auf, deren sorgfältige Durch¬
1144 1298 1458 1397 „Liebelei.“
1867 1361 2530 1435 fihrung sehr anerkennenswert ist.
766 1368 1870 1459 Oper in drei Akten, nach dem gleichnamigem Schauspiele von
1940 1388 2986 1482 An der Charakteristik der Männerfiguren ist nichts
802 1434 1828 1484 Artur GMusik von Franz Neumann.
1863 1445 2987 1509 auszusetzen. Kraftvoll ist der „Herr“ gezeichnet und mit
752 1460 1859 1552 Zum erstenmal in der Vollsoper aufgeführt am 14. Ok¬
1853 1499 2982 1562 dramatischer Wucht schildert Neumann sein Auftreten und
1196 1507 1448 1587 tober 1913.
1856 1538 2982 1618 seine Anklage gegen Fritz. Die Wucht nimmt nur wieder,
844 1545 1862 1624 Seit Richard Strauß die „Salome“ von Oskar
1866 1593 2978 1652 wie heute in Tonwerken üblich, riesige Dimensionen an, und
758 1613 1870 1660 Wilde nahm, wie sie war, das heißt das Prosadrama ohne
1857 1635 2975 1703 wenn der „Herr“ sagt: „Sie hat den Schleier vergessen“,
762 1653 1863 1704 Versifizierung vertonte und seit er, wie erzählt wird, gesagt
1876 1677 2644 1749 tritt „das Erdbeben von Messina ein.
764 1692 1868 1756 het, er könne eine ganze Inseratenseite einer Zeitung
1946 1697 2981 1778 Zu den hervorragendsten Stellen des Werkes ist die
752 1743 1875 1805 serunterkomponieren, hat die Neuerung der Prosa¬
1871 1752 2975 1830 Sehnsuchtsschilderung der Christine nach Fritz, der Kuß¬
758 1783 1876 1850 komposition befruchtend auf die moderne Tondichterschaft
754 1817 2979 1894 eingewirkt. Ein herkömmliches Opernbuch ist ihrer Ansicht moment, die Szene der Liebenden „So mit dir allein“ und
754 1858 2981 1913 nach nicht mehr nötig. Rasch ein Schauspiel ergriffen ### es das Oeffnen der Briefkassette durch Christine zu zählen.
751 1892 2987 1975 sofort in Musik setzen, ist das neueste Feldgeschrei und Ueberall blüht da melodischer Zauber im Orchester auf, der
752 1944 2988 2004 wenn nun einer mit der komponierten „Liebelei“ von sich wonnig zu Gehör schmeichelt, insbesondere in der Brief¬
764 1976 2989 2042 Schnitzler gekommen ist, können wir voraussichtlich an= kassetteszene. Ein symphonisches Vorspiel zum dritten Akte,
1871 2016 2995 2091 welches das Duell und den Tod des Frei behandelt und einen
750 2050 1877 2105 nehmen, daß nächstens ein anderer die vertonten „Ge¬
1878 2072 2999 2150 Trauermarsch (Esmoll) aufklingen läßt, ist in seiner
760 2089 1881 2164 spenster“ von Ibsen oder das musikalisch illustrierte
1866 2121 2727 2176 prächtigen Steigerung von großer Wirkung.
760 2138 1685 2196 „Frühlingserwachen“ von Wedelicd daherbringt.
1940 2146 2992 2228 Das interessante. Werk Neumanns hat in der Volksover
844 2187 1868 2247 Der Komponist der „Liebelei“, Franz Neumann,
1872 2200 2993 2266 nicht nur eine liebevolle Inszenierung, sondern auch eine
754 2222 1874 2292 ist eine interessante Persönlichkeit, deren Werdegang durch
1872 2250 2998 2315 von sorgfältigem Studium Zeugnis gebende vortreffliche
751 2261 1869 2318 besondere Originalität überrascht. Neumann lernte, bevor
1870 2284 2988 2356 Aufführung gefunden. Kapellmeister Tittel als
757 2312 1867 2370 er am Wiener und später am Leipziger Konservatorium
1883 2322 3001 2395 musikalischer Führer und Overregisseur Markowsky als
764 2357 1871 2410 die Lehren der edien Tonkunst in sich aufnahm, das ehr¬
1880 2388 3001 2454 feinfühlig arbeitender Mann der Szene haben sich beide
767 2389 1880 2455 und nährsame Gewerbe der — Selcherei. Von seinem Voter,
1879 2427 2991 2480 ausgezeichnet und verdienen volle Anerkennung. Ihrer
763 2439 1875 2488 einem Wursterzeuger in Prerau, war er nach Wien zum
767 2478 3000 2540 Weißhappel gebracht worden, um dort in die Geheimnisse] Leitung ordneten sich die Darsteller unter und bewältigten.
1872 2510 3006 2579 ihre schwierigen, an heiklen Einsätzen überreichen Aufgaben,
767 2539 1880 2597 der Würstelfabrikation einzudringen. Während er aber
1884 2563 2985 2621 mit künstlexischem Empfinden. Fräulein Engel war eine
759 2570 1863 2630 manuell an der Entstehung diverser selcherischer Produkte
1889 2596 2993 2660 mustergültige Christine. Man hätte gar nicht geglaubt, daß
756 2623 1877 2673 tätig war, schwebte sein Geist in anderen Regionen, wo
1875 2644 2993 2705 diese glutsprühende Carmen oder Nedda so weic so rührend
765 2667 1867 2719 Polzhymnia ihr göttliches Herrscheramt ausübt. Mit eisernem
764 2701 2991 2748 Fkeiße bildete sich der begeisterte Musikfreund zum selbst= werden könnte. Selbstverständlich bot die Künstlerin auch
763 2740 2991 2808 schaffenden Musi#er hergn. Als seine Lehrzeit und sein ein= gesanglich Tadelloses. Fräulein Rveder als Schlager
799 2771 2993 2854 riger Militärdienst herum waren, ließ er die Wurst= Mizzi — gewiß sehr lobenswert für ihre Leistung — ist nicht
1883 2824 3004 2882 die richtige Vertreterin dieser Partie, denn inre vornehme
793 2832 1875 2896 Fritze endgültig zurück und studierte mit Feuereifer an den
1870 2855 2994 2934 frauenhafte Erscheinung nimmt der Fiaur die Cyarakteristik
774 2879 1884 2941 LeidenIschon genannten Konservatorien. Bald stand Neu¬
767 2909 3000 2983 Faun an der Spitze eines Theaterorchesters und nach einigen des süßen Mädels. Da gehört eine kleine, zierliche Soubrette
760 2963 2993 3019 Wanderjahren landete er in Frankfurt am Main, wo er mit einem Schelmengesichterl her. Herr Lußmann schenkte
764 2992 3000 3072 noch heute als Opernkapellmeister erfolgreich wirkt. Früh= dem Fritz seinen nun klangvollen Tenor und bewährte sich
768 3041 3001 3104 zeitig hatte er sich schon der Komposition zugewendet. Wurden im zweiten Akte nach Vorschrift des Kompönisten als geübter
1880 3089 3004 3151 und sicherer Hochtourist des Gesanges. Herr Brand war
769 3101 1876 3156 doch schon in Wien von Militärkapellen Tänze aufgeführt,
1889 3133 2996 3192 ein eleganier, stimmlich und darstellerisch frischer Theodor,
769 3147 1876 3185 während ihr Schöpfer — Würstel in die Geschäfte aus¬
1884 3174 3008 3246 Herr Klein ein wie das Verhängnis düster wirkender.
773 3178 1872 3249 stragen mußte. Zwei Opern, „Peri“ und „Brautwerbung“
1882 3229 3000 3298 „Herr“, Herr Bandl'er ein gemütvoller Weiring und
775 3213 1879 3291 entstanden vor der „Liebelei“ und sanden an mehreren
1874 3272 2917 3334 Fräulein Macha eine zungengewandte Frau Binder.
778 3277 1885 3324 Bühnen freundlichen Erfolg. Das Schauspiel Schnitzlers regte
1955 3307 2994 3364 Das Werk errang einen vollen Erfotg, der von Akt
759 3316 1880 3381 —enmann mächtig an und nach langen Bemühungen ge¬
1886 3361 2981 3417 zu Akt zunahm. Sämtliche Darsteller, der anwefende Kom¬
775 3368 1877 3419 lang es ihm, vom Dichter die Erlaubnis zur Vertonung
1884 3389 3002 3463 ponist, der Dichter, der Dirigentund der Regisseur, wurden
764 3407 1881 3460 des Stückes zu erhalten. Wie Schnitzler an der Möglichkeit
1889 3438 3002 3499 mit rauschendem Beifalle ausgezeichnet. Es gab auch
775 3449 1887 3510 zweifelte, daß die Prosadichtung komponiert werden könne,
1889 3491 2999 3542 Blumen für die Damen Engel und Röder und Lorbeerkränze
773 3492 1875 3556 so zweifelten auch viele andere daran, bis alle durch das
1876 3522 3005 3588 für den Komponisten. Dieser lohnte das Orchester, das
777 3528 1696 3605 Werk selkst den Beweis des Gelingens erhielten.
1889 3568 3010 3634 eine brillante Leistung bot, dadurch, daß er einen der Kränze
859 3555 1875 3647 Neumann hat mit der „Liebelei“ nicht nur eine be¬¬
1887 3616 3010 3686 von der Bühne herab den Musikern zuwars. Das Haus war
766 3603 1876 3688 deutende Talentprobe gegeben, sondern auch ein Kunststück
1885 3665 2995 3724 ausverkauft und von vornehmen Publikum besetzt:
770 3671 1874 3727 an Routine geliefert. Als Richard Strauß die „Salome“
1880 3707 2996 3768 man sah daxumer viele Vertreter der Kunstweit. In der
777 3701 1878 3769 schrieb, stand ihm die blumenreiche Prosa Wildes unter¬
1888 3737 2992 3806 Hofloagste Erzherzog Eugen der Vorstellung bis .
782 3762 1881 3812 stützend zur Seite, Neumann aber hatte nur ein Kon¬
770 3791 1888 3855 versationsschauspiel vor sich, in dem ein rascher Plauderton
1882 3786 2145 3877 Schlüsse bei.
773 3838 1894 3905 rorherrscht, wo es spröde Textworte, wie auch alltägliche
774 3882 1898 3937 Redensarten genug gibt. Ueber diese Klippen konnte nur
779 3921 1903 3993 ein außerordentlicher Rontineur hinwegkommen, und diese
783 3974 1904 4054 ist Neumann. Er versteht es, im Orchester sprudelnd zi
1748 4019 1883 4083 —
