3484 4256
320 153 739 223 Liebelei
859 144 1326 234 box 12/8
304 189 753 270 ne in. un dd D iun a 1.
451 780 766 978 7
927 955 982 1006 1
481 950 1379 1045 SRöstras anuraente Tdlruses-Anssenuur-abno
476 1003 1380 1110 BERLIN SO 16. RUNGESTRASSE 22-24
574 1166 1293 1288 Deutsche Zeitung
615 1248 1255 1343 das führende ( Natiönale olatt
476 1317 1086 1420 Ausschnitt aus der Hummer vom:
878 1390 1239 1476 7 0K7. 1922
1600 1485 2814 1571 neugiervoll betrachten wir diese müden Menschen ohne Gefühl,
1609 1556 2805 1610 ohne Seele, diese von Selbstverhätschelung Angekränkelten und
415 1503 1569 1643 Käthe Dorsch weint und lacht.
1603 1589 2805 1649 Verdorbenen, die das Leben so stolz zu meistern wähnen, wäh¬
1609 1629 2813 1683 rend das Leben sie wegwirft, beiseite stößt und zerbricht.
433 1634 1551 1712 Schnitzlers „Liebelei" und Hartlebens
1611 1673 2804 1737 Wir können um diesen Zusammenbruch es unmöglich schade
881 1685 1098 1772 „Lore.“
1608 1728 2806 1773 finden, weil nichts an ihnen war, was das Erhalten verdiente.
1602 1763 2809 1833 Der trauerumflorte letzte Akt mit dem Blick auf ein eben ver¬
670 1751 1301 1840 Deutsches Künstlertheater.
1598 1803 2805 1852 schüttetes Grab und ein anderes vernichtetes, kaum reises
447 1812 1597 1890 Es ist bezeichnend für den Mangel an echtem Können, an
1592 1849 2806 1903 Menschenleben dünkt uns allenfalls rührsam, keineswegs aber
384 1857 1586 1919 Frucht wirkenden, wahrhaft schöpferischen Fähigkeiten der vor¬
1602 1889 2804 1950 vermag er uns als Tragik oder als Schicksal irgendwie näher
385 1911 1592 1974 vergangenen Generation, daß die Werke der im Läufe des
1606 1937 2802 2011 anzugehen und zu ergreifen. Das alles erhebt uns nicht, und
375 1951 1588 2014 Jahres laut geseierten Sechzigjährigen, ihrer einst führend ge¬
1609 1975 2342 2053 wir sind froh, als es endlich vorüber.
383 2000 1587 2046 wesenen Vertreter, die vor rund einem Menschenalter das
1667 2025 2791 2101 Auch die von Emil Lind in Feinhelt zusammengestlmmte
385 2043 1590 2105 Bühnendramagund sogar die Literaturgeschichte beherrschten, für
377 2092 1587 2158 unser heutiges IEmpfinden überwiegend bereits — eine dicke
1599 2077 2801 2154 Aufführung kann den Versuch der Wiederbelebung nicht recht¬
1601 2132 2803 2183 fertigen. Alle geben sie sich die redlichste Mühe, aus dieser
386 2133 1603 2197 Staubschicht asgesttzt#haben. Gewiß, auch äußere Verhältnisse,
1595 2168 2804 2231 Wenigkeit einen Inhalt zu schöpfen: Anton Edthofer und
380 2170 1591 2226 Entwickelungch, wissie so einschneidend vordem kaum je ge¬
1606 2217 2802 2275 Ernst Pröckl, die beiden in Liebe flanierenden „jungen
374 2211 1587 2273 wesen sein nchen, Hielen dabei eine wesentlich mitbestimmende
1588 2245 2805 2319 Leute“ vom Typ des Schnitzlerschen Nichtstuers Anatol, Emil
377 2268 1594 2322 Rolle. Wenkrieg und Revolution trennen in hart eingreifender
1594 2295 2793 2368 Lind als das Recht auf „Erinnerung“ bejahender und so die
391 2302 1589 2373 Prägung alle Vergangenheit, die noch vor wenigen Jahren
1597 2342 2799 2404 Techter in ihr Verderben enklaufen lassender Vater Weiring
387 2339 1589 2411 unser eigenes Erleben war, von den ganz anders gewordenen
1602 2390 2798 2447 und Adrianne Gessner als frechnasig fesche Modistin. Sie
385 2396 1584 2453 Wirklichkeiten der von uns jetzt durchlittenen Epoche.
1587 2419 2801 2491 alle brachten nicht fertig, aus einem Stück, das Dichtung nicht
390 2438 1589 2497 Dennoch — das allein kann den Eindruck der längst überwunde¬
1603 2479 2792 2538 und nie tiefere Wirklichkeit war, den Funken des Lebens zu
388 2475 1592 2538 nen Vorgeschichtlichkeit nicht hervorrufen. Aus der Schaffens¬
1602 2522 2804 2583 schlagen. Und wäre nicht Käte Dorsch das süße Mädel ge¬
388 2523 1598 2580 welt nicht nur der Klassiker oder auch eines uns zeitlich
1600 2567 2808 2623 wesen — der Abend hätte in Trockenheit einstauben müssen.
386 2562 1599 2638 unmittelbar näher stehenden Hebbel — sondern auch uns
1591 2614 2805 2665 Sie allein holt mit lieber Stimme und lieber Gebärde aus dem
379 2597 1593 2678 den immer noch Einklang wirkenden Offenbarungen
1604 2650 2805 2698 Wiener Kind, das dem ersten Schicksal zum Opfer fällt Mensch¬
387 2650 1588 2705 anderer, die mit ihnen gleichzeitig waren, die für uns demnach
1597 2683 2808 2758 lichkeit vor, zumal im letzten Aufzug mit einem erschütternden
394 2701 1587 2755 in gleich gefühlter Weise überwunden sein müßten, eines Ibsen
1592 2726 2806 2798 Schreien wilder, gänzlich fassungsloser Verzweiflung, das in ein
395 2730 1593 2790 oder auch Strindberg, eines Tolstoi und Gorki selbst vermag uns
1595 2778 2802 2837 leiser und leiler werdendes hilfloses Weinen perebbt. Bis
389 2780 1593 2837 Wärme entgegenzuschlagen während ein Hauptmann etta oder
1589 2816 2808 2884 dahin die Ausdrucksmittel klug zurückhaltend, wird sie in dieser
390 2822 1598 2879 nun gar der gestrige Schnitzler uns kalt entläßt. Richtet das nicht
1593 2869 2803 2929 Schlußszene vollendete Künstlerin und unerreicht groß. Ge¬
380 2870 1591 2920 vielleicht doch die Leistungskraft der vom dekadenten Geschmäck¬
1596 2896 2803 2968 dämpftes Saitenspiel, jäh aufkreischend und zerreißend in der
382 2907 1592 2979 lertum heruntergezerrten Jahrhundertwende, die geringe Geistig¬
1596 2943 2804 3012 Grelle der vom Leben her in alle Traumschönheit erbarmungs¬
393 2958 1171 3017 keit ihrer so rasch vergänglichen Werte?
1599 2987 2798 3044 los hineinfahrenden Dissonanzen. So täuscht sie über die Leere
455 3005 1597 3068 Was hat uns denn diese mit ihren süßen Mädeln und jun¬
1606 3043 2796 3100 des Werks, daß man fast vermeint, Tragik in ihm zu ver¬
383 3049 1591 3108 gen Leuten, deren Beruf ein die Stunden möglichst genußreich
1600 3084 1800 3150 nehmen.
394 3097 1586 3163 verbringendes Nichtstun ist, Zustandsschilderung eines fremd ge¬
1676 3126 2815 3192 Gleichwohl ist sie uns in des Otto Erich nachfolgender
385 3135 1596 3197 wordenen Stimmungsumkreises schaffende „Liebelei“ Er¬
1594 3164 2805 3236 burlesker Komödie „Die Lore“, dieser lust'aen Geschichte vom
389 3181 1597 3239 fahrenswertes zu sagen, was schwingt darin an Gefühl, das uns¬
1592 3221 2809 3263 abgerissenen, ein Liebeserleben zu jäher Vergänglichkelt ent¬
384 3229 1591 3283 inniger zu berühren vermüchte, was daran sollte als bittere Tra¬
1606 3265 2802 3314 cheldenden Knopf, ungleich willkemmener gewesen. Diese gäne¬
389 3271 1590 3328 gik die Herzen ergreifen? Wir spüren nur, daß hier etwas Gewele¬
1591 3290 2802 3365 lich unerzogene, aus der Rolle der Dame immer wieder ent¬
389 3316 1585 3381 nes, etwas — Verwesenes ist, das eigentlich niemals rechte Jugend
1603 3331 2808 3406 gleisende leckere Range, die immer erm#denden Mundwe#ks
397 3342 1593 3407 besaß und die Verwesung schon in sich trug, da es — nicht etwa
1581 3389 2816 3451 ihre Geschichten, die ihr doch keiner glarbt nur so herunter¬
390 3395 1598 3458 im Herzen, sondern vielmehr im Verstand seines Schöpfers Ge¬
1590 3430 2807 3489 flunkert und im Erzählen, hingerissen von ihrem Temperament,
390 3445 1583 3508 stalt nahin und wurde. Diese sich selbst so angenehm
1590 3477 2803 3532 vom Sofasitz sich höher und höher versteigt, bis auf die geschweifte
1129 3475 1590 3546 in Schwermut ge¬
383 3487 1115 3553 bespiegelnde Leichtsertigkeit einer
1584 3524 2800 3581 Lehne, die ihre fertige Erfahrung in die unbestreitbare Lebens¬
386 3513 1591 3581 fälligen „Hypochondrie der Liebe“, dieses Plätschern in
1589 3542 2805 3617 weishelt zusammenfaßt, daß ein abgerissener Knopf an der eigenen
385 3563 1592 3626 Untiefen, dieses hohlköpfige und gemütsarme Schwär¬
386 3604 2807 3666 men von Lust in Genuß — was geht das alles uns an, da die Bluse noch immer it weniger schlimm, als eine im Hirn des
395 3639 2807 3733 Wirklichkeit so ganz anders stählern geworden. Ein wenig] Nächsten locker gewordene Schraube — das ist doch etwas Hand¬
2823 1509 3406 1566 festes wenigstens, woran man 3
2814 1553 3415 1613 sich dann von dem einstigen Lic
2803 1591 3407 1661 bloß verdorben“ mit einem hold
2811 1625 3415 1696 den minnigen Kuß, sodann von d
2815 1684 3419 1735 „Gegenwart“ mit ausgestreckter
2802 1726 3412 1780 verabschieden tut, um mit dem F
2807 1767 3420 1832 in Arm sich der neuen Liebe entgeg
2812 1819 3413 1869 tigt von so viel selbstverständl
2810 1851 3408 1917 Wandlungen doch niemals vom
2810 1900 3396 1954 keit dieses süßen Krötchens. U
2807 1947 3420 1998 Feuer zu lichterlohem Brande e
2936 1993 3012 2043 In
2854 2024 3416 2104 lächelnd erhabene Fleg
2817 2074 3424 2146 Erichs mit ganz besondere
2807 2124 3399 2180 bild, und Walther S
2799 2149 3418 2217 Vetter mit der aufgebürsteten
2810 2212 3429 2266 heit: das ergab für den flüchtig
2803 2249 3424 2314 Quarteit, dessen lustigen Kapri
2814 2295 3415 2355 ungemeines Vergnügen bereiten
2812 2336 3422 2396 „Gretchen“ des Lessing=Theaters
2811 2372 3406 2438 füllung mit so viel entzückender
2806 2428 3386 2498 lichkeit würdiger entsprächen.
