3436 4224
169 87 268 195 5.
305 99 701 185 Liebelei
272 164 764 232 ennenenetetenetenene Aurene
845 98 1291 209 box 13/8
1403 979 2054 1071 LA REVUE MUSICALE
2408 988 2577 1080 (340)
880 1045 2568 1133 CITEIEHHZHEHHEHZRHHEHREEHHTREHTRHHHEEZHEHHHERHEHEEHHEHHHHEIHZHRHAENEEZIRIT
880 1119 2570 1217 en fonction de ces seuls moyens (1). L’esthéticien des fins note au contraire
894 1186 2578 1284 que l'homme auquel s’adresse l’art naissant demeure le méme, que sa
883 1243 2569 1319 sensibilité ne se modifie que lentement et selon une évolution générale
885 1296 2567 1380 qui ressortit à des motifs sociologiques plus qu’à des raisons de technique
880 1351 2571 1450 artistique. Les ceuvres à surgir s’adresseront donc, hon gré mal gré, à
882 1410 1785 1483 des sources d’émotions préexistantes.
959 1476 2569 1556 C’est pour avoir méconnu cette permanence des fins, pour avoir voulu
878 1508 2570 1601 faire du & cinéma pur) que nombre d’artistes, surtout en France, ont
886 1595 2564 1677 travaillé dans le vide, dépensé leurs efforts et leur intelligence à produire
886 1660 2570 1737 des ceuvres qui, si intéressantes qu’elles fussent, ne portaient pas. Jusqu’à
872 1713 2580 1819 quel point cette hantise du e sujet à éviter n n’a-t-elle point nui, par
884 1775 2193 1849 exemple, à un réalisateur aussi doué que M. René Clair!
946 1821 2564 1891 Les ceuvres qui ont marqué au cinéma partaient d’une forme ancienne
889 1898 2560 1963 et connue dont elles transposaient à l’écran l’esthétique particulière.
883 1941 2571 2014 Les metteurs en scène suédois ont projeté des sagas, les américains des
880 2007 2564 2090 récits d’aventures analogues à ceux dont fourmillaient leurs magazines,
872 2071 2549 2125 les français des piéces de théätre (Le chapeau de paille d’Italie); les alle¬
873 2119 2559 2195 mands se sont inspirés de leur littérature romantique (Caligari) et le
885 2185 2575 2241 plus original de tous, Charlie Chaplin, est tout simplement parti de la
871 2230 2563 2306 pantomime anglaise ou il avait débuté. Les procédés particuliers au cinéma
879 2305 2573 2371 (fondus, surimpressions, angles de vue, etc.) auraient pu se montrer plus
881 2359 2577 2410 efficaces comme mogens pour exprimer certaines données si les cinéastes
862 2410 2578 2500 #ne les avaient pas galvaudés en les recherchant, jusqu’à satiété, comme
874 2459 1288 2558 des /ins en soi.
1629 2544 1795 2706 8
943 2755 2559 2834 Tous les arts, par des voies différentes, s’adressent à une sensibilité
867 2807 2568 2889 générale dont le fond — quelle qu’en soit la réceptivité plus ou moins
871 2865 2574 2935 grande à certains ordres de manifestations esthétiques — demeure le
865 2933 2557 3003 méme. Ce fond s’est constitué à l’origine dans la pratique d’une activité
863 2987 2551 3062 complexe, à la naissance de laquelle ont présidé tout à la fois des considéra¬
866 3046 2561 3130 tions de magie utilitaire et des tendances, celles-ci purement esthétiques,
949 3107 2554 3216 (1) On nous a, tout de mème, annoncé un art radiophonique pur qui ne devrait
872 3192 2558 3243 rien au discours ni à la musique! Un état d’esprit analogue provoque périodiquement
874 3230 2567 3294 des tentatives de couleurs et formes pures (orgues lumineuses, etc.) qu’on voit,
887 3275 2570 3337 depuis bientôt deux siècles, renaftre tous les vingt ou trente ans, susciter quelque
870 3308 1563 3389 curiosité et tomber dans l’oubli.
