3484 4320
252 265 1388 347 5. Liebelei box 11/5
465 311 532 360 ahn 4
655 308 810 361 —
2893 611 3031 678 627
1327 619 2316 696 Rheinische Musik- und Theater - Zeitung.
563 641 766 717 Nr. 40
1918 757 3037 810 * Paul Scheinpflug, der die Nachfolgerschaft Ernst
576 770 1804 843 böhmischen Hochschülern in Franzensbad errichtet worden. Anfang
1800 783 3031 851 Wendels als Leiter des „Musikvereins“ in Königsberg angetreten
575 831 1422 880 September ist das Denkmal enthüllt worden.
1804 837 3045 899 hat, ist auch zum Leiter der „Masikalischen Akademie“ gewählt
692 844 1802 905 Der Konzerimeister der Berliner Philharmoniker Anton Witeck
569 893 1992 958 ist bekanntlich nach Amerika engagiert worden. Sei. Nachfolger worden.
583 931 1800 993 in Berlin ist der Däne Thornberg geworden, bisher Konzertmeister
576 981 1240 1048 am Konzertgebouw in Amsterdam.
1344 1045 2285 1159 Iulik- und Theaterberichte.
1822 1154 3038 1210 Pauli (Meister), alles rühmenswerte Darbietungen. In einer Faust¬
1837 1196 3054 1257 Aufführung mit Pauli, den man seiner geringen darstellerischen
909 1183 1475 1264 Von der Kölner Oper.
1827 1231 3055 1288 Mittel wegen nun doch nicht zu oft in Heldenrollen auftreten lassen
656 1239 1798 1311 Die Opernsaison wurde mit Nicolas gustigen Wei¬
1827 1270 3051 1327 sollte, gab Frau Tietje-Steger die Margarethe mit schöner,
592 1285 1804 1347 bern von Windsor eröffnet, wie vir bereits berichteten.
1824 1324 3066 1377 nur in der Hohe etwas unsteter Tonentfalting, geschmackvoll und
591 1340 1808 1388 Sie wurde alsdann fortgesetzt mit Fidelio, den Kapellmeister
1841 1343 3062 1407 schauspielerisch gewandt. Die Dame gastierte dann noch als
585 1364 1810 1449 Knoch gewissenhaft und mit gutem Cieschmack leitete, wobei
1828 1396 3063 1449 Elisabeth im Tannhäuser mit gutem Erfolg, wemi: ihre ziem¬
588 1406 1807 1471 besonders die Wiedergabe der großien Lconorenouverture im
1826 1433 3068 1479 lich unpersönliche Kunst auch durch den schon von frühelen Gast¬
592 1441 1806 1511 zweiten Akte sehr angenehm auffiel. Von den Ciesangspartien
1838 1458 3062 1516 spielen her bekannten, vielfach das Rollenideal erreichenden Tann¬
601 1489 1810 1560 möchte ich den Pizarro des Herrn Liszewsky besonders
1836 1506 3063 1564 häuser Menzinskys in den Schatten gestellt wurde. Die Venus
593 1525 1814 1608 erwähnen. Nun gam Maillarts Glockchen des Eremiten
1842 1557 3070 1605 liegt Frau Guszalewicz stimmlich nicht besonders, wofür die
599 1580 1820 1631 heraus. Kapellmeister Lohse gab dieser reizenden komischen
1843 1607 3069 1637 Künstierin freilich durch Schwung des Ausdrucks und Spiels entschä¬
601 1609 1816 1656 Oper einen Schwung und musikalischen Zug, wie er seichen
1843 1629 3064 1677 digt. Ungetrübte Fren de hatfé man an dem Wolfram v. Scheidts.
601 1644 1807 1712 kleinen Dingen schon lange nicht mehr zuteil wurde. Man
1847 1662 3068 1722 Lohse führte die ufführung zu schöner Steigerung trotz etwas
596 1680 1819 1747 sah daran, was selbst aus solehen Sachen von berufener Hand
1842 1691 3068 1774 breiter Temponahife Aufführungen von Butterfly (Frau Dux.
594 1720 1826 1790 gemacht werden kann. Solche Wiederbelebungen können den
1844 1735 3061 1798 Frl. Herma#h als Gast. Winckelshoff, Parker) und
603 1758 1814 1827 Opernhäusern nur zu statten kommen. Aus dem Spiel sei Frl.
1848 1777 3061 1831 Troubadür mit Petters hohen C’s fanden ebenfalls vielen Bei¬
608 1794 1818 1860 Fink als Rose Friquet mit Auszeichnung genannt. In der
1853 1829 2932 1895 lall. In 2)Tagen wurden 15 verschiedene Opern gegeben.
605 1832 1821 1898 Walkure-Aufführung, die Kapellmeister Gärtner geschickt
600 1877 1821 1936 dirigierte, erfreuten wir uns zum ersten Male des Besitzes
2239 1906 2669 1987 Frankfurt a. M.
604 1927 1816 1974 eines so verzüglichen Heldentenors, wie Menzinsky es ist.
603 1949 1830 2027 Sein kräftiges, sympathisches Organ, seine musikalische Sicher¬
1920 1964 3074 2039 Am Frankfurter Opernhause erlebte die dreiaktige Oper
610 1989 1826 2057 heit und sein vornehmer Geschmack können nur größten Beifall
1850 2020 3080 2097 z. Liebelei“ von Franz Neumann eine Vertonung des
617 2021 1832 2103 finden. Die auf Engagement singende Dina Mahlendorf
2552 2059 3084 2130 Schnitzler, ihre Urauffährung.
1856 2073 2512 2139 gleichnamigen Schauspieles von Arth
618 2077 1828 2140 schien für die Sieglinde doch zu lerisch veranlagt. Aber auch
1864 2105 3081 2172 Das Geure der modiernen Opeseil ist durch diese
606 2122 1827 2166 ihre Fähigkeit, lvrische Partien zu restalten, schien sich in der
1863 2140 3087 2214 ungemein erfolgreiche Novität ganz entschieden um ein wertvolles
609 2148 1834 2221 Rolle als Gräfin in Figaros Hochzeit nicht voll zu
1866 2181 3089 2244 musikalisches Produkt bereichert worden und der Dichter Schnitzler
618 2177 1843 2260 bestätigen, trotzdem die wohlgeschulten Stimmittel Klanglichen!
1863 2221 3088 2298 hat in dem Komponisten Neumann jedenfalls den Tonsetzer und
609 2221 1844 2290 Reizes keineswegs entbehren. In dem von Kapellmeister Lohse
1854 2259 3083 2321 Arbeitsgenossen gefunden, dem es gelungen ist, für die Gestalten
621 2258 1844 2338 etwas zu temperamentvoll gegebenen Figaro trat Frl. Vidron“
1854 2298 3078 2380 und das Milieu der Schnitzler'schen Dichtung den adacquaten Aus¬
618 2310 1835 2385 als Susanne wieder ganz besonders hervor. Auch Frl. Fink,
1862 2342 3096 2402 druck in Tönen zu finden. Franz Neumann, ein geborener
624 2365 1834 2427 zum ersten Mal als Cherubin, die Herren Vanoni und vom
1860 2363 3099 2437 Oesterreicher und Schüler des Leipziger Konservatoriums, wo er
613 2387 1831 2444 Scheidt verdienten große Anerkennung. Glucks Maien¬
1859 2412 3083 2478 bei Reinecke und Jadassohn seine Studien machte, wirkt in Frank¬
614 2430 1830 2490 königin, das zarte Schäterspiel, war wieder der Direktion
1865 2456 3095 2538 furt seit 1904 als Operndirigent, ist aber auch schon als Komponist
622 2463 1844 2535 des Herrn Dr. Prätorius anvertraut, welcher das durch seine
1867 2504 3088 2581 mit einer erfolgreich aufgeführten Oper „Die Brautwerbung“ wie
615 2505 1836 2560 klassische Rundung anspruchsvolle Stücklein nunmehr mit
1871 2539 3095 2608 mit anderen Werken an die Oeffentlichkeit getreten, Wenn auch
620 2542 1839 2620 größerer Sicherheit durchführte. Die Damen Dux, Müller und
1873 2575 3085 2650 nicht zu lengnen ist, daß Neumann bei seiner neuesten Opemn¬
625 2579 1839 2648 Schlegel, sowie die Herren Vanoni und Liszewsky
1867 2608 3087 2667 schöpfung ven vornherein einen mächtigen Bundesgenossen in dem
624 2618 1838 2681 hatten die Rollen inne. Es folgte am gleichen Abend noch das
1875 2655 3092 2714 Umstand gefunden hat, daß bei der Suche nach einem geeigneten
625 2651 1838 2714 blutrünstige „Lyrische Drama“ Abasso porto von Spinelli,
1876 2688 3101 2761 Libretto seine Wahl auf eines der besten Erzeugnisse der neueren
623 2700 1847 2747 ein Werk, um naive Gemüter aufzuregen. Kapellmeister Walter
1872 2728 3105 2806 dramatischen Dichtung und eines der beliebtesten Repertoirstücke
636 2733 1851 2793 Gärtner leitete es. Frl. Widhalm wußte der Rolle der
1871 2769 3093 2823 unserer Schauspielhäuser gefallen ist, so ist doch sein neuestes
624 2775 1852 2823 Sesella ebenso Wirkung zu sichern, wie Frau Guszalewicz
1873 2807 3101 2871 Opus auch vom rein musikalis hen Standpunkte aus betrachtet als
635 2815 1846 2872 der der Mutter Maria, ganz einer Partie für ihre Leistungs¬
1882 2842 3108 2911 ein hervorragend glücklicher Wurf anzusprechen und als die Arbeit
628 2854 1842 2924 fähigkeit, und Herr vom Scheidt der Partie des Cicillo.
1879 2878 3096 2942 eines ernsten und gediegenen Fachmusikers zu bezeichnen. Die
639 2890 1846 2955 Die Herren Batz und Hemsing sangen mit Erfolg den
1872 2923 3112 2993 berufsmäßige langjährige Ausübung der Dirigententätigkeit laßt
640 2926 1849 2999 Luigino und den Pascale. Lortzings Zauberoper Undine
1884 2973 3103 3028 uns Neumann naturgemäß in seinem musikalischen Schaffen als
642 2978 1850 3044 fand wie immer herzliche Lacher und mitempfindende Gemüter.
1883 2988 3112 3068 Eklektiker erscheinen; er schwort weder zur Fahne der Hyper¬
642 3006 1846 3060 Dafür sorgten die Herren Pauli, Vanoni, Liszewsky
1875 3045 3107 3114 modernen, noch wandelt er die alten ausgetretenen Gleise einer
634 3063 1859 3110 und Neldel, sowie Frau Dux als Vertreterin der Titelrolle. Die
1880 3079 3113 3155 heute nicht mehr dem herrschenden Kunstgeschmack zusagenden
647 3085 1860 3155 Aufführung der Tüdin von Halérr bedeutete einen zweiten,
1883 3116 3106 3198 musikalischen Richtung. Dagegen hat er es verstanden, seine
644 3122 1860 3187 womöglich noch nachdrücklicheren Sieg unseres neuen Helden¬
1881 3154 3107 3219 im Laufe der Zeit erworbenen reichen Kenntnisse und prak¬
649 3161 1860 3227 tenors Menzinskv, der sich auch als Meister der älteren
1885 3195 3102 3262 tischen Erfahrungen auf dem Gebiete des Opernwesens sich in
641 3200 1860 3268 Gesangskunst auf das Vorteilhafteste legitimierte. Ihm zur
1893 3223 3115 3306 seinem neuesten Werke mit bestem Gelingen zunutze zu machen
657 3237 1857 3303 Seite trugen auch Herr Petter und die Frin. Vidron und
1889 3267 3113 3346 und denselben gleichsam konzentrierten Ausdruck zu verleihen,
647 3279 1867 3339 Widhalm Erfreuliches zum Spiele bei, das Herr Kapell¬
1726 3318 1818 3379 Th.
1877 3310 3112 3396 ohne dabei auf eine ausgesprochen persönliche Note zu verzichten
651 3331 1299 3401 meister Knoch trefflich leitete.
1882 3354 3122 3419 und seine künstlerische Selbständigkeit preiszugeben Dies gilt
722 3376 1858 3441 Als Sonntagsoper tat die Königin von Saba ihre Schul¬
1889 3394 3122 3459 sowohl bezüglich der musikalischen Erfindung, die nirgendwo träg
646 3417 1871 3489 digkeit. Ein ausverkauftes Haus und sehr viel Stimmung. Der
1891 3438 3132 3492 und spärlich fließt, sondern ihm frischlebendig und vollkommen
656 3449 1871 3531 Glanz der Szene paarte sich mit einem sehr farbenreichen Orchester
1888 3469 3114 3525 natürlich aus seinem reichen Melodienschatze quillt, wie auch hin¬
656 3497 1868 3568 unter Lohses eminent geschickter Leitung. Unter den Solisten
1895 3492 3125 3576 sichtlich der interessanten thematischen Arbeit, der ganzen, ein
654 3533 1868 3606 überragte alle Frau Felser als Sulamith durch vornehmen Stimm¬
1883 3552 3124 3603 beachtenswertes Können bekundenden Orchestertechnik und der
647 3565 1872 3630 reiz, vollendete Gesangskunst und rührende Verinnerlichung von
1893 3590 3132 3658 zahlreicher Feinheiten und Schattierungen, die in den Details den
655 3606 1880 3669 Ton wie Gebärde Frau Guszalewicz ist in der Titelrolle
1889 3629 3127 3701 Klangmischungen und den erzielten Instrumental-Effekten zutage
648 3654 1866 3720 Großzügigkeit nachzurühmen, der Stimmschmelz für den verführe¬
1890 3668 3131 3731 treten und dem Werke einen aparten Reiz verleihen. Das Libretto
662 3697 1874 3765 rischen, sinnlichen Ausdruck ist ja weniger ihre Sache. Pauli
1897 3700 3122 3770 erscheint glatt durchkomponiert und meidet völlig die geschlossene
663 3729 1870 3790 sang den Assad vielfach musterhaft, überzeugte aber nicht als
1901 3739 3127 3814 Form. Zu dem Parlandostil der meisten Szenen, der nur hier und
650 3770 1873 3839 Darsteller Parker (Salomo), Giesen (Hohepriester) leisteten
1900 3796 3126 3847 da, vornehmlich im ersten Aufzuge, etwas monoton wirkt, bildet
656 3818 1876 3881 rühmenswertes, und die neue zweite Soubrette Frl. Schoverling
1900 3835 3123 3883 das Orchester die breite sinfonische, tarbenreiche und illustrierende
666 3857 1869 3924 fiel als Astaroth durch den großen Wohlklang ihres Organs ange¬
1906 3857 3123 3922 Grundlage; es erhebt sich in den bedeutsamen Momenten der
669 3883 1888 3951 nehm auf. Allem Anschein nach hat sich die Neueinstudierung der
1907 3899 3123 3976 Handlung stellenweise zu wahrhaft hinreißendem Schwung und
655 3930 1882 3993 Goldmarckschen Oper gelohnt. Es gab weiter Aufführungen von
1907 3949 3116 4009 zu glänzend pathetischer Kratt und Ausdrucksgewalt der Ton¬
666 3968 1876 4031 Lohengrin und Mignon in bekannter Besetzung, dort der
1893 3980 3118 4044 sprache Die Hóhepunkte des Liebesdramas sind in ihrer tragischen
664 4004 1886 4058 vorzüglich singende Batz mit seiner sympathischen Veranschau¬
1895 4018 3117 4080 Größe und Bedeutung unter Aufbietung des ganzen komplizierten
669 4044 1878 4107 lichung des Schwanenritters, das feinsinnige Frl. Wolf als Elsa, und
1907 4060 3117 4125 modernen Orchesterapparats höchst eindrucksvoll zur Geltung
670 4086 1888 4146 der kernig deklamierte Telramund Liszewskys, hier Frl. Widhalm
1908 4104 3125 4173 gebracht und kontrastieren wirksam mit dem leichten musikalischen
669 4125 1893 4188 (Mignon), Frl. Vidron (Philine), v. Scheidt (Lothario) und
3078 1814 3210 1943 90
3092 1920 3169 2013 □
3109 2034 3167 2113 4
3099 2162 3139 2191 4
