3436 4256
410 220 800 303 Liebelei
244 227 1379 344 5. — box 11/1
679 825 1125 978 dax Colds
1134 858 1392 1059 7 0
810 919 1153 1016 Bureau für 4
550 952 647 1051 □#
608 1012 1295 1084 Zeitungsausschnitte und Verlag
615 1081 1301 1148 der Wissenschaftlichen Revue.
517 1129 1421 1220 BERLIN N., Auguststr. 87 part.
696 1190 1264 1265 Telephon Amt III. No. 3051.
470 1240 1460 1299 S
806 1288 1148 1365 Ausschnitt
450 1318 792 1361 Teieg amm Adresse:
923 1351 1016 1408 aus
433 1347 813 1423 GorbschwioT Auguststr.87.
603 1575 1302 1696 Schleswiger Nachrichten
598 1815 940 1959 3 2 JAM 1005
779 2062 1312 2167 Stadttheater.
410 2127 1762 2215 „Lfebelei“, Schauspiel in 3 Akten von Arthur Schnitzler. Der
308 2197 1314 2269 gestrige Abend hat die durch die vorangegangenen
319 2260 1736 2312 Hinweise auf das Stück hochgespannten Erwartungen nicht ganz erfüllt
324 2297 1742 2373 Schnitzler will ein im Stile der naturalistischen Kleinmaleret ausgeführtee
317 2349 1739 2428 Lebensbild geben, aber unter allen den Einzelheiten kommt die Handlung
321 2390 1739 2459 nicht in Fluß, und so wirkt besonders der 2. Akt ermüdend. Der Inhalt¬
327 2441 1741 2526 ist kurz folgender: Ein einfaches junges Mädchen nimmt das Zebesver¬
318 2489 1682 2562 ältniß mit einem jungen Mann der besseren Ständ= so ernst, daß fi
309 2536 1738 2594 sich, als er im Duell wegen einer Frau fällt, das Leben nimmt. Die
310 2584 1745 2658 Aufführung an unserm Stadttheater hatte zunächst darunter zu leiden,
304 2624 1730 2707 daß Frl. Dupont erkrankt war und deshalb 3 Scenen des 2. Aktes aus¬
313 2673 1745 2764 fallen mußten. Der Zettel nannte übrigens nicht sie, sondern Frl. Bilma
301 2734 1734 2795 Winter als Catharina Binder, jedenfalls ein störendes Versehen. Durch
308 2775 1735 2849 Kontrafte zu wirken, ist die Absicht des Autors, deshalb stellt er der
298 2829 1737 2901 sentimentalen, schwermüthigen Christine die lebenslustige, heitere Mizi
309 2881 1731 2947 gegenüber, die das Leben leicht nimmt. Während nun Frl. Rosenkranz
304 2918 1735 3002 für die Christine Ton und Stimmung wohl traf, blieb Frl. Guyot als
291 2967 1724 3046 Mizi viel schuldig. Es fehlte ihr an Beweglichkeit, Temperament und
294 3016 1727 3081 Humor, der Wiener Dialekt thut es nicht. Hier Heitmann=Variny spielte
292 3083 1731 3152 im 1. Akt ganz gut, im 2. Akt gab er den Theodor Kaiser zu viel als
291 3127 1728 3194 Gecken. Auch er soll mit seiner Sorglosigk.it und Lebensfreude gegen
299 3169 1724 3250 den von Unruhe unb Zweifel geplagten Fritz Lobheimer abstechen, was
291 3222 1730 3300 besonders im 1. Akt in harmonischer Weise der Fall war. Herr Kaiser
285 3263 1733 3350 spielte den Fritz in wohl angemessener Weise. Als Regisseur zeigte er
284 3316 1724 3386 besonders lein Geschick, indem er den in allen seinen Kleinigkeiten recht
288 3360 1716 3448 schwierigen 1. Akt mit Sorgfalt und Verständniß arrangirt hatte. Von
281 3417 1691 3493 tiefer Wirkung ist der 3. Akt und hier war es neben Frl. Rosenkra#
280 3454 1714 3547 besonders Herr Rethwisch, der den alten Weiring in ergreifender Weist
274 3502 1725 3608 zur Darstellung brachte. Der Besuch war ein guter. Der Direktion
285 3569 1596 3636 möchten wir übrigens zum neuen Jahr drei Wünsche vortragen! 1.
291 3601 1739 3678 kürzung der Pausen. 2 Mehr Sorgfalt bei der Abfassung der Theater¬
276 3653 1289 3742 zettel. 3. Weise Mäßigung betreffs der Reklame.
1374 3708 1623 3784 E. Terno.
2295 1242 2721 1369 zx Goldsc,
2219 1298 2292 1381 N
2365 1351 2712 1438 Bureau für 4
2287 1353 2368 1454 +
2787 1353 2948 1477 7
2094 1370 2208 1463 O·
2144 1434 2855 1508 Zeitungsausschnitte und Verlag
2156 1500 2844 1561 der Wissenschaftlichen Revue.
2055 1550 2979 1632 BERLIN N., Auguststr. 87 part.
2237 1599 2796 1677 Telephon Amt III. No. 3051.
2354 1705 2681 1786 Ausschnitt
1996 1738 2341 1785 Telegramm Adresse:
1981 1764 2349 1845 S0L0SCHNIO T.Auguststr. 87.
1949 1843 2074 1982 4
2078 1951 2974 2039 Rheinisch-Westph. Zeitung, Essen
2424 2019 2778 2121 6 2 JAll. 1902
1966 2422 2912 2499 Mrmen, 3. Jan. „Liebelei“ von Arthur##ch
1918 2444 3104 2539 Eice#elich dürste das deeiaktige Schauspiel nicht als Neuheit bzeichtet
1913 2517 3126 2573 welden, da es schon mehrere Jahre alt ist. Dank miß man aber
1913 2549 3100 2608 Fiektor Steinert dafür wssen, uns heute mit dem Stück bekannt
1922 2591 3102 2668 Gemaat zu haben. Schnitzler, der kürzlich die allgemeine Aufmerksam¬
1918 2631 3100 2714 keit wegen seiner infolge der dramatischen Szene „Leutnant G siel“
1919 2665 3102 2743 erfolgten Maßregelung auf sich zog, huldigt wie Himann Baher
1917 2705 3111 2765 („Tschaperl“), Rudolf Lothar („Ritter, Tod und Teufel“) und andere
1918 2738 3106 2808 Wiener Poeten dem psychologischen Impressionismus.
1925 2785 3115 2842 Mit Raffinement ist das Milien behandelt und dien #rar
1928 2812 3109 2888 gemacht. Wie in seinem „Anatol“ stellt er schärfste Gegensätze
1926 2849 3098 2913 auf, die die plychologische Zeichnung erleichtern. Der tief
1916 2903 3104 2968 empfindende Fritz steht dem kaltblütigen Theodor gegenüber, der da
1925 2931 3107 2998 meint: „Die Weiber haben einfach nicht dämonisch, sondern nur
1911 2962 3110 3037 1 angenehm zu sein.“ Ihm entsplicht die erfahrungsreiche Mizi („die
1906 3025 3087 3084 Mönner vervienen nicht, daß man um sie auch nur eine Stunde sich
1918 3072 3091 3119 trüben läßt“) im Gegensatz zur nervösen, höchst sensiblen Cheistine.
1907 3108 3102 3169 Die Stärke ists die reizvolle Milieu=Schilderung, die Schwäche, die
1906 3156 3094 3203 endlose Vivisektion im Schlußakt, der infolgedessen auch gegen die
1906 3180 3083 3230 anderen mit starkem Beifall ausgenommenen ersten Akte abfiel.
1905 3220 3095 3268 Die Darstellung war bis in Kleinste ausgef ilt; gleich hervorragend
1908 3254 3105 3333 waren Jenry Ganella (Mizin, Helene Robert (Christine), Erig
1906 3297 2960 3373 Kaiser [Fut). W. Leicht (Theo) Fritz Richard (Geiger).
