3484 4256
2603 399 2704 455 389
1439 393 1792 464 „DAS FORUM“
576 402 808 473 V. Jahrg.
1660 504 2733 571 ständiges Hindernis für die Ueberprüfung des Urteiles
534 502 1622 564 ist es auch diese Bahn, die uns vom Schneeberg mehr
1655 553 2738 605 von einer höhern Instanz abgeben sollte. Wenn man
541 557 1629 628 zur Rax treibt, die übrigens der sonderbarste und
1662 605 2734 663 sagt, dass der zweiten Instanz nicht dasselbe Beweis¬
532 613 1634 678 schönste Berg der ganzen Welt ist, Die Rax ist nämlich
1656 648 2740 699 material vorliegen würde, auf Grund dessen der erste
542 663 1636 720 ein Berg, den man leichter begehen kann, als den
1648 702 2737 760 Richter seine Feststellungen machte, so ist dies in
534 727 1634 768 Kahlenberg, und doch bietet sie wieder Schwierigkeiten,
1654 749 2747 818 gewissem Sinne und in gewissen Fällen deshalb richtig,
539 762 1628 815 gegen die der Mönch und die Jungfrau mit all ihren
1658 812 2758 870 weil die zweite Instanz der Unmittelbarkeit entbehren
529 821 1630 878 Zacken und Zinken das reinste Kinderspiel abgeben.
1652 853 2744 907 müsste. Aber die Unmittelbarkeit ist nur dort von
542 855 1637 931 Und wenn selbst ein gewöhnlicher Tourist den
1669 901 2744 952 Wichtigkeit und Bedeutung, wo die Beweismittel logisch¬
537 911 1629 969 Akademikersteig oder den Zimmermannssteig bewältigt,
1655 945 2740 1009 psychologisch, nicht mechanisch-arithmetisch, (wie es die
533 959 1633 1013 so sage man nicht, dass das Wahnsinn sei, denn die
1661 1011 2750 1060 Regel ist) gewürdigt werden. Hat irgend ein Zeuge das
527 1010 1632 1065 Besiegung der uns von der Natur aufgebauten Hinder¬
1670 1041 2753 1103 Anklagefaktum bestätigt, dann kräht kein Hahn mehr
545 1078 1636 1118 nisse stählt die Nerven, und es ist wirklich ein Wonne¬
1668 1094 2744 1158 danach, wer dieser Zeuge ist, wie er aussagte, welches sein
541 1115 1628 1182 gefühl, wenn man dem Tod ins Auge geschaut hat.
1664 1141 2750 1201 Verhältnis zum Angeklagten ist, ob letzterem gegenüber
536 1167 1630 1222 Uebrigens hat man, wenn man so ein gefährliches
1664 1185 2743 1246 der Individualität des Zeugen denn doch eher zu glauben
531 1223 1640 1277 Band nimmt, auch nicht die allergeringste Furcht, denn
1662 1244 2755 1294 ist, ob dieser Zeuge, trotz mangelnder Gründe für dessen
546 1263 1640 1319 man denkt sich: „Na, was ist denn dabei, wenn man da
1666 1292 2763 1347 Nichtbeeidigung, dennoch unglaubwürdig sei etc. etc.
540 1315 1631 1374 schon hinunterfällt und zerschellt? Tut sich was, der
1667 1343 2746 1401 Vielmehr hat heutzutage der erste beste Lump, wenn
545 1359 1642 1412 Tod!?“ Herren und. Damen, die solchen Gefahren noch
1669 1381 2747 1442 er das Glück hat, ein Zeuge zu sein, dem anständigsten
550 1401 1629 1464 nicht begegnet sind, können das nicht beurteilen; allein
1662 1430 2746 1502 Bürger gegenüber, der das Unglück hat, unter Anklage
544 1451 1647 1517 sie sollen es nur ein einzigesmal probieren, sie werden
1654 1486 2758 1542 zu stehen, unbedingt Glauben, weil er ja ein — Zeugen
549 1507 1638 1566 schon sehen. Und nicht allein unser Physicum, auch
1667 1532 2759 1596 ist, Ein etwaiger Widerspruch gegen die Beeidigung
550 1554 1640 1621 unser Geist wird ganz anders. Man versuche einmal
1665 1600 2754 1644 z. B. aus Feindschaft, weil der Zeuge mit dem Ange¬
539 1592 1635 1657 vom Erzherzog Otto-Schutzhause hinunterzuschauen!
1666 1618 2759 1698 klagten Prezesse führe, oder weil Angeklagtor gegen
536 1655 1644 1719 Man sieht Edlach und Reichenau, und die Häuser sind
1661 1688 2747 1756 ihn einmal als Zeuge ausgesagt hatte, wird fast regel¬
546 1699 1635 1749 so klein, und die Menschen kommen einem vor, als
1665 1731 2762 1792 mässig zurückgewiesen, weil derlei Sachen, heisst es
557 1759 1638 1808 wären es Ameisen, und da denkt man sich: „Und diese
1678 1780 2764 1846 „nicht geeignet sind, eine Feindschaft im Sinne des
541 1796 1644 1864 Ameisen haben so viel Sorgen! Und sie kränken und
1678 1830 2756 1882 Gesetzes zu begründen“ und weil — jetzt kommt das
538 1848 1630 1903 befehden einander! Und es sind doch nur Ameisen¬
1663 1882 2751 1934 Beste — „übrigens der Zeuge hier bei Gericht befragt,
546 1898 1644 1950 sorgen und Ameisenkränkungen und Ameisenbefehdun¬
1675 1943 2770 2000 ausdrücklich“ erklärte, er habe gar keine Feindschaft
543 1946 1646 1999 gen, und alles ist eitel!“ Und so wird man nicht allein
1670 1990 2764 2039 gegen den Angeklagten! Jegliche Argumentation, sie mag
540 1986 1643 2076 freier, man wird auch besser, menschlicher, gütiger,
1672 2028 2758 2092 noch so vernünftig lauten, kann eine einmal deponierte
556 2049 857 2113 todesfurchtlos.
1669 2088 2756 2137 Zeugenaussage nur äusserst selten abschwächen, oder
648 2083 1640 2154 Und wenn die Menschlein wieder in die Ebene
1669 2124 2754 2191 gar zunichte machen. Bei dieser Art des in den meisten
556 2141 1650 2205 hinunter wollen, und wenn sie dann von der Liebe
1659 2167 2771 2241 Fällen rein mechanischen Abhörens der Zeugen und
555 2191 1644 2252 ergriffen werden, dann kommt eben eine andere
1666 2219 2766 2284 Sachverständigen, wonach alle diese Beweismittel im
558 2243 1643 2305 Generation aus dem Schosse der „Mütter“ ans Licht
1679 2282 2776 2335 Urteile aufgezählt, also rein arithmetisch gewürdigt
541 2288 1654 2361 hervor, und wenn wir der schönen Mädchen mit den
1685 2298 2836 2377 werden, ginge der II. Instanz höchstens verloren, das ##
547 2351 1644 2413 kraftvollen Hüften und den runden Armen ansichtig
1684 2364 2773 2438 „Wie er sich räuspert und wie er spuckt“ des Zeugen,
547 2393 1655 2445 werden, so wissen wir, woher sie das reizende Fleisch
1682 2414 2808 2474 sonst ist alles in den Akten und auf Grund dessen kann
548 2445 1642 2497 und das mutige Auftreten haben. Alle, alle, die Töchter
1678 2451 2772 2540 ja auch die II. Instanz endgiltig, logisch-psychologisch
561 2484 1654 2554 des Volkes, wie die Bürgermädchen und die Baronessen
1674 2513 2768 2577 und nach reichlicher Erfahrung feststellen, was als
550 2550 1644 2613 und Komtessen. Und wir wissen auch, dass diese
1684 2565 2768 2625 erwiesen oder als nichterwiesen anzunehmen ist. Tut
548 2595 1650 2652 Mädchen ihre ererbte Kraft noch stählen durch den
1677 2603 2772 2680 ja dasselbe auch der Kassationshof in den im vorigen
558 2647 1648 2707 Sport, den sie spielend nehmen. Nun ja, Lawn-Tennis
1670 2655 2763 2712 Kapitel geschilderten Fällen, wenn er zur Ueberzeugung
559 2682 1656 2743 pflegt das Volk nicht, aber es schwimmt, rudert und
1684 2721 2778 2770 gelangt, dass materiell ungerecht geurteilt wurde und
556 2734 1650 2798 klettert und eilt ebenfalls in die Berge. Und nicht nur
1675 2764 2767 2818 wenn er sich dann an Scheinnichtigkeitsgründe an¬
567 2786 1646 2850 im Frühling und Sommer, auch im Herbst und im
1682 2799 2759 2866 klammert. Nur muss er die Sache, zu nochmaligen Fest¬
561 2836 1200 2904 Winter und bei jedem Wetter.
1682 2857 2766 2922 stellungen an die I. Instanz verweisen, obgleich er ja
651 2877 1660 2945 Und diese Mädchen sind vielleicht auch deshalb
1689 2915 2780 2967 selber schon jetzt die Sache entschieden hat — aus den
562 2929 1659 2983 todesfurchtlos, weil sie wissen, dass sie den Tod auch
1679 2944 2769 3012 Akten. Der Grundsatz also, dass nur das kraft der
568 3000 1655 3049 bewältigen werden, wie etwa dié Schroffen des Wiener¬
1683 3000 2772 3063 Unmittelbarkeit des Verfahrens Festgestellte als un¬
564 3021 1656 3101 neustädter Weges auf der „Max. Es gehört nur ein
1695 3042 2764 3110 erschütterliche Grundlage des Urteiles in unserem Straf¬
568 3086 972 3148 starker Wille dazu.
1686 3095 2775 3163 prozessverfahren Geltung hat, wird in erster Linie schon
1695 3164 2780 3214 von der II. Instanz selber manchmal durchbrochen.
679 3185 1506 3257 Die Nichtigkeitsbeschwerde.
1694 3192 2779 3260 Kommt es aber zur zweiten, oder gar dritten Ver¬
1689 3241 2785 3312 handlung, dann haben wir wieder ein vollends anderes
1081 3252 1204 3334 V.*)
1696 3290 2789 3358 Bild. Das Beweismaterial spiegelt sich wieder in anderen
652 3313 1660 3381 Es bleibt also eine Handvoll politischer Prozesse,
1682 3343 2780 3409 Köpfen ab. Die Mienen, Gesten und Bewegungen der
556 3354 1658 3421 die vor die Jury gehören, wo die Wohltat der
1694 3398 2774 3460 Zeugen werden sich kaum so genau, wie bei der ersten
563 3409 1660 3467 freien Beweiswürdigung herrscht. Mehr noch ist
1691 3451 2781 3499 Verhandlung, wiederholen. Wenn ein Zeuge bei der
572 3473 1666 3528 es die Jury selbst, als diese Beweisart. Jetzt erst
1700 3485 2782 3556 ersten Verhandlung unsicher, zögernd und dunkel
566 3528 1670 3573 sind wir in der Lage, den Wert der unanfecht¬
1701 3555 2762 3598 aussagte, wird er es gewiss, wohl schon mit dem Gegen¬
571 3564 1664 3628 baren tatsächlichen Feststellungen als Ausfluss und
1705 3604 2779 3647 stande vertraut, ganz anders bei der zweiten einrichten.
566 3605 1664 3671 Konsequenz der Struktur des Strafprozesses in seiner
1704 3639 2786 3691 Die Widersprüche, auf denen ein Zeuge bei der ersten
580 3665 1668 3731 wichtigsten Funktion, d. i. in der freien Würdigung der
1698 3685 2782 3762 Verhandlung ertappt wurde, wird er wohl bei Jer
568 3723 1669 3786 Beweise zu ermessen. Freilich ist dieser Wert sehr
1697 3718 2791 3799 zweiten vermeiden. Es gibt jetzt andere #ussagen,
573 3756 1672 3823 problematisch und vollends nicht so gross, dass er ein
1695 3795 2790 3850 andere Kreuzfragen, andere Antworten, kurz ein anderes
1653 3829 2790 3901 1 Bild der Verhandlung, und die so ängstlich festgehaltene
687 3843 1578 3926 *) Siehe „Forum“ Nr. 14, 15, 17 und 19 d. J.
