3344 4256
-13 2697 55 2764 04
427 183 826 256 Liebelei
952 178 1410 273 box 11/2
266 179 961 296 5. LescheT
1605 929 1901 1000 ——
808 1012 3261 1095 Strumpfwirkerin und ihr Töchterlein — wie dilettantisch Aphorismen hin auszuschlachten, ein dilettantischer Unfug, den ma
179 1057 498 1156 erspiele
1027 1070 3266 1131 diese Menschen der Handlung aufge= nicht energisch genug bekämpfen kann. Ich zweifle keineswegs, das
796 1084 987 1162 sind
1898 1128 3255 1171 Per=Barbey d'Aurevilly in der täglichen Plauderei — just wie all
802 1127 1887 1200 pfropft! Dabei gehen und kommen die
179 1128 651 1224 n Theaters.
2032 1148 3271 1227 Franzosen — seine Einfälle über den oder jenen Zeitgenossen ungeschmink.
813 1160 2040 1235 sonen wie auf einem öffentlichen Platze. Cristinens
182 1195 360 1276 elei.
806 1188 3279 1261 Zimmer betritt jeder, des es gefällt und den der und unredigiert zum besten gab, aber geistreichelnde Aphorismen
810 1243 3282 1314 Dichter gerade nötig hat; offenbar besitzen die Herrschaften zu veröffentlichen, das ist diesem geistvollen Manne nicht eingefallen.
180 1241 756 1331 von Arthur Schnitzler.
808 1283 3272 1367 sämtlich Korridorschlüssel. Daß der Souperszene Originali= Der z. B. über Stendhal gemachte angebliche „Aphorismus“ ist
177 1294 825 1382 zwanzig oder fünfundzwanzig
2029 1314 3279 1392 in der Tat auch nichts als ein verständnislos aus einem zwanzig
815 1339 2038 1406 tät und Humor völlig mangeln und daß deshalb die unauf¬
173 1359 817 1420 ter Theaterdirektor den Spaß,
815 1402 3276 1452 hörliche Heiterkeit des Fräuleins Mizzi über gar nicht ge= Seiten langen Essay herausgerupfter Satz. Mun schlage auf:
172 1397 820 1454 tücke vorzuführen, die in der
820 1444 3266 1490 machte Witze sehr befremdlich anmutet; daß die weltmänni=IBarbey d’ Aurevilly, Les Deuvres et les Hommes, IV. partie:
162 1443 822 1510 Dramas“ als Meisterwerke ge¬
806 1458 3287 1534 schen Lebensanschauungen des Freundes — bei Schnitzler Les Romanciers: Stendhal, und man wird nach ein paar Seiten
184 1477 828 1562 tliches Kopfschütteln über den
806 1510 3294 1590 hat der Held immer einen Freund mit Lebensanschauungenfolgende Stelle finden: „Fait pour le monde, comme tous
166 1536 829 1586 ck unseres Zeitalters und all¬
866 1575 3285 1624 schon sehr oft von anderer Seite zu Gehör gebracht wor=les ambitieux qui finissent par se venger, en le
171 1574 827 1635 Merkmale des durchschlagenden
2311 1594 3273 1656 ne ponvoir le gouverner, Stendhal, misan¬
2026 1606 2329 1672 jugeant, de
817 1608 2045 1669 den sind; daß schließlich die milde Auffassung des alten
167 1621 827 1681 Em wagemutigen Witzbold der
808 1634 3284 1708 Herrn Weiring über Cristinens Fehltritt nicht aus dem [thrope vrai an fond, mais qui cachait sa misanthropie
170 1666 823 1726 Ets sicher. Und den Preis trüge
800 1683 3284 1751 Herzen eines Vaters, sondern aus der befleckten Phantasiecomme on cache une blessure à chaque instant près de saigner.
176 1701 828 1773 Langweilereien wahrscheinlich
2030 1739 3280 1790 Stendhal fut — j’oserai le dire — un Tartuffe en beaucoup de
186 1736 2045 1800 Sie würde als der schrecklichste eines Mädchenjägers kommt, das alles sei nur noch nebenher
2030 1768 3272 1835 choses, quoiqu’il put étre franc comme la force, car il Tavait
805 1792 2036 1840 bemerkt. Aber es verstärkt die Abneigung gegen das miß¬
185 1798 319 1859 den.
2041 1816 3283 1879 Qui, un Tartuffe, entendons nous bien, un Tartuffe intellectuel.
811 1828 2045 1894 lungene Stück, das man aus seiner Grabesruhe nicht hätte
196 1822 825 1892 ndrei Akten nennt man noch
2027 1866 3288 1926 II le fut de naturel, d’originalité, de clarté, de logique, poussant
819 1873 1229 1953 aufscheuchen sollen.
170 1861 826 1946 Blinden die Augen aufgegangen
2040 1907 3282 1972 sa tartufferie jus’qu'à la secheresse; un Tartuffe qui commenca
892 1900 2035 1970 Fräulein Höflich lieh der Christine von vornherein
175 1910 812 1986 febenswürdigste und feinste“
2037 1942 3283 2014 par jouer sa comédie aux autres ct qui devint, comme tous
811 1959 2034 2026 einen Jammerton der auf die Nerven fiel und jeden Lieb¬
173 1960 821 2034 die Charakteristik nichts einzu¬
2033 1982 3283 2059 les tartuffes, son propre bonhomme Orgon à lui-méme, punction
173 1996 2051 2072 iv Schnitzlers, und nur Schnitz= haber sofort abgeschreckt hätte. In Erscheinung und Wesen
2030 2038 3157 2117 ordinaire et bien merctié de tous ces menteurs etc. etc.“
814 2041 2056 2108 war nichts von dem vielberufenen süßen Wiener Mädel zu
180 2042 832 2114 wöge. Kann ich mir doch denken,
2111 2059 3276 2147 Im ganzen Zusammenhange bekommt der Sinn doch eine andere
812 2070 2058 2149 spüren. Ihr Schatz, das Lebeknäblein Fritz, blieb in der
169 2095 832 2172 ie „Liebelei“ verhältnismäßig
2042 2128 3268 2187 Nuance. Vermutlich sind auch die übrigen famosen „Aphorismen“
817 2135 2048 2192 Darstellung des Herrn Dumont ein kläglicher dummer
168 2136 831 2203 chleier der Beatrice“, den „Ruf
2034 2173 3281 2233 über Dumas, Humboldt und Mirabeau in ähnlicher Weise foörizier!
825 2162 2045 2242 Junge ohne Hirn und Gemüt. Besser faßte, wenigstens im
189 2175 818 2248 Schöpfungen stellt. Leider ist
2031 2202 3288 2283 worden. Es wäre nicht uninteressant, den Namen dieses Wurst¬
821 2215 2048 2278 ersten Akt, Herr Eckart den vergnügten, leichtsinnigen
194 2221 827 2296 Kennzeichnung der „Liebelei“
2876 2265 3214 2331 Arthur Schurig.
2041 2275 2508 2340 fabrikanten zu erfahren.
817 2260 2051 2328 Freund; später kam auch er nicht mehr gegen die Leichen¬
167 2261 827 2340 eil, ein Lob allgemeiner Natur
824 2306 2055 2369 bitterstimmung der anderen auf. Im dritten Akt begnügte
178 2320 818 2375 8 die mißlungene Sache immer
823 2351 2054 2412 sich, abgesehen von dem trefflichen Herrn Pagay, dem
168 2348 832 2424 hwatzen. Dagegen wollen wir
2096 2351 3289 2424 Eine kühne Klettertour finden wir in den „Münchner Neuesten
818 2397 2060 2457 Vater Christinens, alles damit, neben Fräulein
176 2402 824 2466 bei den Nachkommen nicht den
2036 2406 3287 2472 Nachrichten“ beschrieben. Es handelt sich um eine Aufgabe, die
822 2432 2049 2507 Höflich Statisterie zu treiben. Es war diesmal keine Muster¬
169 2446 549 2515 keit zu erwecken
2038 2439 3288 2519 selbst erstklassige Steiger bisher nicht gelö ben, um die Durch¬
182 2482 2052 2547 Szene des Stuckes kennt man aufführung, wirklich nicht. Aber man kann's den Schau¬
2042 2493 3288 2560 kletterung der etwa 600 Mete ohen Westwand
824 2535 2047 2590 spielern kaum übel nehmen. Die ihnen gestellte Aufgabe ver¬
168 2526 839 2597 che Spannung kommt nicht auf.
2025 2536 3290 2603 [des Totenkirchls. Herrn Rudolf Schietzold jr. ist der
1863 2569 2017 2645 r. n.
825 2583 1726 2641 lockte nicht zu irgend welchem Höhenfluge.
171 2563 838 2652 elche Sympathie. Was schert
2017 2583 3286 2652 große Wurf gelungen. Nachdem Schietzold am 11. September
169 2620 840 2689 ber dessen Geistesgaben und
2031 2621 3284 2711 eine Rekognoszierungskletterei im Aufstieg unternommen hatte,
169 2660 843 2727 ig wie seine Christine erfahren?
2040 2668 3290 2746 gelang ihm in 5½ Stunden die Durchführung der ganzen Aufgabe
881 2679 2054 2752 Der neue Roman Sudermanns. Für den ersten Druck seines
179 2700 835 2769 llt oder nicht, ist dem Zuschauer
2037 2723 3290 2779 am nächsten Tage. Der Tourist schildert das Abenteuer wie folgt:
824 2736 2047 2801 neuen Nomans in einer hiesigen Zeitung sind dem Dichter an¬
193 2746 837 2824 b setzt uns auch die haltlose
2036 2736 3298 2827 [Rekognoszierungskletterei am 11. September
825 2778 2052 2851 geblich 100 000 Mk. geboten worden. Sudermann hat dieses An¬
187 2809 831 2872 süßen Mädels über den Tod
2047 2797 3286 2874 1907. Ungefähr 20 Meter links von der Randkluft des Winkler¬
830 2821 2046 2896 gebot abgelehnt mit der Begründung, er wolle sein Kind
172 2834 828 2900 nen. So wenig Liebenswertes
2044 2845 3290 2915 couloirs Einstieg in die Felsen. Zunächst über brüchigen schrofigen
826 2863 2049 2936 nicht zerstückelt sehen. Wie schade, daß er diesen Grundsatz
170 2879 829 2956 können, daß die wütende Leiden¬
2044 2887 3291 2959 Fels an 40 Meter empor, leicht nach rechts zu dem die Wand
825 2899 2055 2973 nicht auch schon früher gehabt hat, sondern ehedem sogar seine
166 2919 834 2999 Perversität anmutet. Ein Weib
2041 2933 3282 3008 herabkommenden Wasser strebend. — Nun gerade aufwärts über
832 2954 2059 3038 Dramen fetzenweise in Wochenschriften hat veröffentlichen lassen!
168 2972 839 3050 sich nicht so fort. Liebe ist zwar
2033 2975 3291 3058 einen kleinen überhängenden Kamin und schwierige Wandstellen
175 3026 842 3084 ramatiker. Wir würden Julia
2052 3019 3283 3095 zu einem 50 Meter langen Bande, das gegen Ende in eine furcht¬
882 3051 2047 3114 Barbey d'Aurevilly und Steudhal. Man schreibt uns im An¬
180 3057 848 3139 lein Idiot wäre. Entweder wir
2054 3060 3288 3136 bar exponierte, grasbewachene Leiste übergeht, direkt darunter
832 3095 2048 3163 schluß an unsere Notiz in der Nummer vom 7. September: Unter
172 3109 835 3174 cken die Achseln über ihre Ver¬
2050 3107 3292 3180 bricht die Wand überhängend etwa 150 Meter gegen den hohen
833 3135 2056 3207 dem Titel „Aphorismen Barbey d' Aurevillys“ ver¬
183 3159 831 3209 und ungeschickte Apparat, den
2047 3154 3290 3230 Winkel ab. An sehr schlechten Griffen wird dies furchtbar aus¬
834 3177 2046 3250 öffentlicht irgend ein Unbekannter eine Anzahl von Sätzen, indem
168 3199 835 3250 ietet, verstärkt den Widerwillen
2038 3194 3277 3275 gesetzte und unsichere Stück überwunden und eine Schrofenrinne
834 3230 2061 3293 er dabei die literarische Fälschung begeht, zu behaupten: „Sein
174 3241 837 3306 ten Akt hineingeworfene fremde
833 3238 3278 3337 Ruhm und seine Stärke waren die Aphorismen, die er aus dem (20 Meter hoch) verfolgt. Nun über senkrechten brüchigen Fels
178 3286 849 3345 kt. dem Verführer seiner Frau
180 3324 3285 3397 zurückzubringen, und der dann Siegreif dichtete ...“ Bekanntlich ist es heutzutage geradezu eine auf eine kleine Terrasse (Steinmann). Es ziehen nun zwei
192 3329 3288 3442 abgeht; die geschwätzige Frau! Seuche, die großen Schriftsteller und Dichter der Weltliteratur auf! Kamine in die Höhe. Der linke ist in seinem unteren Teil über¬
