<?xml version="1.0" encoding="UTF-8" standalone="yes"?>
<PcGts xmlns="http://schema.primaresearch.org/PAGE/gts/pagecontent/2013-07-15" xmlns:xsi="http://www.w3.org/2001/XMLSchema-instance" xsi:schemaLocation="http://schema.primaresearch.org/PAGE/gts/pagecontent/2013-07-15 http://schema.primaresearch.org/PAGE/gts/pagecontent/2013-07-15/pagecontent.xsd">
    <Metadata>
        <Creator>prov=University of Rostock/Institute of Mathematics/CITlab/Gundram Leifert/gundram.leifert@uni-rostock.de:name=ONB_Newseye_GT_M1+(htr_id=10810)::::v=2.4.2
prov=University of Rostock/Institute of Mathematics/CITlab/Tobias Gruening/tobias.gruening@uni-rostock.de:name=de.uros.citlab.module.baseline2polygon.B2PSeamMultiOriented:v=2.4.2
prov=University of Rostock/Institute of Mathematics/CITlab/Tobias Gruening/tobias.gruening@uni-rostock.de:name=/mnt/transkribus/LA/DEA/URO/LA_news_onb_att.pb:de.uros.citlab.segmentation.CITlab_LA_ML:v=2.4.2
Transkribus</Creator>
        <Created>2019-10-07T11:55:11.958+02:00</Created>
        <LastChange>2019-10-09T07:22:53.176+02:00</LastChange>
        <TranskribusMetadata docId="223992" pageId="9508297" pageNr="785" tsid="16626569" status="IN_PROGRESS" userId="40391" imgUrl="https://files.transkribus.eu/Get?id=GANAQTHRJTSSGORWTXZDODDW&amp;fileType=view" xmlUrl="https://files.transkribus.eu/Get?id=BVTLITEUNYJVOCHVEGJOKRPH" imageId="6197677"/>
    </Metadata>
    <Page imageFilename="223992_0785.jpeg" imageWidth="3436" imageHeight="4224">
        <ReadingOrder>
            <OrderedGroup id="ro_1711445998287" caption="Regions reading order">
                <RegionRefIndexed index="0" regionRef="r1"/>
                <RegionRefIndexed index="1" regionRef="r2"/>
                <RegionRefIndexed index="2" regionRef="r3"/>
            </OrderedGroup>
        </ReadingOrder>
        <TextRegion orientation="0.0" id="r1" custom="readingOrder {index:0;}">
            <Coords points="236,206 236,266 911,266 911,206"/>
            <TextLine id="r1l1" custom="readingOrder {index:0;}">
                <Coords points="404,242 755,240 753,177 744,175 709,193 654,176 583,199 561,180 475,203 437,186 403,188"/>
                <Baseline points="409,237 435,235 461,234 487,233 513,232 540,232 566,231 592,231 618,231 645,230 671,229 697,229 723,228 750,226"/>
                <TextEquiv>
                    <Unicode>Liebelei</Unicode>
                </TextEquiv>
            </TextLine>
            <TextLine id="r1l2" custom="readingOrder {index:1;}">
                <Coords points="230,269 350,249 385,271 575,281 866,243 916,264 910,220 431,241 326,191 232,187"/>
                <Baseline points="236,230 269,235 303,240 337,244 371,247 404,250 438,253 472,254 506,255 539,256 573,256 607,256 641,255 674,255 708,254 742,252 776,251 809,249 843,247 877,246 911,244"/>
                <TextEquiv>
                    <Unicode>5. B</Unicode>
                </TextEquiv>
            </TextLine>
            <TextEquiv>
                <Unicode>Liebelei
5. B</Unicode>
            </TextEquiv>
        </TextRegion>
        <TextRegion orientation="0.0" id="r2" custom="readingOrder {index:1;}">
            <Coords points="933,121 933,286 1343,286 1343,121"/>
            <TextLine id="r2l1" custom="readingOrder {index:0;}">
                <Coords points="928,223 1054,251 1119,232 1177,246 1207,234 1254,248 1282,230 1349,244 1348,173 1323,165 1269,178 1188,160 1118,199 1006,195 977,173 928,189"/>
                <Baseline points="933,233 958,233 984,233 1009,233 1035,233 1061,234 1086,234 1112,235 1138,235 1163,236 1189,235 1214,234 1240,234 1266,231 1291,229 1317,226 1343,221"/>
                <TextEquiv>
                    <Unicode>box 11/3</Unicode>
                </TextEquiv>
            </TextLine>
            <TextEquiv>
                <Unicode>box 11/3</Unicode>
            </TextEquiv>
        </TextRegion>
        <TextRegion orientation="0.0" id="r3" custom="readingOrder {index:2;}">
            <Coords points="1413,130 1413,3887 2223,3887 2223,130"/>
            <TextLine id="r3l1" custom="readingOrder {index:0;}">
                <Coords points="1420,178 1442,178 1458,165 1473,168 1478,173 1492,166 1511,169 1517,164 1528,167 1527,133 1509,136 1486,121 1472,130 1457,122 1454,125 1442,121 1428,128 1419,127"/>
                <Baseline points="1425,159 1457,157 1490,158 1523,157"/>
                <TextEquiv>
                    <Unicode>skab.</Unicode>
                </TextEquiv>
            </TextLine>
            <TextLine id="r3l2" custom="readingOrder {index:1;}">
                <Coords points="1454,230 1806,232 1913,207 2104,230 2186,216 2186,162 1734,186 1640,154 1454,176"/>
                <Baseline points="1459,216 1495,216 1531,216 1567,216 1603,216 1639,216 1675,216 1711,215 1747,215 1783,215 1820,214 1856,214 1892,214 1928,213 1964,213 2000,212 2036,212 2072,211 2108,211 2144,211 2181,210"/>
                <TextEquiv>
                    <Unicode>Det sidste synes vi ikke kan siges om</Unicode>
                </TextEquiv>
            </TextLine>
            <TextLine id="r3l3" custom="readingOrder {index:2;}">
                <Coords points="1430,294 2174,273 2173,223 1829,224 1739,233 1692,266 1628,240 1429,234"/>
                <Baseline points="1435,278 1471,277 1508,277 1545,277 1581,276 1618,276 1655,276 1691,276 1728,276 1765,275 1802,275 1838,275 1875,274 1912,274 1948,273 1985,272 2022,272 2058,270 2095,269 2132,268 2169,265"/>
                <TextEquiv>
                    <Unicode>„Elskovsleg : Noget seerlig betydeligt</Unicode>
                </TextEquiv>
            </TextLine>
            <TextLine id="r3l4" custom="readingOrder {index:3;}">
                <Coords points="1420,329 1521,350 2174,329 2165,286 1419,300"/>
                <Baseline points="1425,332 1462,332 1499,332 1536,332 1573,332 1611,332 1648,332 1685,332 1722,332 1759,331 1797,331 1834,331 1871,330 1908,330 1945,329 1983,328 2020,328 2057,326 2094,326 2131,324 2169,323"/>
                <TextEquiv>
                    <Unicode>Arbejde kan det vel ikke kaldes, men</Unicode>
                </TextEquiv>
            </TextLine>
            <TextLine id="r3l5" custom="readingOrder {index:4;}">
                <Coords points="1410,385 1648,412 1730,391 2181,390 2181,354 2037,338 1729,360 1605,338 1542,365 1410,350"/>
                <Baseline points="1415,389 1453,390 1491,390 1529,390 1567,390 1605,390 1643,390 1681,390 1719,390 1757,389 1795,389 1833,389 1871,389 1909,389 1947,388 1985,388 2023,387 2061,387 2099,387 2137,386 2176,386"/>
                <TextEquiv>
                    <Unicode>det har dog et Alvorsord at sige os,</Unicode>
                </TextEquiv>
            </TextLine>
            <TextLine id="r3l6" custom="readingOrder {index:5;}">
                <Coords points="1408,474 1485,452 1617,471 2193,450 2192,415 2164,404 2079,418 1941,385 1807,422 1680,398 1408,433"/>
                <Baseline points="1413,451 1451,451 1490,452 1529,452 1568,452 1606,451 1645,451 1684,451 1723,450 1761,449 1800,449 1839,448 1878,447 1916,446 1955,445 1994,444 2033,443 2071,442 2110,441 2149,441 2188,440"/>
                <TextEquiv>
                    <Unicode>og det siger det paa en Mande, som vi</Unicode>
                </TextEquiv>
            </TextLine>
            <TextLine id="r3l7" custom="readingOrder {index:6;}">
                <Coords points="1424,530 1484,532 1517,515 1581,512 1606,527 1709,534 1730,516 1788,515 1788,473 1723,459 1642,486 1579,487 1559,474 1519,481 1501,469 1475,484 1424,468"/>
                <Baseline points="1429,508 1454,507 1479,507 1504,506 1530,506 1555,506 1580,506 1606,507 1631,507 1656,507 1681,507 1707,507 1732,506 1757,506 1783,505"/>
                <TextEquiv>
                    <Unicode>forstaar og husker.</Unicode>
                </TextEquiv>
            </TextLine>
            <TextLine id="r3l8" custom="readingOrder {index:7;}">
                <Coords points="1462,564 1596,598 1713,574 1935,578 1979,556 2194,572 2193,524 2125,511 1461,535"/>
                <Baseline points="1466,561 1502,563 1538,564 1574,565 1610,566 1646,567 1682,567 1718,567 1754,567 1790,567 1827,567 1863,566 1899,566 1935,565 1971,564 2007,563 2043,562 2079,561 2115,560 2151,558 2188,557"/>
                <TextEquiv>
                    <Unicode>Ganske vist er de to forste Akter lidt</Unicode>
                </TextEquiv>
            </TextLine>
            <TextLine id="r3l9" custom="readingOrder {index:8;}">
                <Coords points="1422,639 2192,630 2191,594 2057,573 1421,590"/>
                <Baseline points="1427,625 1465,627 1503,628 1541,629 1579,629 1617,629 1655,628 1693,627 1731,626 1769,625 1807,623 1845,622 1883,620 1921,619 1959,618 1997,617 2035,616 2073,615 2111,615 2149,615 2187,615"/>
                <TextEquiv>
                    <Unicode>tynde; i 1ste preesenteres vi blot for de</Unicode>
                </TextEquiv>
            </TextLine>
            <TextLine id="r3l10" custom="readingOrder {index:9;}">
                <Coords points="1427,697 2183,685 2149,643 2091,636 1809,659 1521,642 1475,664 1427,645"/>
                <Baseline points="1432,688 1469,687 1506,687 1543,686 1581,685 1618,685 1655,684 1693,683 1730,682 1767,682 1805,681 1842,680 1879,679 1916,679 1954,678 1991,678 2028,677 2066,677 2103,676 2140,676 2178,676"/>
                <TextEquiv>
                    <Unicode>to unge Levemand og deres Pigeborn,</Unicode>
                </TextEquiv>
            </TextLine>
            <TextLine id="r3l11" custom="readingOrder {index:10;}">
                <Coords points="1420,765 1646,741 2123,753 2183,733 2182,699 2111,690 1419,718"/>
                <Baseline points="1425,745 1462,745 1500,745 1537,745 1575,745 1613,744 1650,744 1688,743 1726,742 1763,741 1801,740 1839,739 1876,738 1914,737 1952,736 1989,735 2027,734 2065,734 2102,733 2140,732 2178,732"/>
                <TextEquiv>
                    <Unicode>mens man kun horer om Fritz Lobhei¬</Unicode>
                </TextEquiv>
            </TextLine>
            <TextLine id="r3l12" custom="readingOrder {index:11;}">
                <Coords points="1416,805 2124,810 2189,795 2189,754 1416,770"/>
                <Baseline points="1421,803 1459,803 1497,804 1535,804 1573,803 1611,803 1649,802 1688,801 1726,801 1764,800 1802,799 1840,798 1878,797 1916,796 1955,795 1993,794 2031,794 2069,793 2107,792 2145,792 2184,792"/>
                <TextEquiv>
                    <Unicode>mers (Adam Poulsens) stabnesvangre</Unicode>
                </TextEquiv>
            </TextLine>
            <TextLine id="r3l13" custom="readingOrder {index:12;}">
                <Coords points="1426,875 2196,856 2195,822 2142,801 1919,834 1844,808 1592,833 1425,805"/>
                <Baseline points="1431,861 1469,862 1507,863 1545,863 1583,863 1621,863 1659,862 1697,862 1735,861 1773,860 1811,859 1849,858 1887,857 1925,856 1963,855 2001,854 2039,853 2077,852 2115,851 2153,850 2191,850"/>
                <TextEquiv>
                    <Unicode>Forhold til en gift Kone. Den flutter</Unicode>
                </TextEquiv>
            </TextLine>
            <TextLine id="r3l14" custom="readingOrder {index:13;}">
                <Coords points="1428,925 2162,919 2185,916 2185,866 1428,876"/>
                <Baseline points="1433,919 1470,920 1507,920 1545,920 1582,920 1619,920 1657,920 1694,919 1731,918 1769,918 1806,917 1843,916 1881,915 1918,914 1955,913 1993,912 2030,911 2067,910 2105,909 2142,908 2180,908"/>
                <TextEquiv>
                    <Unicode>med en Udfordring fra hendes Mand.</Unicode>
                </TextEquiv>
            </TextLine>
            <TextLine id="r3l15" custom="readingOrder {index:14;}">
                <Coords points="1418,980 1457,1000 1491,981 1601,996 1635,970 1784,994 2196,972 2195,931 2126,924 1622,947 1417,929"/>
                <Baseline points="1423,982 1461,982 1499,982 1538,981 1576,981 1615,981 1653,980 1691,979 1730,978 1768,978 1807,977 1845,975 1883,974 1922,973 1960,972 1999,971 2037,970 2075,968 2114,967 2152,966 2191,964"/>
                <TextEquiv>
                    <Unicode>J anden Akt befinder bi os i den</Unicode>
                </TextEquiv>
            </TextLine>
            <TextLine id="r3l16" custom="readingOrder {index:15;}">
                <Coords points="1426,1049 1821,1053 1886,1029 2113,1050 2191,1037 2190,996 1937,1002 1901,980 1425,1016"/>
                <Baseline points="1431,1042 1468,1041 1506,1039 1544,1037 1582,1036 1619,1035 1657,1035 1695,1033 1733,1033 1770,1032 1808,1031 1846,1030 1884,1029 1921,1029 1959,1029 1997,1028 2035,1028 2072,1027 2110,1027 2148,1027 2186,1026"/>
                <TextEquiv>
                    <Unicode>gamle Musiker Weirings tarvelige Hjem.</Unicode>
                </TextEquiv>
            </TextLine>
            <TextLine id="r3l17" custom="readingOrder {index:16;}">
                <Coords points="1426,1119 1705,1085 1868,1117 1964,1088 2127,1104 2198,1083 2197,1044 1971,1068 1843,1042 1694,1068 1426,1062"/>
                <Baseline points="1431,1095 1469,1095 1507,1095 1545,1095 1583,1095 1621,1095 1659,1094 1697,1094 1735,1093 1773,1093 1812,1092 1850,1091 1888,1091 1926,1090 1964,1089 2002,1089 2040,1088 2078,1087 2116,1086 2154,1086 2193,1085"/>
                <TextEquiv>
                    <Unicode>Hans Datter Ehristie er nu Fritz's</Unicode>
                </TextEquiv>
            </TextLine>
            <TextLine id="r3l18" custom="readingOrder {index:17;}">
                <Coords points="1425,1173 2074,1174 2197,1126 2021,1103 1424,1120"/>
                <Baseline points="1430,1153 1468,1153 1506,1154 1544,1154 1582,1154 1620,1154 1658,1154 1696,1154 1734,1153 1772,1153 1811,1152 1849,1152 1887,1151 1925,1150 1963,1149 2001,1148 2039,1147 2077,1145 2115,1144 2153,1142 2192,1140"/>
                <TextEquiv>
                    <Unicode>Elskerinde, men medens han tager For¬</Unicode>
                </TextEquiv>
            </TextLine>
            <TextLine id="r3l19" custom="readingOrder {index:18;}">
                <Coords points="1426,1229 1937,1231 2184,1205 2152,1166 1425,1173"/>
                <Baseline points="1431,1217 1468,1216 1505,1215 1543,1214 1580,1213 1617,1212 1655,1212 1692,1211 1729,1211 1767,1210 1804,1210 1841,1209 1879,1209 1916,1208 1953,1207 1991,1207 2028,1205 2065,1204 2103,1202 2140,1200 2178,1198"/>
                <TextEquiv>
                    <Unicode>holbet paa samme lette Maade som tid¬</Unicode>
                </TextEquiv>
            </TextLine>
            <TextLine id="r3l20" custom="readingOrder {index:19;}">
                <Coords points="1426,1282 2193,1279 2192,1229 2161,1222 1426,1240"/>
                <Baseline points="1431,1271 1468,1271 1506,1271 1544,1270 1582,1270 1620,1270 1658,1270 1695,1269 1733,1269 1771,1268 1809,1267 1847,1267 1885,1266 1923,1265 1960,1265 1998,1263 2036,1263 2074,1262 2112,1261 2150,1260 2188,1258"/>
                <TextEquiv>
                    <Unicode>ligere, bliver det ramme Alvor for</Unicode>
                </TextEquiv>
            </TextLine>
            <TextLine id="r3l21" custom="readingOrder {index:20;}">
                <Coords points="1424,1348 2199,1327 2198,1297 2147,1280 1423,1289"/>
                <Baseline points="1429,1329 1467,1330 1505,1331 1543,1331 1582,1332 1620,1332 1658,1331 1696,1331 1735,1330 1773,1329 1811,1328 1849,1328 1888,1327 1926,1325 1964,1324 2002,1323 2041,1322 2079,1321 2117,1319 2155,1318 2194,1317"/>
                <TextEquiv>
                    <Unicode>hende. Keerligheden er for hende hele</Unicode>
                </TextEquiv>
            </TextLine>
            <TextLine id="r3l22" custom="readingOrder {index:21;}">
                <Coords points="1427,1393 2207,1386 2206,1331 2145,1352 2096,1334 1427,1353"/>
                <Baseline points="1432,1383 1470,1386 1509,1388 1547,1389 1586,1390 1624,1390 1663,1390 1701,1390 1740,1389 1778,1388 1817,1387 1855,1386 1894,1385 1932,1384 1971,1383 2009,1382 2048,1381 2086,1381 2125,1381 2163,1381 2202,1382"/>
                <TextEquiv>
                    <Unicode>Livet. Ganske fin er Skildringen af</Unicode>
                </TextEquiv>
            </TextLine>
            <TextLine id="r3l23" custom="readingOrder {index:22;}">
                <Coords points="1421,1465 1567,1478 1702,1444 2035,1460 2194,1437 2194,1400 1420,1410"/>
                <Baseline points="1425,1451 1463,1450 1501,1450 1539,1449 1577,1449 1616,1448 1654,1448 1692,1447 1730,1446 1768,1446 1807,1445 1845,1445 1883,1444 1921,1443 1959,1442 1998,1442 2036,1441 2074,1440 2112,1440 2150,1439 2189,1438"/>
                <TextEquiv>
                    <Unicode>Fritz' Affked med Christine, hvor kun</Unicode>
                </TextEquiv>
            </TextLine>
            <TextLine id="r3l24" custom="readingOrder {index:23;}">
                <Coords points="1429,1507 1631,1517 1756,1487 1796,1514 2170,1515 2205,1501 2205,1472 1688,1448 1429,1482"/>
                <Baseline points="1434,1494 1472,1494 1510,1495 1548,1495 1587,1495 1625,1495 1663,1495 1702,1496 1740,1496 1778,1496 1817,1496 1855,1497 1893,1497 1931,1497 1970,1498 2008,1498 2046,1498 2085,1499 2123,1499 2161,1500 2200,1500"/>
                <TextEquiv>
                    <Unicode>han bed, al det manfterer sidste Gang.</Unicode>
                </TextEquiv>
            </TextLine>
            <TextLine id="r3l25" custom="readingOrder {index:24;}">
                <Coords points="1463,1540 1511,1568 1634,1557 1678,1583 1782,1554 2109,1580 2203,1553 2203,1528 2139,1505 1996,1530 1751,1501 1463,1524"/>
                <Baseline points="1468,1548 1504,1549 1541,1550 1577,1551 1614,1551 1650,1552 1687,1553 1723,1553 1760,1553 1796,1554 1833,1554 1869,1554 1906,1554 1942,1554 1979,1554 2015,1554 2052,1554 2088,1554 2125,1554 2161,1554 2198,1553"/>
                <TextEquiv>
                    <Unicode>Der er i disse to Akter mange gode</Unicode>
                </TextEquiv>
            </TextLine>
            <TextLine id="r3l26" custom="readingOrder {index:25;}">
                <Coords points="1439,1618 2200,1624 2200,1583 2119,1574 1439,1569"/>
                <Baseline points="1444,1607 1481,1609 1519,1610 1556,1611 1594,1612 1631,1613 1669,1613 1706,1613 1744,1614 1781,1614 1819,1614 1857,1613 1894,1613 1932,1613 1969,1613 2007,1613 2044,1612 2082,1612 2119,1612 2157,1612 2195,1613"/>
                <TextEquiv>
                    <Unicode>Enkeltheder, men Handlingen er for</Unicode>
                </TextEquiv>
            </TextLine>
            <TextLine id="r3l27" custom="readingOrder {index:26;}">
                <Coords points="1433,1688 2193,1684 2193,1648 2059,1627 1921,1647 1736,1621 1647,1654 1433,1639"/>
                <Baseline points="1438,1667 1475,1669 1513,1670 1550,1671 1588,1671 1625,1672 1663,1672 1700,1673 1738,1673 1775,1673 1813,1673 1850,1673 1888,1673 1925,1673 1963,1673 2000,1673 2038,1673 2075,1673 2113,1674 2150,1674 2188,1675"/>
                <TextEquiv>
                    <Unicode>ubetydelig og slaber sig ofte lidt lang¬</Unicode>
                </TextEquiv>
            </TextLine>
            <TextLine id="r3l28" custom="readingOrder {index:27;}">
                <Coords points="1426,1745 2194,1747 2182,1684 2070,1708 1426,1696"/>
                <Baseline points="1431,1731 1468,1732 1506,1732 1544,1733 1582,1733 1620,1733 1658,1733 1696,1733 1734,1733 1772,1733 1810,1733 1847,1733 1885,1733 1923,1732 1961,1732 1999,1732 2037,1731 2075,1731 2113,1730 2151,1730 2189,1729"/>
                <TextEquiv>
                    <Unicode>somt afsted. J. 3die Akt kommer der</Unicode>
                </TextEquiv>
            </TextLine>
            <TextLine id="r3l29" custom="readingOrder {index:28;}">
                <Coords points="1435,1801 2207,1804 2207,1775 2142,1753 1943,1744 1874,1774 1707,1745 1476,1764 1435,1745"/>
                <Baseline points="1440,1789 1478,1790 1516,1791 1554,1791 1592,1792 1630,1793 1668,1793 1706,1793 1744,1793 1782,1793 1821,1793 1859,1793 1897,1793 1935,1793 1973,1792 2011,1792 2049,1791 2087,1791 2125,1790 2163,1790 2202,1789"/>
                <TextEquiv>
                    <Unicode>mere Fart i Tingene. Christine sidder</Unicode>
                </TextEquiv>
            </TextLine>
            <TextLine id="r3l30" custom="readingOrder {index:29;}">
                <Coords points="1431,1853 2103,1864 2202,1854 2202,1807 1431,1822"/>
                <Baseline points="1436,1847 1474,1848 1512,1849 1550,1850 1588,1851 1626,1851 1664,1851 1702,1851 1740,1851 1778,1851 1816,1851 1854,1851 1892,1851 1930,1850 1968,1850 2006,1850 2044,1849 2082,1849 2120,1849 2158,1849 2197,1848"/>
                <TextEquiv>
                    <Unicode>nu paa tredie Dag og venter og venter</Unicode>
                </TextEquiv>
            </TextLine>
            <TextLine id="r3l31" custom="readingOrder {index:30;}">
                <Coords points="1427,1909 1544,1932 2200,1914 2200,1880 2144,1865 1427,1871"/>
                <Baseline points="1432,1905 1470,1907 1508,1909 1546,1911 1584,1912 1622,1912 1660,1912 1699,1912 1737,1912 1775,1911 1813,1911 1851,1910 1889,1910 1927,1909 1966,1908 2004,1908 2042,1908 2080,1907 2118,1908 2156,1908 2195,1909"/>
                <TextEquiv>
                    <Unicode>paa Fritz, der imidlertid er bleven skudt</Unicode>
                </TextEquiv>
            </TextLine>
            <TextLine id="r3l32" custom="readingOrder {index:31;}">
                <Coords points="1429,1983 2016,1969 2108,1989 2204,1968 2204,1941 2057,1921 2019,1941 1829,1914 1722,1946 1429,1921"/>
                <Baseline points="1434,1963 1472,1965 1510,1966 1548,1967 1587,1968 1625,1969 1663,1970 1701,1970 1740,1970 1778,1970 1816,1970 1854,1970 1893,1970 1931,1970 1969,1969 2007,1969 2046,1969 2084,1968 2122,1968 2160,1968 2199,1968"/>
                <TextEquiv>
                    <Unicode>i Duellen og begravet for en Time</Unicode>
                </TextEquiv>
            </TextLine>
            <TextLine id="r3l33" custom="readingOrder {index:32;}">
                <Coords points="1430,2034 2203,2028 2203,2002 2091,1981 1963,2000 1825,1973 1750,2002 1574,1983 1543,2003 1430,1984"/>
                <Baseline points="1435,2024 1473,2025 1511,2026 1549,2027 1587,2027 1625,2028 1663,2028 1702,2028 1740,2028 1778,2028 1816,2027 1854,2027 1892,2027 1930,2027 1969,2026 2007,2026 2045,2026 2083,2026 2121,2026 2159,2026 2198,2027"/>
                <TextEquiv>
                    <Unicode>siden. Hendes gamle Fader soger for¬</Unicode>
                </TextEquiv>
            </TextLine>
            <TextLine id="r3l34" custom="readingOrder {index:33;}">
                <Coords points="1428,2096 2122,2104 2203,2063 1962,2033 1905,2057 1848,2034 1428,2066"/>
                <Baseline points="1433,2086 1471,2087 1509,2087 1547,2087 1586,2087 1624,2087 1662,2087 1700,2087 1739,2087 1777,2087 1815,2087 1853,2086 1892,2086 1930,2086 1968,2086 2006,2086 2045,2086 2083,2085 2121,2085 2159,2085 2198,2086"/>
                <TextEquiv>
                    <Unicode>geeves at forberede hende. Saa kom¬</Unicode>
                </TextEquiv>
            </TextLine>
            <TextLine id="r3l35" custom="readingOrder {index:34;}">
                <Coords points="1435,2146 2018,2168 2202,2135 2202,2108 2096,2091 2022,2119 1973,2098 1938,2117 1435,2105"/>
                <Baseline points="1440,2141 1477,2142 1515,2143 1553,2143 1591,2144 1629,2144 1667,2144 1704,2144 1742,2144 1780,2144 1818,2144 1856,2144 1894,2144 1932,2144 1969,2144 2007,2144 2045,2144 2083,2144 2121,2144 2159,2144 2197,2144"/>
                <TextEquiv>
                    <Unicode>mer Vennen med den frygtelige Sand¬</Unicode>
                </TextEquiv>
            </TextLine>
            <TextLine id="r3l36" custom="readingOrder {index:35;}">
                <Coords points="1428,2216 2205,2214 2183,2168 2095,2189 2032,2165 1428,2165"/>
                <Baseline points="1433,2202 1471,2203 1509,2203 1548,2204 1586,2204 1624,2205 1663,2205 1701,2206 1739,2206 1778,2206 1816,2206 1854,2206 1893,2206 1931,2206 1969,2205 2008,2205 2046,2205 2084,2205 2123,2204 2161,2204 2200,2204"/>
                <TextEquiv>
                    <Unicode>hed. Den sidste Scene hever sig op i</Unicode>
                </TextEquiv>
            </TextLine>
            <TextLine id="r3l37" custom="readingOrder {index:36;}">
                <Coords points="1426,2276 1638,2268 1709,2290 1923,2267 2026,2290 2203,2280 2204,2250 2067,2218 1989,2238 1427,2226"/>
                <Baseline points="1432,2259 1470,2260 1508,2262 1547,2263 1585,2263 1623,2264 1662,2264 1700,2264 1738,2264 1777,2265 1815,2265 1853,2265 1892,2265 1930,2265 1968,2265 2007,2265 2045,2265 2083,2266 2122,2266 2160,2267 2199,2268"/>
                <TextEquiv>
                    <Unicode>Neerheden af den eegte Tragedie, og</Unicode>
                </TextEquiv>
            </TextLine>
            <TextLine id="r3l38" custom="readingOrder {index:37;}">
                <Coords points="1430,2331 2197,2343 2197,2286 2157,2279 1430,2287"/>
                <Baseline points="1435,2321 1472,2321 1510,2322 1548,2322 1586,2323 1624,2323 1662,2323 1699,2324 1737,2324 1775,2324 1813,2324 1851,2324 1889,2324 1927,2324 1964,2324 2002,2323 2040,2323 2078,2322 2116,2322 2154,2321 2192,2320"/>
                <TextEquiv>
                    <Unicode>Forfatteren finder her rammende Udtryk</Unicode>
                </TextEquiv>
            </TextLine>
            <TextLine id="r3l39" custom="readingOrder {index:38;}">
                <Coords points="1431,2389 1470,2403 1510,2389 1570,2404 1617,2385 1885,2399 1942,2392 1943,2363 1825,2334 1648,2353 1591,2336 1432,2339"/>
                <Baseline points="1437,2377 1462,2377 1487,2378 1512,2378 1537,2378 1562,2379 1587,2379 1612,2379 1637,2380 1662,2380 1687,2380 1712,2380 1737,2380 1762,2380 1787,2380 1812,2380 1837,2380 1862,2380 1887,2379 1912,2379 1937,2379"/>
                <TextEquiv>
                    <Unicode>for de store Sjelslidelser.</Unicode>
                </TextEquiv>
            </TextLine>
            <TextLine id="r3l40" custom="readingOrder {index:39;}">
                <Coords points="1461,2436 1514,2458 1806,2434 1841,2456 2106,2468 2207,2445 2207,2413 2092,2395 1777,2417 1732,2394 1461,2404"/>
                <Baseline points="1466,2434 1502,2436 1539,2436 1576,2438 1613,2439 1650,2440 1686,2441 1723,2442 1760,2443 1797,2443 1834,2444 1870,2444 1907,2444 1944,2444 1981,2445 2018,2444 2054,2444 2091,2444 2128,2443 2165,2443 2202,2442"/>
                <TextEquiv>
                    <Unicode>Som Christine var Fru Anna</Unicode>
                </TextEquiv>
            </TextLine>
            <TextLine id="r3l41" custom="readingOrder {index:40;}">
                <Coords points="1422,2498 2195,2509 2195,2471 2079,2455 1422,2460"/>
                <Baseline points="1427,2499 1465,2498 1503,2498 1541,2498 1579,2497 1617,2498 1655,2498 1694,2498 1732,2498 1770,2499 1808,2499 1846,2499 1884,2500 1922,2500 1961,2500 1999,2500 2037,2500 2075,2500 2113,2500 2151,2499 2190,2499"/>
                <TextEquiv>
                    <Unicode>Larssen den, der samlede Hovedinter¬</Unicode>
                </TextEquiv>
            </TextLine>
            <TextLine id="r3l42" custom="readingOrder {index:41;}">
                <Coords points="1424,2558 2124,2584 2202,2561 2202,2536 2154,2519 2038,2508 1868,2527 1644,2507 1543,2535 1424,2515"/>
                <Baseline points="1429,2555 1467,2556 1505,2558 1544,2559 1582,2560 1621,2561 1659,2561 1697,2562 1736,2562 1774,2562 1813,2562 1851,2562 1889,2562 1928,2561 1966,2561 2005,2561 2043,2561 2081,2560 2120,2560 2158,2560 2197,2559"/>
                <TextEquiv>
                    <Unicode>essen om sig. Iforste Akt forekom hun</Unicode>
                </TextEquiv>
            </TextLine>
            <TextLine id="r3l43" custom="readingOrder {index:42;}">
                <Coords points="1429,2625 1608,2618 1641,2642 2022,2614 2105,2643 2208,2619 2178,2582 2070,2565 2011,2594 1734,2571 1624,2598 1564,2569 1429,2570"/>
                <Baseline points="1434,2617 1472,2619 1510,2619 1549,2620 1587,2621 1626,2621 1664,2621 1703,2621 1741,2621 1780,2620 1818,2620 1856,2620 1895,2619 1933,2619 1972,2619 2010,2619 2049,2619 2087,2619 2126,2620 2164,2621 2203,2622"/>
                <TextEquiv>
                    <Unicode>os lidt mat, men allerede i anden</Unicode>
                </TextEquiv>
            </TextLine>
            <TextLine id="r3l44" custom="readingOrder {index:43;}">
                <Coords points="1434,2679 1605,2702 1639,2682 2204,2686 2197,2638 1804,2657 1684,2624 1637,2644 1606,2622 1582,2643 1434,2627"/>
                <Baseline points="1439,2681 1477,2681 1515,2681 1553,2680 1591,2680 1629,2679 1667,2679 1705,2678 1743,2678 1781,2677 1819,2677 1857,2677 1895,2676 1933,2676 1971,2676 2009,2676 2047,2676 2085,2677 2123,2677 2161,2678 2199,2679"/>
                <TextEquiv>
                    <Unicode>Akt skildrede hun rorende den tillids¬</Unicode>
                </TextEquiv>
            </TextLine>
            <TextLine id="r3l45" custom="readingOrder {index:44;}">
                <Coords points="1429,2751 2129,2736 2205,2758 2205,2716 2126,2722 2076,2691 1429,2701"/>
                <Baseline points="1434,2737 1472,2736 1510,2736 1548,2736 1587,2736 1625,2736 1663,2735 1702,2735 1740,2735 1778,2735 1817,2735 1855,2735 1893,2735 1931,2735 1970,2736 2008,2736 2046,2736 2085,2737 2123,2738 2161,2738 2200,2740"/>
                <TextEquiv>
                    <Unicode>fulde Hengivelse i Ojeblikkets Lykke, og</Unicode>
                </TextEquiv>
            </TextLine>
            <TextLine id="r3l46" custom="readingOrder {index:45;}">
                <Coords points="1428,2818 1735,2801 1829,2821 1871,2800 1982,2826 2043,2795 2153,2827 2202,2815 2202,2760 2127,2736 2026,2767 1935,2746 1885,2768 1428,2764"/>
                <Baseline points="1433,2795 1471,2795 1509,2795 1547,2795 1585,2795 1624,2795 1662,2796 1700,2796 1738,2796 1776,2797 1815,2797 1853,2797 1891,2797 1929,2797 1967,2798 2006,2798 2044,2798 2082,2797 2120,2797 2158,2797 2197,2796"/>
                <TextEquiv>
                    <Unicode>i sidste Akt, hvor Lidenskaben bryder</Unicode>
                </TextEquiv>
            </TextLine>
            <TextLine id="r3l47" custom="readingOrder {index:46;}">
                <Coords points="1431,2864 1697,2858 1813,2885 2070,2860 2143,2883 2228,2857 2227,2792 2157,2827 2035,2831 1430,2815"/>
                <Baseline points="1436,2854 1475,2855 1514,2855 1554,2855 1593,2856 1632,2856 1672,2856 1711,2857 1750,2857 1790,2857 1829,2857 1868,2857 1908,2857 1947,2857 1986,2857 2026,2856 2065,2856 2104,2855 2144,2854 2183,2853 2223,2852"/>
                <TextEquiv>
                    <Unicode>frem, var hendes Spil ligefrem mester¬</Unicode>
                </TextEquiv>
            </TextLine>
            <TextLine id="r3l48" custom="readingOrder {index:47;}">
                <Coords points="1424,2948 2216,2953 2217,2894 2139,2881 1911,2895 1426,2860"/>
                <Baseline points="1429,2928 1468,2928 1507,2929 1546,2930 1585,2930 1624,2931 1663,2932 1702,2932 1741,2933 1780,2934 1820,2934 1859,2935 1898,2936 1937,2937 1976,2938 2015,2939 2054,2939 2093,2940 2132,2941 2171,2942 2211,2943"/>
                <TextEquiv>
                    <Unicode>ligt. Da Tappet faldt sidste Gang, var</Unicode>
                </TextEquiv>
            </TextLine>
            <TextLine id="r3l49" custom="readingOrder {index:48;}">
                <Coords points="1431,3016 1490,2989 1663,2987 2060,3022 2213,3014 2214,2985 1914,2944 1882,2965 1432,2948"/>
                <Baseline points="1436,2983 1474,2984 1513,2985 1551,2986 1590,2987 1629,2988 1667,2989 1706,2990 1744,2991 1783,2992 1822,2993 1860,2994 1899,2995 1937,2996 1976,2997 2015,2998 2053,2998 2092,2999 2130,3000 2169,3000 2208,3000"/>
                <TextEquiv>
                    <Unicode>der Taarer i mange smukke Kvindeojne.</Unicode>
                </TextEquiv>
            </TextLine>
            <TextLine id="r3l50" custom="readingOrder {index:49;}">
                <Coords points="1477,3052 2211,3078 2212,3031 2162,3013 2091,3033 1975,3006 1936,3031 1620,3003 1478,3023"/>
                <Baseline points="1482,3047 1518,3047 1554,3048 1590,3048 1626,3048 1663,3049 1699,3049 1735,3050 1771,3051 1807,3051 1844,3052 1880,3053 1916,3054 1952,3055 1988,3056 2025,3057 2061,3057 2097,3058 2133,3059 2169,3059 2206,3060"/>
                <TextEquiv>
                    <Unicode>Hr. Adam Poulsen spillede Fritz</Unicode>
                </TextEquiv>
            </TextLine>
            <TextLine id="r3l51" custom="readingOrder {index:50;}">
                <Coords points="1433,3116 2214,3136 2215,3089 1434,3063"/>
                <Baseline points="1438,3101 1476,3102 1515,3102 1553,3103 1592,3104 1631,3105 1669,3106 1708,3107 1746,3109 1785,3110 1824,3111 1862,3112 1901,3113 1939,3114 1978,3115 2017,3115 2055,3116 2094,3116 2132,3116 2171,3115 2210,3115"/>
                <TextEquiv>
                    <Unicode>Lobheimers mindre betydelige Rolle</Unicode>
                </TextEquiv>
            </TextLine>
            <TextLine id="r3l52" custom="readingOrder {index:51;}">
                <Coords points="1430,3184 1530,3154 1608,3187 1872,3176 1949,3199 2022,3176 2170,3198 2203,3191 2204,3149 1961,3130 1844,3152 1633,3115 1592,3139 1431,3135"/>
                <Baseline points="1436,3163 1474,3165 1512,3167 1550,3168 1588,3168 1626,3169 1664,3170 1703,3170 1741,3170 1779,3171 1817,3171 1855,3171 1893,3171 1931,3171 1970,3171 2008,3172 2046,3172 2084,3173 2122,3174 2160,3175 2199,3176"/>
                <TextEquiv>
                    <Unicode>fint og forstagende, og Froken Oda</Unicode>
                </TextEquiv>
            </TextLine>
            <TextLine id="r3l53" custom="readingOrder {index:52;}">
                <Coords points="1435,3229 2149,3255 2213,3227 2129,3191 1860,3205 1748,3182 1660,3208 1435,3186"/>
                <Baseline points="1440,3222 1478,3224 1516,3226 1555,3227 1593,3228 1632,3228 1670,3229 1708,3229 1747,3229 1785,3229 1824,3229 1862,3229 1900,3230 1939,3230 1977,3230 2016,3231 2054,3232 2092,3233 2131,3235 2169,3237 2208,3240"/>
                <TextEquiv>
                    <Unicode>Rostrup og Hr. Carlo Wieth som</Unicode>
                </TextEquiv>
            </TextLine>
            <TextLine id="r3l54" custom="readingOrder {index:53;}">
                <Coords points="1434,3297 1760,3294 1919,3318 2031,3291 2196,3302 2197,3261 1622,3258 1516,3232 1435,3250"/>
                <Baseline points="1439,3285 1476,3285 1514,3284 1551,3284 1589,3284 1627,3285 1664,3285 1702,3285 1739,3286 1777,3287 1815,3288 1852,3288 1890,3289 1927,3290 1965,3291 2003,3292 2040,3292 2078,3293 2115,3293 2153,3294 2191,3294"/>
                <TextEquiv>
                    <Unicode>det letlevende Par var fuldt ud tro¬</Unicode>
                </TextEquiv>
            </TextLine>
            <TextLine id="r3l55" custom="readingOrder {index:54;}">
                <Coords points="1424,3346 2205,3367 2205,3322 1424,3310"/>
                <Baseline points="1429,3342 1467,3344 1506,3345 1544,3346 1583,3347 1621,3347 1660,3348 1698,3348 1737,3348 1775,3348 1814,3348 1853,3348 1891,3348 1930,3348 1968,3348 2007,3349 2045,3349 2084,3350 2122,3351 2161,3353 2200,3354"/>
                <TextEquiv>
                    <Unicode>verdige. Hr. Vald. Psilander,</Unicode>
                </TextEquiv>
            </TextLine>
            <TextLine id="r3l56" custom="readingOrder {index:55;}">
                <Coords points="1426,3407 2203,3421 2203,3380 2147,3370 1427,3364"/>
                <Baseline points="1431,3404 1469,3403 1507,3403 1546,3403 1584,3403 1622,3404 1661,3404 1699,3405 1737,3406 1776,3407 1814,3407 1852,3409 1891,3409 1929,3410 1967,3410 2006,3411 2044,3411 2082,3411 2121,3410 2159,3410 2198,3408"/>
                <TextEquiv>
                    <Unicode>som vi for har set i Provinsen, gjorde</Unicode>
                </TextEquiv>
            </TextLine>
            <TextLine id="r3l57" custom="readingOrder {index:56;}">
                <Coords points="1423,3463 2152,3494 2207,3477 2208,3445 1981,3442 1911,3417 1801,3438 1768,3419 1424,3423"/>
                <Baseline points="1428,3459 1466,3460 1505,3460 1544,3460 1582,3461 1621,3462 1660,3463 1698,3463 1737,3464 1776,3465 1815,3465 1853,3466 1892,3467 1931,3468 1969,3469 2008,3470 2047,3471 2085,3472 2124,3474 2163,3475 2202,3476"/>
                <TextEquiv>
                    <Unicode>den gamle Musiker megét sympathetisk,</Unicode>
                </TextEquiv>
            </TextLine>
            <TextLine id="r3l58" custom="readingOrder {index:57;}">
                <Coords points="1432,3522 1543,3530 1584,3507 1629,3531 1842,3544 1927,3522 2097,3551 2195,3537 2196,3482 2135,3503 2014,3483 1863,3498 1790,3473 1679,3496 1432,3488"/>
                <Baseline points="1437,3519 1474,3520 1512,3520 1549,3521 1587,3521 1625,3521 1662,3522 1700,3522 1738,3523 1775,3523 1813,3524 1851,3524 1888,3525 1926,3525 1964,3526 2001,3527 2039,3528 2077,3528 2114,3529 2152,3530 2190,3531"/>
                <TextEquiv>
                    <Unicode>og vi bemeerkede med Gleede hans</Unicode>
                </TextEquiv>
            </TextLine>
            <TextLine id="r3l59" custom="readingOrder {index:58;}">
                <Coords points="1425,3583 1705,3606 1843,3578 1965,3609 1991,3602 1992,3556 1883,3541 1763,3554 1714,3528 1632,3556 1540,3531 1509,3547 1425,3542"/>
                <Baseline points="1430,3577 1457,3577 1485,3577 1513,3577 1541,3577 1569,3577 1597,3577 1624,3578 1652,3578 1680,3579 1708,3579 1736,3580 1764,3581 1792,3581 1819,3582 1847,3583 1875,3584 1903,3585 1931,3586 1959,3586 1987,3588"/>
                <TextEquiv>
                    <Unicode>smukke og soignerede Sprog.</Unicode>
                </TextEquiv>
            </TextLine>
            <TextLine id="r3l60" custom="readingOrder {index:59;}">
                <Coords points="1460,3644 1611,3665 1828,3634 1940,3665 2022,3648 2145,3667 2188,3654 2189,3612 1724,3615 1587,3591 1461,3607"/>
                <Baseline points="1465,3633 1500,3633 1536,3634 1572,3635 1608,3636 1644,3637 1680,3639 1716,3640 1752,3642 1788,3643 1824,3644 1859,3645 1895,3647 1931,3648 1967,3648 2003,3649 2039,3649 2075,3649 2111,3649 2147,3648 2183,3647"/>
                <TextEquiv>
                    <Unicode>Selvfolgelig var der sstopfuldt Hus</Unicode>
                </TextEquiv>
            </TextLine>
            <TextLine id="r3l61" custom="readingOrder {index:60;}">
                <Coords points="1410,3701 2199,3718 2199,3682 2122,3661 1896,3684 1690,3653 1452,3661 1410,3684"/>
                <Baseline points="1415,3694 1456,3694 1497,3695 1538,3696 1579,3696 1620,3697 1661,3698 1702,3699 1743,3700 1784,3701 1825,3702 1866,3702 1907,3703 1948,3704 1989,3705 2030,3705 2071,3706 2112,3706 2153,3706 2194,3705"/>
                <TextEquiv>
                    <Unicode>og meget livligt Bifald. Det manglede</Unicode>
                </TextEquiv>
            </TextLine>
            <TextLine id="r3l62" custom="readingOrder {index:61;}">
                <Coords points="1423,3768 2193,3772 2193,3739 2070,3722 1877,3733 1742,3711 1688,3742 1504,3706 1423,3729"/>
                <Baseline points="1428,3755 1466,3756 1504,3757 1542,3758 1580,3759 1618,3760 1656,3760 1694,3761 1732,3762 1770,3763 1808,3763 1846,3764 1884,3764 1922,3764 1960,3765 1998,3765 2036,3765 2074,3766 2112,3766 2150,3766 2188,3766"/>
                <TextEquiv>
                    <Unicode>ogsaa bare, at Horsens skulde svigte,</Unicode>
                </TextEquiv>
            </TextLine>
            <TextLine id="r3l63" custom="readingOrder {index:62;}">
                <Coords points="1421,3821 1567,3838 1594,3820 1728,3848 1850,3825 1992,3851 2125,3839 2126,3789 2022,3778 1901,3798 1833,3775 1422,3791"/>
                <Baseline points="1426,3814 1460,3815 1495,3816 1530,3816 1564,3817 1599,3818 1634,3819 1668,3819 1703,3820 1738,3821 1773,3821 1807,3822 1842,3822 1877,3822 1911,3823 1946,3823 1981,3823 2015,3822 2050,3822 2085,3822 2120,3821"/>
                <TextEquiv>
                    <Unicode>naar der bydes paa saa god Kunst:</Unicode>
                </TextEquiv>
            </TextLine>
            <TextLine id="r3l64" custom="readingOrder {index:63;}">
                <Coords points="1981,3914 1997,3907 2045,3913 2078,3905 2101,3919 2127,3901 2156,3900 2157,3855 2132,3846 2097,3840 2077,3844 2072,3839 2042,3845 2012,3839 1992,3851 1984,3848"/>
                <Baseline points="1988,3870 2015,3872 2042,3873 2070,3875 2097,3876 2124,3876 2152,3875"/>
                <TextEquiv>
                    <Unicode>Coquin.</Unicode>
                </TextEquiv>
            </TextLine>
            <TextEquiv>
                <Unicode>skab.
Det sidste synes vi ikke kan siges om
„Elskovsleg : Noget seerlig betydeligt
Arbejde kan det vel ikke kaldes, men
det har dog et Alvorsord at sige os,
og det siger det paa en Mande, som vi
forstaar og husker.
Ganske vist er de to forste Akter lidt
tynde; i 1ste preesenteres vi blot for de
to unge Levemand og deres Pigeborn,
mens man kun horer om Fritz Lobhei¬
mers (Adam Poulsens) stabnesvangre
Forhold til en gift Kone. Den flutter
med en Udfordring fra hendes Mand.
J anden Akt befinder bi os i den
gamle Musiker Weirings tarvelige Hjem.
Hans Datter Ehristie er nu Fritz's
Elskerinde, men medens han tager For¬
holbet paa samme lette Maade som tid¬
ligere, bliver det ramme Alvor for
hende. Keerligheden er for hende hele
Livet. Ganske fin er Skildringen af
Fritz' Affked med Christine, hvor kun
han bed, al det manfterer sidste Gang.
Der er i disse to Akter mange gode
Enkeltheder, men Handlingen er for
ubetydelig og slaber sig ofte lidt lang¬
somt afsted. J. 3die Akt kommer der
mere Fart i Tingene. Christine sidder
nu paa tredie Dag og venter og venter
paa Fritz, der imidlertid er bleven skudt
i Duellen og begravet for en Time
siden. Hendes gamle Fader soger for¬
geeves at forberede hende. Saa kom¬
mer Vennen med den frygtelige Sand¬
hed. Den sidste Scene hever sig op i
Neerheden af den eegte Tragedie, og
Forfatteren finder her rammende Udtryk
for de store Sjelslidelser.
Som Christine var Fru Anna
Larssen den, der samlede Hovedinter¬
essen om sig. Iforste Akt forekom hun
os lidt mat, men allerede i anden
Akt skildrede hun rorende den tillids¬
fulde Hengivelse i Ojeblikkets Lykke, og
i sidste Akt, hvor Lidenskaben bryder
frem, var hendes Spil ligefrem mester¬
ligt. Da Tappet faldt sidste Gang, var
der Taarer i mange smukke Kvindeojne.
Hr. Adam Poulsen spillede Fritz
Lobheimers mindre betydelige Rolle
fint og forstagende, og Froken Oda
Rostrup og Hr. Carlo Wieth som
det letlevende Par var fuldt ud tro¬
verdige. Hr. Vald. Psilander,
som vi for har set i Provinsen, gjorde
den gamle Musiker megét sympathetisk,
og vi bemeerkede med Gleede hans
smukke og soignerede Sprog.
Selvfolgelig var der sstopfuldt Hus
og meget livligt Bifald. Det manglede
ogsaa bare, at Horsens skulde svigte,
naar der bydes paa saa god Kunst:
Coquin.</Unicode>
            </TextEquiv>
        </TextRegion>
    </Page>
</PcGts>
