3484 4256
449 186 854 252 Liebelei
297 168 1425 291 5 box 12/6
792 1036 1601 1134 Volkswille, Karlsbad, Böhmen
431 1091 838 1179 Husschnitt aus:
887 1188 1181 1261 125M =14
457 1208 597 1264 vom:
474 1368 1475 1492 Theater, Kunst und Literatur.
734 1457 1224 1523 Karlsbader Stadttheater.
468 1501 1557 1564 „Liebelei", eine Komödie in 3 Akten von Arthur
412 1540 1557 1617 SDieses Drama der Zwanzigjährigen, das nun
419 1578 1560 1639 elbst bald schon zwanzig Jahre alt ist, weist noch nicht die ge¬
416 1613 1569 1674 ingsten Alterserscheinungen auf. Immer noch wirkt es er¬
420 1649 1575 1720 chütternd und voll verhaltener Lebendigkeit wie einst, als es
419 1693 1568 1756 las Programm einer überwundenen Kunstrichtung vertrat.
414 1738 1572 1807 lehnlich wie an den frühen Dramen Gerhardt Hauptmanns
419 1760 1571 1835 rweist es sich hier, daß das wahre Kunstwerk, mag es auch
417 1800 1572 1868 vollkommen aus der beschränkten Kunsttendenz einer kurzen
414 1843 1576 1917 kpoche geboren sein, über diese hinaus wirksam und bedeutend
424 1895 1574 1951 gleibt. — Der Student Fritz Lobheimer, ein schwerblütiger,
425 1932 1564 1993 nelancholischer junger Mann, wird von seinem Freund Theo¬
415 1964 1575 2035 dor, um sich von den Aufregungen einer gefährlichen Liebschaft
426 1992 1565 2083 mit der Frau eines andern zu erholen, in ein „Verhältnis“
427 2027 1578 2111 mit Christine, einem jungen Wiener Mädchen gedrängt. Aber
428 2070 1569 2153 aus der Liebelei wird eine tiefe, traurige Liebe, und als F.#
425 2120 1575 2187 im Duell mit dem Mann seiner früheren Geliebten fällt, geht
426 2152 1579 2225 Christine daran zugrunde. Theodor und Mizi, das andere
424 2193 1587 2258 Paar, stellen den notigen Gegensatz — die amüsante, untiefe,
428 2226 1592 2302 flüchtige und illusionslose Gelegenheitsliebe — her, und zu die¬
424 2253 1595 2348 sem Quartett gesellt sich noch der alte Musikus Weirinn, Christi¬
430 2299 1597 2371 nens Vater, diese wunderbar innige, fein gezeichnete Figur.
430 2334 1597 2406 Was das Werk Schnitzlers so köstlich und unvergänglich macht,
443 2380 1591 2452 ist der duftige Schimmer von Jugend und Liebe und Frühling
437 2411 1601 2499 und Wien, ein zitternder Hanch, der um Unausgesprochenes
439 2451 1606 2548 schwermütig und leidvoll webt. — Die Aufführung machte uns
441 2484 1607 2576 mit Erika von Wagner vom Deutschen Volkstheater in
442 2525 1607 2617 Wien bekannt. Sie soielte die Christine, man bekam jedoch
438 2567 1603 2652 keinen rechten Eindruck von der Kunst dieser ungewöhnlich
444 2604 1609 2683 schönen Schauspielerin, ihr schien das Wiener Mädel ebenso¬
437 2645 1611 2724 wenig wie die Gertrud in Harnebens „Rosenmontag“ Gelegen¬
445 2681 1608 2759 heit zur Entfaltung ihres ganzen Könnens zu geben. Doch ist
450 2718 1610 2803 der Darstellerin ein hohes Können und vornehmes diskretes
443 2758 1605 2840 Spiel nachzurühmen. Neben dem Gast trug unser bewährtes
450 2801 1603 2879 Fräulein Irene Brion für die ausgezeichnete Gestaltung
448 2835 1596 2917 der Schlager=Mizi einen Separaterfolg davon. Herr Heinz
452 2874 1606 2953 gab den Fritz. Indem er die problematische Figur des pas¬
460 2901 1604 3015 siven Helden mit einem erregten, nervösen Leben erfüllte, wurde
453 2955 1617 3038 er seiner Aufgabe und dem Dichtg aufs Beste und Löblichste
460 2993 1614 3092 gerecht. Die Herren Heinemann und Wald brachten kleif
446 3052 1214 3117 nere Rollen entsprechend zur Geltung.
550 3073 1628 3166 Am Sonntag hatte man das seltene Vergnügen einer Ur¬
1088 3109 1612 3186 ##ahia. 2. „„. #a
469 3150 691 3214 A#ke
1978 334 3039 431 Ausschnitt außzue Mähr.schles. Presse,
2567 408 2782 488 Olmütz
1982 428 2342 494 vom:1### 191
2018 524 2953 604 *Theater. Die Inszenierung des Schnitz¬
1981 556 3033 649 Michen Schauspieles „Liebelel wurde;
1970 635 2960 690 #interessierten Publikum recht warm auf¬
1988 681 2966 732 gehrmmen. Der dramatische Gang der Hand¬
1976 737 2965 791 lung wurde von unseren Mimen ungezwungen
1986 756 3013 856 gezeichnet; in die Wiedergabe des Zwiespaltes
1989 831 2973 893 zwischen Liebe, Leidenschaftlichkeit und Hang
1990 879 2971 931 waren nicht unschön die Seelenergüsse von
2968 896 3025 959 1
1981 921 2971 993 Sehnsucht und Bangen eingewoben und die
1985 963 2967 1044 markierte nervöse Willensschwäche schien den
1988 1020 2960 1089 Effekt noch steigern zu wollen. Die Herren
1971 1085 2955 1138 „Olden u. Sarollt gaben ein ideales Freunde¬
1989 1109 2977 1183 paar (Theodor u. Fritz) und hatten besonders
1988 1165 2968 1231 im 1. Akt im Wortspiel gut Glück. H. Win¬
1986 1214 2972 1276 terberg gab einen liebenden, zärtlichen Vater,
1981 1258 2978 1331 Fr. Th. Felda wirkte durch ihre stereotypen
1980 1327 2968 1379 Redewendungen. Ein fideles Wienermädel war
1986 1359 2973 1418 Frl. Walfrie: Im Rahmen der Tragik des
1981 1412 2969 1473 Stückes hatte aber besonders Frl Wipperich
1983 1468 2957 1529 Erfolg. Anhänglichkeit, Eifersucht, böse Ahnung,
1991 1504 2261 1577 Angstlichkeit
2321 1508 2967 1587 in allem die selbstlose Liebe,
1991 1622 3010 1688 das alles war natürlich und gewinnend schön.
2102 1683 2989 1736 Im zweiten Stücke, im Lustspiel „In
2012 1725 3000 1798 Zivil“ kam besonders Herr Lee als Bursche
2006 1769 3006 1843 Fritz auf seine Rechnung, der durch das Ur¬
2006 1814 3009 1882 wüchsige, Derb=Freundschaftliche allgemein die
2829 1872 3004 1936 H. S.
2018 1877 2663 1949 Lacher auf seiner Seite hatte.
2486 2201 2911 2293 e-dübraiaf;
2261 2189 2489 2291 TTORRSCRG
2914 2207 3116 2313 Dtrnditz
1932 2260 2453 2380 vom:!9 3. 191 5
2133 2375 2888 2476 Deutsche Schaubühne.
2042 2456 3045 2531 W: „Liebelei“ Schnißsers fnstlenischpull¬
1941 2520 3043 2577 xsife Tragödie eines Mädchenherzens, das sich mit
2013 2550 3049 2629 r ganzen Liebe des tieffühlenden Weibes einem
1963 2606 3052 2670 Manne ergibt und nach seinem Tode erfährt, daß sie
1968 2656 3040 2735 Ehm nichts weiter als eine Liebelei war, fesselt durch
1945 2704 3047 2779 sich selbst und durch den tadellosen Bau, auch bei
1950 2765 3050 2823 minderer Darstellung. Im Mittelpunkte des Interesses
1951 2792 3061 2877 stand Frl. Anny Wipperich als Christine. In
1950 2854 3047 2918 keck hingeworfenen, markanten Strichen zeichnete sie
1937 2902 3052 2964 das mit jeder Faser des Herzens liebende Mädchen
1935 2962 3046 3016 und zog sehr geschickt das Publikum in ihren Bann.
1952 3016 3046 3070 Im Affekt freilich ist sie etwas zuviel Schauspielerin.
1950 3049 3046 3106 Mit leichtfertiger Liebenswürdigkeit spielte Herr Olden
1952 3111 3065 3161 den Theodor und kann ihn als seine beste bisherige
1955 3148 3055 3208 Leistung betrachten. Den Fritz Lobheimer gab Herr
1950 3208 3056 3268 Sarolt, so gut es ihm möglich war. Mit sehr
1956 3247 3063 3311 glücklichen Momenten wechselten bei ihm solche ab, die
1957 3309 3054 3361 stark nach Dilettantismus schmeckten. Frau Feldal
1960 3354 3045 3405 gab die Frau Binder in ihrer Zungenfertigkeit und
2591 3389 3051 3465 Noch ist Fräulein
1946 3402 2547 3473 Bissigkeit sehr natürlich.
1959 3437 3047 3511 Walfried als Mizzi Schlager, und
1954 3490 3059 3555 Herr Winterberg als Weiring und Herr
1949 3547 3057 3608 Josef Torczyner zu erwähnen. Wozu der Thea¬
1951 3583 3061 3650 terzettel Personen anführte, die nicht zu Gesicht zu
1958 3635 3056 3698 bekommen waren, wissen wir nicht. Kadelburgs
1958 3694 3057 3754 Lustspiel „In Zivil“ war eine gänzlich überflüssige
1949 3749 3053 3799 Zugabe, die hier und dort infolge der grotesken Dar¬
1962 3783 3069 3857 stellung das Publikum zum Lächeln reizte. Das Haus
1967 3830 3071 3915 war sehr gut besucht und spendete nach den Aktschtüs¬
1955 3890 2481 3971 sen den üblichen Beifall.
2989 1080 3062 1162 *
