3484 4224
980 182 1412 276 box 12/6
451 192 813 261 Liebelei
260 193 832 306 3. Jennenn
1194 1182 1235 1244 6
1477 1135 1716 1256 Gaurier
595 1184 1449 1271 Ausschnitt aud S M
605 1289 784 1358 vom:
958 1250 1471 1364 26 GANUAR 1916
869 1327 1075 1415 FNA
898 1410 1437 1525 Lose Blätter.
679 1515 1733 1586 mk. Königliche chauspiele. Gastspiel des Königl. bayer.
591 1541 1745 1629 Hofschauspielers Kourad Dreher mit Gesellschaft:
592 1611 1740 1660 „Jägerblut“, Versayerisches Volksstück mitGefang in vier
590 1639 1738 1698 Aufzügen von Benno Rauchenegger; Musik von Josef
593 1682 1738 1736 Krägel. Die sogetannten Bauernstücke und Bauerntruppen
490 1703 1737 1774 #4 waren eine. Zeitlang sehr in Mode; jetzt nalten sie uns doch
603 1765 1734 1811 stark veraltet und zeitfremd an; an „Ort und Stelle" werden
603 1803 1742 1848 sie vielleicht auch heute noch besser gefallen als in einem
1494 1841 1748 1894 Immerhin
593 1851 1487 1895 Rahmen, der sonst andere Bilder umschließt.
599 1880 1741 1925 unterhielt man sich gestern recht gut, denn es wurde sehr
599 1922 1743 1974 frisch gespielt, und vor allem Konrad Dreher riß mit
602 1956 1739 2007 seinem sieghaften Humor alles mit sich fort. Max
603 1986 1746 2042 Linbrunner ist von den übrigen Mitwirkenden als aus¬
598 2031 1743 2082 gezeichneter Forstward zu nennen. Heinrich Stattler
591 2066 1746 2127 aber wurde eigentlich am meisten gefeiert. Sein prächtiges
602 2106 1745 2167 Zitherspiel in den Zwischenakten trug ihm rauschende Beifalls¬
597 2155 1748 2198 kundegebungen des Publikums ein, das sich auch im übigen
591 2188 996 2250 recht dankbar zeigte.
704 2208 1742 2282 Königliche Theater. Sonnabend, 29. d. M., wird Herr
602 2264 1733 2321 Max Krauß den „Wotan“ in der „Walküre“ singen,
1640 2309 1736 2357 Am
591 2302 1531 2367 Fvau Callwey singt die „Brünnhilde“.
595 2342 1739 2395 4. Februar gelangk umter der musikalischen Leitung von Dr.
596 2393 1735 2442 Leopold Schmidt aus Berlin „Die Fledermaus“ mit mehreren
1126 2430 1444 2479 Den Eisenstein
1475 2421 1738 2476 singt Herr
591 2425 1108 2475 Gästen zur Aufführung.
607 2457 1747 2514 Philipp von der Berliner Hofoper, die Rosalinde — Fram
595 2499 1752 2551 Mary Hagen aus Berlin, den Orlofsky — Frau Krause¬
599 2534 1741 2590 Parps aus Berlin, den Alfred — Kammerlänger Hensel
605 2576 1744 2627 aus Hamburg, den Frank — Herr Bronsgeest von der
598 2626 1742 2668 Berliner Hofoper, den Falke — Herr Böttcher vom Kgl.
596 2655 1733 2693 Schauspielhaus, die Adele — Frau Dux von der Ver¬
606 2695 1734 2742 liner Hofoper. An Stelle des Balletts im 2. Auszuge wird
603 2737 1741 2783 eine Konzerteinlage gemacht, bei der Frau Dux und die
1376 2766 1750 2821 sowie der Pianist
602 2779 1371 2820 Herren Hensel und Bronsgeest,
594 2809 1748 2859 Arthur Schnabel mitwirken. Die Vorstellung beginnt um
603 2847 802 2914 6½ Uhr.
690 2867 1736 2942 B. Deutsches Theater. Liebelei, Schauspiel in drei
593 2910 1737 2982 Akten, von Arthum Es war vielleicht ein Wagnis,
602 2972 1744 3029 der neuen Sentimentalen des Deutschen Theaters Margarete
603 3013 1747 3059 Schön die Christine in Schnitzlers ewig junger „Liebelei als
595 3042 1744 3102 Antrittsrolle zu übertragen. Rief diese Besetzung doch so¬
1153 3081 1739 3133 Ida Wüst wach, die das
607 3091 1145 3150 fort die Erinnerung an
1167 3126 1243 3176 in
1282 3121 1739 3180 gevadezu vollendeter
608 3117 1132 3183 schlichte Bürgermädchen
611 3148 1742 3204 Weise vor einigen Monaten an derselben Stelle
1108 3185 1739 3247 das Wagnis ist gelungen ist
599 3196 1094 3261 derkörpert hatte. Nun,
601 3246 1741 3293 sogar sehr gut gelungen: Margarete Schön hat uns in ihrer
615 3287 1740 3336 Christine gezeigt, daß sie auf dem Wege ist, eine Darstellerin
605 3319 1748 3370 von Bedeutung zu werden. Sie verlieh ihrer Christine Züge,
607 3333 1795 3423 die in ihrer Einfachheit, ihrer Echtheit und Wahrheit, beson¬
1784 1429 2906 1497 ders aber in ihrer sicheren Zeichnung nicht nur übervaschen,
1778 1474 2898 1517 sondern geradezi Bewunderung erregen mußten. So
1777 1518 2900 1566 konnte sie neben der Wüst mit Ehren bestehen, und das will
1762 1554 2911 1602 wahrlich viel sagen. Zeigte sie sich im ersten Akte als das
1783 1601 2916 1649 schlichte, einfache Bürgermädchen, offenbarte sie im zweiten
1780 1632 2905 1686 Akte in vollendeter Weise die selbstlose, unendliche Liebe zu
1768 1676 2912 1729 dem Manne, der in ihr stilles Leben eintritt, der ihr Alles
1780 1711 2908 1759 ist und dem das Verhältnis zu ihr doch nur eine Episode sein
1766 1750 2915 1798 kann, so wuchs sie im dritten Akte zu wahrhaft dramatischer
1776 1794 2907 1835 Größe heran, einer Größe, die auf den Zuschauer und Hörer
1781 1835 2909 1886 eine erschütternde Wirkung ausübte. Margarete Schön ist
1777 1869 2922 1919 für die Bühne von der Natur vorzüglich ausgestattet. Eine
1773 1909 2917 1963 geschmeidige, elastisch=jugendliche Gestalt, ein klangvolles
1774 1950 2916 2006 Organ von etwas dunkler Färbung, ein sprechendes Auge,
1776 1989 2870 2036 dabei ein vorzügliches Mienenspiel und sichere Bewegung. —
1776 2013 2906 2077 Das sind Vorzüge, die man sellen vereint findet, zumal in
1782 2064 2914 2117 solch' jugendlichem Alter. So kann man das Deutsche Theater
1772 2102 2917 2157 zu dem Engagement der Dame aufrichtig beglückwünschen und
1785 2144 2914 2191 ihrem weiieren Auftreten mit Spannung entgegensehen.
1773 2185 2909 2229 Dem Vernehmen nach wird ihre nächste Rolle „Jettchen
1776 2227 2915 2276 Gebert“ sein, der sich „Henriette Jacoby“ bald anschließen
1788 2263 2924 2322 soll, beides Rollen, die große Ansprüche an ihre Verkörperung
1781 2300 1940 2353 stellen.
