3344 4224
141 110 268 194 5
304 108 688 185 Liebelei
827 113 1287 204 box 13/5
275 139 720 222 L  SOC IE
594 567 1039 664 Tolkszeilung, Wien
909 636 994 730 P.
713 643 845 752 O
166 771 1047 866 enen leerntentennenenenenen¬
1016 797 3325 873 1 Sein Nachfolger Hans Gregor getraute sich ssagt, er könne sich den Weg ins Burgtheater, letzten Worte sprach, da
2795 826 3342 916 ganze Burgtheater für se
1050 849 1954 908 nicht recht, mit dem leichten Genre zu
1945 852 2162 921 ersparen.
2817 876 3338 952 gewonnen. Das ganze —
1968 864 2822 957 „Geben Sie mir das Stück gleich,“ sagte der
1051 875 1955 950 kommen und führte lieber eine Idee aus, die
178 740 1048 967 iDienerfientermacte
1947 919 3359 992 Direktor, „denn ich fahr' heut' noch nach Fürstin Metternich, der
1058 936 1943 993 schon Gustav Mahler in die Tat hatte umsetzen
164 918 1064 997 Scooctere#t0s00#0#1##0b0 Pönd4e TobobOebec##co
2814 957 3338 1029 Wolter und der benachbar
1949 972 2712 1044 Berlin und wer' es im Coupé lesen.“
1065 979 1942 1036 wollen: Oskar Straus zu beauftragen, für das
195 996 1061 1074 So haben denn seit gestern alle Wiener
2831 1003 3340 1077 Stück sollte aber trotzdem
1065 1009 1953 1089 Operntheater ein Tanzpoem zu schreiben.
1979 1031 2833 1085 Tags darauf telegraphiert Dr. Burckhard
160 1036 1071 1116 Bühnen den Wettstreit um das Publikum
2817 1052 3360 1132 der nachhaltigsten Erfolge
1061 1063 1950 1128 Also wurde für das Singspiel „Der tapfere
1949 1068 2823 1129 dem Dichter, er habe das Stück angenommen,
157 1092 1061 1149 aufgenommen, die Saison hat also begonnen.
2825 1098 3069 1169 entwickeln.
1062 1110 1943 1167 Kassian“ das Ballett „Die Prinzessin von
1950 1112 2827 1170 es gefalle ihm außerordentlich! Gleich nach
158 1129 1066 1195 Es wird wohl ein harter Kampf werden. Eine
1066 1143 1943 1204 Tragant“ eingetauscht, das noch im November
1940 1147 2837 1224 seiner Rückkehr besprachen beide Herren die
154 1166 1062 1240 der interessantesten Neuheiten, die uns vom
1062 1185 1947 1259 1912 zur Erstaufführung kam und noch heute
1946 1185 2842 1269 Besetzung. Sofort zeigte sich eine Gegen¬
2857 1200 3346 1277 Ob die Christine der mi
163 1216 1074 1291 Raimendtheater angekündigt wird, ist
1060 1227 1945 1299 zu den meistgegebenen alten Balletten der
1949 1239 2834 1318 bowegung aus dem Personal. Einige be¬
2820 1236 3359 1317 „Liebelei“ auch in der
908 1249 1068 1324 Artur
167 1268 930 1332 ein klässisches Wiener Stück,
1060 1266 1432 1351 Staatsoper zählt.
2734 1285 2834 1347 sich
1935 1276 2752 1360 rühmte Damen und Herren getrauten
2834 1288 3335 1353 Raimundtheaters in den
512 1300 1076 1388 Liebelei“, von Oskar
1947 1339 2832 1391 nicht, die ihnen zugeteilten Rollen an¬
1372 1339 1439 1410 *
2828 1330 3336 1406 der vielen Librettisten, di
174 1332 748 1422 Stickirs in Müsik gesetzt.
1946 1370 2838 1439 zunehmen. Baumeister zum Beispiel konnte sich
2832 1385 3330 1449 noch nicht gewiß. Nicht ei
202 1390 1080 1460 Es mag manche Verehrer des Dichters
1942 1403 2850 1473 mit dem alten Vorstadtmusikus Weiring nicht
1096 1409 1958 1493 Das wienerische Dram „Liebelei“, ein un¬
2838 1419 3332 1484 „Liebelei“ heißen wird. I
166 1447 1069 1515 geben, denen dies Gespann nicht ganz gefällt:
1061 1456 2834 1524 zerstörbares Dokument der Wiener Gesell= befreunden Da sprang Sonnenthal ein, und
2827 1455 3336 1535 Monaten in Paris die
180 1488 1079 1557 Einerseits der Wiener Poet, der auch in Höhen
1949 1492 2830 1574 zwar mit Begeisterung. Er wollte nicht nur
2838 1499 3339 1587 schen Prosaaufführung de
1077 1519 1962 1569 schaft aus der Jahrhundertwende, ist heute in
168 1533 1079 1613 schwebt, wenn seine Gebanken in Grinzing
1947 1551 2836 1617 den alten Violinisten aus der Josefstadt
2833 1562 3361 1626 Da stand als Titel der de
1074 1552 1959 1610 der ganzen Welt durch viele Aufführungen
170 1566 1077 1639 weilen, anderseits der weltberühmte
1957 1594 2830 1662 geben, sondern übernahm auch die Spiel¬
1066 1601 1954 1661 geradezu volkstümlich geworden. Als es 1895
2828 1599 3344 1672 „Liebelei“, und darunt
170 1622 1073 1685 Operettenkomponist Oskar Straus, der Mann
1959 1638 2142 1702 leitung.
2827 1643 3340 1700 „Un film parlant frança
1065 1644 1965 1710 von Burckhard im Burgtheater zum ersten¬
180 1666 1069 1726 der sieghaften Finali und Filmschlager. Den¬
1966 1652 2840 1732 Zu den heftigsten Gegnern der Auf¬
2829 1685 3327 1751 arbeiter hatte also sovi
1068 1683 1964 1739 mal gegeben wurde, galt dies als eine
356 1714 1070 1774 wie sehr hat Schnitzler den Musiker
177 1707 323 1772 noch —
1947 1717 2832 1787 führung zählte Charlotte Wolter. Sie und die
1064 1733 1953 1794 geradezu revolutionäre Tat dieses hofrätlichen
2844 1721 3334 1795 ###ischen Dichter, den T
174 1749 1075 1813 Straus geliebt! Er fühlte sich ihm verwandt
1956 1757 2845 1819 Fürstin Metternich waren nicht nur im Ab¬
2837 1770 3338 1834 weil er — nicht übersetz
1065 1774 1965 1823 Revolutionärs. Abgesehen von dem in den
203 1786 788 1859 — durch die wienerische Note.
1956 1802 2845 1869 scheu vor der Figur des alten Vorstadtmusikers
2831 1809 3325 1878 Schnitzler das Wort „Li#
1072 1813 1961 1866 Augen der konservativen Aristokratie höchst
210 1827 1072 1898 Den Einakter „Der tapfere Kassian“ hat
1958 1853 2847 1906 einig, sondern auch in ihrem Haß gegen
1064 1852 1967 1914 bedenklichen Milieu des Stückes war es das
2838 1846 3335 1928 deutsche Sprache erfunden
176 1886 1080 1950 Artur Schnitzler aus der eigenen Prosa für die
1955 1892 2852 1956 Burckhard. Die Tragödin Wolter, oder
1067 1895 1963 1958 erstemal, daß man auf der klassischen Bühne
2876 1907 3336 1967 Selbstverständlich hat
177 1928 1077 1992 Komposition durch Straus zurechtgerichtet.
1957 1942 2842 1991 richtiger gesagt, die Gräfin Sullivan=Wolter,
1209 1943 1509 2008 ehrwürdigen
1532 1941 1973 2002 Habsburger=Dynastie
1071 1941 1226 2001 der
1484 1953 1550 1996 S
2836 1940 3338 2005 Straus in seiner Musik
1953 1981 2838 2037 behauptete nämlich voll Entrüstung, der
170 1989 1966 2039 Ich selbst habe damals die Erstaufführung wienerisch zu sprechen wagte! Damals — man
2832 1983 3345 2051 vermieden. Ein sozusagen
171 2023 1086 2089 dieses Werkes für eine literarisch=musikalische
1950 2023 2842 2091 Vater Weiring gehöre nicht ins Burgtheater,
1073 2020 1962 2091 staunt — hatte es überhaupt noch nie ein
2833 2022 3335 2095 Direktor Dr. Hock hat
1958 2069 2847 2131 sondern tauge einzig als Geschäftsführer für
173 2074 1958 2134 Akademie veranstaltet. Das sind jetzt schon Dialektstück im Burgtheater gegeben! Ueber¬
2831 2063 3333 2138 „Gegenteil einer Operett
169 2099 1069 2169 zweiundzwanzig Jahre. Bi der Generalprobe
1954 2114 2828 2162 ein Nachtcafé! Diese Ansicht verkündete sie
1072 2102 1965 2178 haupt — so meinte die Fürstin Metternich und
2841 2114 3324 2183 hat unter anderm eine
175 2150 1083 2226 saß ich neben Artur Schnieler, der wohl nicht
1953 2153 2846 2207 sogar in einem Interview. Selbstverständlich
1071 2162 1964 2215 ihr ganzer, für die Hofbühnen so gewichtiger
2841 2160 3331 2224 schrieen, selbstverständli
1950 2201 2846 2251 leitete. Burckhard gegen das Burgtheater¬
174 2195 1086 2265 selbst die Regie führte, aber in seiner
1077 2205 1962 2273 Kreis — gehören Dialektstücke in die Josef¬
2835 2207 3337 2274 Walzern, über finen, di
1960 2235 2860 2296 mitglied Wolter keine Disziplinaruntersuchung
174 2229 1074 2299 temperamentvoll=liebenswürdigen Art man¬
1072 2232 1969 2295 stadt! Aber zum großen Verdruß der Fürstin
2869 2238 3344 2311 Das Originalhrama be
1962 2270 2843 2335 ein, obgleich der Fall kraß genug war! Eine
180 2272 1042 2348 cherlei wienerisch=sinnige Anregungen gab.
1072 2291 1968 2339 Pauline, die doch sonst eine so geistvolle und
2838 2269 3332 2341 drei Akten, das neue „S
1965 2311 2846 2378 Hofschauspielerin, die öffentlich gegen den
2844 2336 3326 2396 weist sieben Bilder auf. E
1079 2329 1964 2398 kluge Frau war, sollten gar bald nach der
213 2323 1079 2387 Das war also 1912 im Carltheater. Franz
1960 2360 2838 2421 k. u. k. Direktor auftritt und eine neue, von
1071 2359 1971 2428 „Liebelei“ dialektische Herren von der Be¬
2832 2365 3334 2437 frei erfundene Vorgeschig
184 2371 1077 2434 Schalk dirigierte — das erste und zugleich
1956 2409 2849 2478 ihm gebrachte Dichtung verspottet und be¬
1075 2409 1968 2483 denklichkeit eines Anzengruber und eines
2841 2423 3335 2484 Fritzens mit der tragisch
176 2419 1072 2485 letztemal an jenem Pult, vor dem einst ein
1968 2455 2272 2531 schimpft.
1077 2465 1969 2523 Raimund und Nestroy auf dem Franzensring
2848 2465 3315 2521 erste Bild spielt in
181 2449 1089 2518 Suppé gesessen und ein Offenbach und andre
1077 2503 1973 2581 einziehen und sprechen, wie ihnen der
2848 2504 3334 2564 Freudenau, wo Fritz mi
175 2504 1090 2560 unsterbliche Diener der heiteren Muse. Der
2836 2549 3322 2606 sammenkommt, deren
187 2529 1091 2605 damalige Kapellmeister Schalk der Hofoper
1082 2539 1579 2619 Schnabel gewachsen war.
1989 2556 2843 2646 Was man dem alten Weiring als Ver¬
2841 2592 3324 2646 Oberst) ihn dann erschieß
180 2585 1099 2667 hatte von mir nur verlangt, ich müsse so un¬
1949 2614 2845 2692 brechen anrechnete? Daß er um die Liebelei
2847 2637 3333 2697 Wohnung Weirings, das
181 2624 1096 2699 gefähr zwei Drittel der Pulte des Carltheater¬
1971 2663 2848 2725 Christinens mit Fritz wisse und diese dennoch
2842 2676 3343 2741 zum Schauplatz, wo Fri
196 2672 1097 2745 orchesters mit Philharmonikern besetzen. Das
1109 2670 1971 2745 Man kann sich denken, wie hoffnungslos der
1964 2693 2838 2765 nicht (etwa wie Vater Galotti seine Emilia)
2844 2717 3360 2780 ander treffen. Erst beim
192 2734 833 2800 Publikum werde Ohren machen.
1060 2730 1976 2805 junge Schnitzler war, als er seine in der
1959 2755 2844 2817 töte! Aber gerade diese Haltung begründet der
2838 2762 3343 2833 das Oringinalstück Schni
216 2754 1082 2848 Kammersänger Maikl, der Bariton
1089 2782 1970 2835 „ordinären“ Vorstadt spielende Komödie dem
1971 2781 2674 2869 Dichter gemütvoll und einwandfrei.
2872 2807 3336 2865 Die Besetzung? Die Ch
180 2818 1092 2891 Hofbauer und die schöne Kammersängerin
1076 2817 1972 2888 Burgtheater einreichte — ein Stück, das noch
1992 2837 2847 2894 Und dann: Es hat sich doch nicht um ein
2846 2838 3347 2910 den ganz jungen Debütan
1084 2866 1977 2916 dazu als Neueinführung das „süße Wiener
185 2854 1093 2924 Hedwig Francillo=Kauffmann sowie Herr
1965 2880 2857 2944 leichtsinniges Ding gehandelt, sondern um ein
2843 2898 3333 2944 Fräulein Karger, aus der
1087 2912 1976 2963 Mädel“ in den von Marmor und Gold
186 2903 1079 2974 Marlhoff vom Operntheater bildeten die
2849 2943 3297 3005 hervorgegangen. Die
1089 2930 2856 3004 strotzenden Kunstpalast brachte. Eigentlich hat Mädchen von stärkstem Ernst des Herzens, von
194 2948 1083 3013 rühmliche Besetzung. Die Aufführung hatte
1966 2976 2851 3030 tiefem Gemüt, um diese so sympathische,
2843 2977 3330 3039 Lang. Den alten Musi
1084 2988 1980 3050 sich diese „Einreichung“ absolut nicht so
199 2993 1083 3065 einen durchaus starken Erfolg, der Kom¬
2840 3020 3334 3083 Sonnenthal, Girardi un
1079 3022 2852 3089 feierlich vollzogen: Dr. Burckhard und Doktor diese unvergeßliche Christine Weiring! Als sie
186 3034 1094 3104 ponist und seine Darsteller wurden oft und
2844 3063 3326 3135 so rasch volkstümlich g
1084 3056 2854 3133 Schnitzler wohnten damals zufällig in einem hört, ihr Fritz sei im Duell gefallen, noch dazu
194 3075 457 3163 oft gerufen.
2845 3106 3316 3176 spieler Ludwig Stössel.
1082 3101 2860 3177 Hause, nämlich in der Frankgasse 1. Das für eine andre, für eine verheiratete Frau,
220 3113 1052 3203 Uebrigens war „Der tapfere Kassian“.—
1968 3134 3335 3206 von der er sich so leicht nicht hatte lösen Mitterwurzer berühm
1082 3159 1982 3229 heißt: dort lag sozusagen die Wohn=Wohnung
191 3145 1091 3243 auf den Theaterzettel hatte ich in Einver¬
1963 3179 2734 3260 können, da geht Christine ins Wasser.
2837 3192 3330 3261 minutenrolle des „Herrn
1087 3202 1976 3262 Burckhards. Er hatte nämlich in der
189 3206 1093 3289 nehmen mit Schnitzler den Untemitel ge¬
2848 3234 3346 3306 einem Schauspieler gegeb
2007 3227 2853 3297 Vater Weiring sieht nur, wie sein geliebtes
1082 3252 1982 3307 Porzellangasse noch eine zweite Wohnung, die
185 3261 1085 3322 schrieben „Ein Wiener Stück mit Musik“, nach
2852 3290 3327 3347 uniform stramm zu trag
1970 3277 2862 3355 Kind die Wohnung verzweifelt verläßt, er kann
1818 3280 1972 3357 seiner
196 3296 1814 3365 Artur Schnitzler, Musik von Oskar Straus —er seiner besten Freundin hielt —
1972 3327 3336 3392 sich kaum bewegen, ihr nachzueilen, er ist ge= sationelle kurze Drapübe
1083 3340 1968 3406 Bibliothek! Eines Tages wollte Schnitzler auf
194 3349 1091 3414 von Direktor Weingartner für die Hofoper an¬
2847 3364 3344 3437 wurzer als dieser „Herr
2768 3363 2874 3437 —
1963 3374 2794 3443 gelähmt, aber er weiß, was geschehen wird.
1079 3371 1979 3445 den Weg ins Burgtheater, sein „Liebelei“¬
184 3391 1099 3452 genommen worden. Er war allerdings
1998 3393 3361 3478 „Sie kommt nicht wieder!“ ruft er ausmehr ins Burgtheater
186 3423 1990 3487 während seiner kurzen Direktionszeit nicht Manuskript zu übergeben. Da trifft er im
192 3444 3268 3540 dazugekommen, die Premiere vorzubereiten. Haustor den Direktor, der dem Schriftstellerl und sinkt zusammen. Als Sonnenthal diese Vitrine gewandert.
