3484 4256
297 134 688 222 Liebelei
288 139 1274 271 nnenseneaneee. box 13/7
744 1290 845 1357 meene 1
166 1324 1800 1414 ktsmusiker geschrieben, dem drama=sammenführt, sondern aneinander verübergehen läßt,
179 1395 1785 1463 den Nerven steckt. Und sie ist von die ganz verschiedene Tragik des Mädchens und des
177 1418 1796 1523 fnkenden Musiker geschrieben, der Mannes, an der sie beide zugrundegehen, ballt sich
172 1471 1788 1564 und der kann was er will. Seine  wie auf der Szene so auch in der Musik schwer und
823 1541 1108 1612 dunkeldrohend.
177 1540 805 1617 far die, die entscheidenden Gefühls¬
879 1554 1799 1648 Zwischen den zweiten und dritten Akt schiebt sich
180 1596 818 1674 sagen hinter den Worten stehenden,
815 1632 1781 1711 ein Orchesterstück, das eine richtige symphonische Dich¬
178 1643 813 1715 der Musik, der einzigen, die Ge¬
816 1674 1794 1749 tung ist. Fritz Lobheimers letzter Gang, sein Tod, die
185 1693 818 1772 h ausdrücken kann, lebendig zu
798 1720 1798 1803 Trauermusik an seinem Grab, wenn man will, kann
823 1775 1793 1844 man das alles heraushören. Es ist ein düsteres Stück
191 1787 827 1860 s ihm nicht immer darum zu tun,
825 1802 1804 1903 voll starker musikalischer Ausdruckskraft. Der letzte Alt
178 1834 828 1913 en Preis zur Geltung zu bringen.
170 1858 1807 1967 knweise ganz ruhig in den Hinter=sendlich ist geladen mit dramatischer Spannung, eine
822 1913 1803 1996 gewaltige Steigerung aller musikalischen Ausdrucks¬
182 1942 827 2012 ist die Musik fast den ganzen ersten
826 1953 1803 2037 mittel, ein Höhepunkt, der, die ganze Oper in die mar¬
176 1989 823 2058 Dienerin der Konversation, oder sie
173 2008 1816 2114 klerischer Tonmalerei, oder sie wird kantesten Farben hüllenden Instrumentierungskunst.
882 2054 1813 2134 Die Aufführung des Werkes durch die Brünner
177 2090 837 2160 g der Handlung einbezogen (Christi¬
831 2104 1804 2195 Bühne in Olmütz war packend vom ersten bis zum
175 2141 824 2204 klavier, der Walzer). Nur hie und da
174 2143 1816 2255 des Wetter auf: bei einzelnen Sätzen sletzten Moment. Sicher und überlegen studiert, auch
171 2212 1815 2296 de. Manchmal auch spürt man tiefe=svon unserem Orchester mit vollstem Verständnis unter¬
839 2257 1812 2339 stützt, konnte die Oper unter Kapellmeister Ja¬
175 2288 834 2349 c wenn Christine die Bühne betritt.
842 2299 1813 2384 novskys, diesmal bemerkenswert schwungvoll und
186 2330 828 2404 ihre rührende Liebe wie ein blühen¬
169 2357 1819 2437 #iesem leichtlebigen Kreis aufleuchtet. beherrscht gebandhabter Leitung, einen schönen Erfolg
190 2401 1822 2496 k meldet sich in der Musik, wenn der serringen. Die Sänger waren in jeder Hinsicht in ihre
181 2462 1812 2560 Fritz Lobheimer zur Verantwortung Gestalten eingelebt. Steffi Bruck=Zimmer, ließ
844 2503 1827 2581 das tiese, innige Gemüt, das überstarke Fühlen der
182 2530 846 2611 sauch als düsterer Unterton durch die
846 2555 1817 2629 armen Christine in jedem Ton ihrer prachtvollen
176 2580 838 2659 hr heitere Szene auf der Bühne und
849 2594 1822 2689 Stimme, in jeder ihrer Bewegungen aufleuchten. Ihre
180 2626 836 2715 Wucht durch als Fritz allein zurück¬
834 2646 1830 2742 Szene im dritten Akt, da sie den Tod Fritz Lobheimers
182 2700 1834 2789 Akt, der durch eine famos gearbeitete serfährt, war von überwältigender dramatischer Kraft
172 2748 1829 2843 ##leitet wird, sine es die Szenen getragen. Albert Peters als Fritz ließ den Charak¬
171 2796 1821 2912 die am lautesten nach musikalischerter des, zwischen zwei Abenteuern haltlos schwanken¬
187 2848 1834 2940 rufen. Das Unausgesprochene, das den jungen Mannes, den der Schicksalssturm, der ##
179 2898 1836 2988 siden Menschen steht, das Angstgefühl, zu gewaltige, unbarmherzig abknickt, deutlich hervor¬
179 2928 1838 3051 beiden befinden, das sie aber nicht zu treten. Josef Schwarz war der weltgewandtere
2074 1236 3064 1327 Theodor anvertraut, dessen Gestalt er gesanglich und
2075 1286 3057 1370 in der Darstellung ausgezeichnet, gerecht werden
2089 1337 3053 1413 konnte. Die Mizzi, das gutmütige, leichtlebige Ge¬
2082 1387 3059 1469 schöpfchen war Valerie Ende zugefallen, die mit
2081 1444 3062 1510 ihrem Operettenton in der Stimme wohl gesanglich
2099 1481 3066 1558 etwas aus dem Rahmen fiel, dafür aber schauspiele¬
2098 1535 3063 1620 risch glänzend geeignet war. Eugen Guth fand für
2087 1581 3073 1647 den Vater Christinens herzliche, rührende Töne. St.
2096 1638 3069 1714 Pic er=Normann brachte die Katharine Bin¬
2095 1677 3078 1749 der zu bester Geltung. Theo A. Werner, der den
2088 1729 3075 1804 beleidigten Ehemann wirkungsvoll brachte, hatte auch
2096 1788 2816 1874 für eine klaglose Spielleitung gesorgt.
2424 1841 2753 1927 Rigoletto.
2360 1899 2822 1976 Oper von G. Verdi.
2175 1930 3097 2032 Der Sonntag Abend brachte uns diese italienische
2110 1997 3084 2083 Schaueroper mit ihre: akbaren gesanglichen Rol¬
2108 2038 3102 2112 len, für die alle Säng ich gern und freudig ein¬
2118 2086 3103 2167 setzen. Auch gestern wurde mit viel Liebe und Lust ge¬
2128 2135 3107 2215 sungen. Armin Weltner in der Titelrolle ließ seine
2114 2186 3118 2277 schöne Stimme, die von bester Gesangskultur veredelt
2125 2237 3114 2324 ist, und seine ausdrucksvolle Darstellungskunst aufs
2131 2294 3123 2364 Beste wirken. Gerta Graumann sang die Gilda“
2119 2313 3112 2439 mühelos und schön, nur hie und da unnötigerweise
2131 2378 3102 2472 etwas zu zaghaft. Karl Jank Hoffmann gab
2124 2432 3111 2518 dem Herzog allen Schmelz und alle Gesangskunst seiner
2127 2477 3111 2559 reichen Stimme. Eugen Guth brachte den Bravo,
2129 2532 3121 2609 Adi Almoslino dessen Schwester sehr schön zur
2136 2574 3107 2649 Geltung. Das Quartett des letzten Aktes fand schöne,
2136 2639 3108 2706 klangvolle Wiedergabe Schließlich wäre noch Herr
2139 2676 3106 2765 Josef Schwarz als stimmächtiger Monterone zu
2143 2730 3114 2809 nennen. Die Spielleitung von Th. A. Werner die
2144 2761 3116 2861 Musikleitung von Kapellmeister Ludwig Seitz wal¬
2138 2819 3050 2923 tete mit sorglicher Umsicht und bestem Gelingen.
2648 2866 3091 2962 Angela Drechsler.
