3436 4320
442 202 818 277 Liebelei
273 194 1390 311 3. box 12/1
2058 683 2438 767 Telephon 12801.
1353 763 1735 968 Pallessier.
1817 856 2439 954 rn
1681 940 2447 1012 „hz. Unternehmen für Zeitungs-Ausschnitte
1497 998 2351 1092 Drem, I., Concordiaplatz 4.
1681 1081 2115 1142 Vertretungen
1418 1142 2441 1193 Jerlin, Budapest, Chicago, Christiania, Cienf, Kopen¬
1397 1176 2447 1215 gen, London, Madrid, Mailand, Minneapolis. New-Vork,
1362 1209 2403 1271 Paris, Rom, San Francisco, Stockholm, St. Petersburg.
1698 1253 2091 1297 (Quellenangabe ohne Gewahr.)
1261 1286 2451 1382 Ausschnitt aus: Neue Zeitschritt
1686 1346 2379 1440 Schenblatt.] für Musik.
1271 1407 2149 1511 E von.
2170 1496 2475 1593 Rund
1777 1603 1961 1679 Oper.
2187 1654 2385 1715 Berlin.
1743 1690 1993 1763 „Liebelei“.
1291 1734 2458 1799 Oper in drei Akten von Franz Neumann. Text nach dem
1366 1790 2364 1843 gleichnamigen Schauspiel von Arthur Schnitzler.
1498 1825 2252 1880 Erstaufführung an der Komischen Oper.—
1365 1859 2451 1932 Die Epidemie der Schauspielopern greift immer mehr um
1291 1899 1409 1962 sich.
1408 1911 2449 1966 Wir werden womöglich noch erleben, dass Gocthes
1294 1950 2446 2001 Faust“ wörtlich von A bis Z in Musik gesetzt wird, und es
1278 1988 2445 2032 frägt, sich nur, ob wir in dieser höchst eigenartigen Tatsache
1291 2027 2452 2060 ein Ubergangssymptom oder einen Rückgang zu ersehen haben.
1291 2065 2446 2110 Vielleieht spricht sich in dieser Zuflucht zum literarisch wohl
1283 2114 2459 2152 akkreditierten Originalschauspiel statt eines Librettos der Uber¬
1292 2146 2467 2186 druss unseres Opernpublikums an minderwertigen Textbüchern
1290 2172 2454 2224 aus, vielleicht aber äussert sich darin auch ein Uberdruss an
1288 2219 2461 2255 der Oper überhaupt; jedenfalls ist es höchste Zeit, dass die
1280 2257 2448 2299 Dichter sich einmal energisch zu dieser Kardinalfrage äussern,
1284 2306 2458 2347 und dass eine Veroperung“ (ich finde beim besten Willen
1291 2336 2465 2387 keinen glimpflicheren Ausdruck für derartige ziemlich skrupel¬
1281 2384 2455 2422 lose Arbeiten wie es die Liebelei“ vom stilistischen Stand¬
1289 2422 2455 2468 punkt darstellt!) erfolgreicher Schauspiele nicht mehr ohne
1285 2455 2462 2504 gewisse zu erfäillende Grundbedingungen, die der Dichter und
1286 2489 2457 2544 der Komponist zu stellen haben, stattfinden kann. Was Neu¬
1292 2526 2450 2568 manns „Liebelei“ anbetrifft, so lässt sich der erste Aufzug noch
1287 2571 2458 2620 ganz gut an: das Wiener Lebemannsmilieu ist in dem pikant
1291 2616 2465 2660 raunenden Konversationston des Orchesters gut getroffen, und
1290 2645 2453 2698 auch das Wienertum des Stoffes ist in der Musik nicht ohne
1293 2691 2466 2737 Geist und Geschmack in verfeinerter Art beibehalten; aber
1284 2724 2467 2756 schon in diesem ersten Akt stört — bei dem Auftreten des
1289 2753 2463 2817 beleidigten Gatten — ein typisches italienisierendes Pathos,
1285 2810 2463 2849 das greil von dem Genrecharakter dieses Aktes absticht und
1280 2841 2464 2890 im Verlauf der Oper leider immer mehr den Ton angibt, so
1295 2884 2462 2924 dass man sich des Schnitzlerschen Charakters der zugrunde
1295 2912 2453 2956 liegenden Dichtung nur schwer bewusst wird. Dass Neumann
1293 2962 2457 3003 ein geschickter und auch ein geschmackvoller Musiker ist, der
1287 2991 2458 3044 eine schulgerechte Fuge schreiben und witzig instrumental
1281 3029 2461 3074 pointieren kann, dies darf uns nicht hindern, ihm seine
1282 3062 2451 3105 stilistischen Irrtümer um so dringlicher zu Gemüte zu führen.
1284 3110 2458 3161 Muss denn durchaus jeder begabte Musiker sein komisches
1292 3147 2460 3189 Talent verbergen nur damit eine gewisse Gattung des
1300 3171 2459 3232 snobistischen Publikums ihn für „voller“ nimmt?.. Die Auf¬
1292 3224 2456 3263 führung der Oper bedeutete die letzte Berliner Ruhmestat des
1296 3264 2460 3315 scheidenden Direktors Hans Gregor, der noch einmal zeigte,
1299 3307 2454 3342 welchen Geschmack er hat und über wie tüchtige Mitarbeiter
1349 3340 2343 3388 Regisseur Morris und Kapellmeister von Reznicek
1291 3376 2461 3437 verfügte. Frl. Labia machte aus Schnitzlers süssem Mädel die
1250 3447 1564 3525 schau.
1290 3537 2444 3645 Opernsentimentale und Opernprimadonna, die ihr der Komponist
1286 3593 2445 3680 aufzwingt; es wäre unbillig, ihr diesen Stilirrtum des Ton¬
1276 3629 2447 3715 dichters zum Vorwurf zu machen. Recht mässig sang und
1282 3647 2453 3733 spielte Herr Nadolovitch den „liebelnden“ Fritz, gewandter
1283 3702 2452 3789 und eleganter Herr Wissiak den lebensfrohen Weaner Theodor:
1274 3733 2435 3826 gerufen wurde übrigens der Komponist mit einem Feuereifer.
1274 3784 2447 3870 als handle es sich um ein Meisterwerk; aber die Beifallsrufer
1287 3815 2318 3892 meinten wohl mehr den scheidenden Gregor als den
1270 3836 1707 3913 Kommenden Neumann.
1895 3876 2367 3950 Dr. Arthur Neisser.
