3436 4352
332 125 720 205 Liebelei
171 112 1283 247 5. Mee box 10/1
1714 1124 3280 1211 nkiner Einer, der seine ruhizen soll die degierung dem niederösterreichi
1224 1134 1389 1211 ter
1430 1120 1616 1210 Altbes
2466 1195 3291 1267 Gesetzesvorlage machen, welche ihr durch
1423 1206 2456 1253 Sinne beisammen hat, einen solchen Satz? Wenn
371 1168 1410 1266 lösung des Gemeinderathes geschah. Man braucht
2455 1232 3261 1302 änderung des Wiener Gemeindestatuts
1422 1241 2450 1304 Jemand von tiefer Religiosität erfüllt ist, wird er in
372 1248 1421 1311 daran noch nicht die Erwartung zu knüpfen, daß
2459 1342 3289 1407 die Situation herbeiführt, und die Kr
1421 1338 2441 1404 im verwahrlosten Hause. Die verwilderten Buben
2462 1390 3279 1454 welche sie aufgelöst wird. Nur diese letzte
1424 1389 2437 1454 werden sauber und brav, die Felder gedeihen und
625 1348 1183 1499 Feuilleton.
2463 1440 3283 1492 sich vor unseren Augen und bildet die Han
1414 1430 2435 1491 die Kühe im Stall, ein Segen liegt auf Allem,
2461 1484 3285 1557 Schauspieles, die der Natur der Sache
1422 1492 2448 1548 was ihre Hand berührt. Der Bauer emnpfindet ein
2454 1538 3276 1594 eine innerliche, seelische sein konnte. Das
1414 1539 2442 1599 Glück, von dessen Möglichkeit er vorher nichts ge¬
697 1532 1059 1636 Burgtheater.
2457 1576 3279 1651 Sudermann zustrebt, ist, daß Elisabet
1416 1589 2449 1643 wußt und geahnt hat. Er fühlt aber doch, daß er
2449 1638 3217 1691 engen Lebenskreise, dem „Winkel“
1411 1633 2439 1696 ein Wesen im Hause hat, das nicht in seine Welt
461 1611 1399 1714 Eine Dame im vollen Sinne des Wortes, in
2461 1656 3252 1736 Schicksal sie verschlagen hat, seelisch
1421 1682 2441 1742 hineingehört. Die Gattin ist ihm wie ein Gast, der
367 1689 1395 1751 welchem es den Inbegriß äußerlich und innerlich
2450 1728 3272 1789 Ein Acclimatisationsproceß also, wie i
1420 1737 2456 1794 über Nacht entschwinden kann. Und schließlich läßt
375 1733 1405 1813 vornehmer Weiblichkeit bezeichnet, als Ehefrau
2459 1769 3286 1826 Ibsen in der „Frau vom Meere“ gesch
1406 1772 2452 1842 denn auch die Sage das salige Fräulein in
364 1781 1408 1838 eines einfachen, braven Schulmeisters, als Stief¬
2453 1817 3288 1875 die nicht ohne Einwirkung auf Suderman
1414 1826 2437 1888 Folge einer geheimnißvollen Botschaft in die Welt
367 1837 1405 1897 mutter seiner Kinder aus erster Ehe, das ist die
2448 1873 3275 1935 tasie geblieben zu sein scheint. Nicht nur die
1423 1881 2315 1940 zurückkehren, welcher sie eigentlich angehört.
364 1882 1406 1941 Situation, von welcher Hermann Sudermann's
2453 1918 3278 1991 gewisse widerliche Details der ausführlich
1507 1913 2443 1977 Elisabeth's Lage im Hause des Schulrectors
376 1930 1391 1987 neuestes Schauspiel „Das Glück im Winkel“ aus¬
2455 1975 3290 2036 psychologie Ibsen's lassen eine solche Aur
1416 1976 2447 2038 Wiedemann ist eine ähnliche. Ihre ganze Natur,
369 1982 1403 2042 geht. Ein Geschöpf feinerer, edlerer Race, einer
2454 2016 3273 2081 muthen. Doch ist das Problem aus der pha
1406 2013 2444 2095 ihre Schönheit, ihre Art zu sprechen und sich zu
366 2028 1400 2095 Umgebung einverleibt, die seinem Wesen wider¬
2462 2072 3274 2129 Sphäre Ibsen's, in welcher sich Elemente
1419 2070 2442 2121 bewegen, der leichte, sichere, damenhafte Ton. mit
362 2081 1401 2146 spricht. Schon die Volkssage kennt dieses Motiv.
2451 2111 3286 2173 gischer Wirklichkeit mit mystischen Motiven
1416 2114 2444 2172 welchem sie den Vorgesetzten ihres Mannes begegnet,
364 2119 1400 2194 Die Untersbergsage berichtet von den „saligen
2460 2170 3272 2231 artiger Trübe vermischen, in das Alltad
1417 2165 2437 2214 Alles sagt, daß sie in eine Umgebung gerathen ist,
366 2181 1402 2251 Fräuleins“, übermenschlichen Wesen mit langem,
2449 2214 3286 2276 philiströsen Wirklichkeit versetzt. Schon b
1413 2216 2439 2274 für welche sie nicht geschaffen ist. Auch der Rector
360 2223 1409 2287 wallendem Goldhaar und von unvergleichlicher
2457 2262 3284 2329 des Stückes hat Elisabeth's Gemüthl
1414 2267 2450 2324 fühlt, daß er sie nicht eigentlich besitzt, daß sie nur
374 2270 1392 2331 Schönheit. Ein Lichtglanz geht von ihnen aus, der
2462 2309 3281 2371 Winkel, in welchen sie verpflanzt ist, zart
1411 2307 2447 2369 in seinem Hause lebt und die Pflichten seiner Frau
358 2310 1399 2376 sie überallhin begleitet und wie ein Sonnenblick
2454 2356 3278 2424 geschlagen. Sie empfindet ihre Nothwen
1410 2360 2446 2413 und der Mutter seiner Kinder treulich versieht.
370 2369 1393 2423 jeden Ort goldig verklärt, den sie betreten. Meistens
2460 2404 3243 2463 diesem Hause, für den Rector und
1416 2410 2449 2467 Gleichwohl geht Glück und Helle von ihr aus. Es
367 2417 1396 2478 bleiben diese saligen Fräuleins hübsch unter ihres¬
2448 2459 3280 2518 Kinder, namentlich für die blinde Helen
1413 2457 2449 2517 verdrießt sie, daß alle Welt laut und leise mit
367 2456 1405 2530 gleichen, es kommt aber doch vor, daß sich ein
2465 2503 3259 2563 Zärtlichkeit an der Stiefmutter hängt.
1409 2500 2450 2568 Erstaunen fragt: durch welches Wunder ist diese
371 2509 1406 2573 solches Geschöpf, gewöhnlich, um sich vor einem Ver¬
2453 2558 3275 2612 giltige Verwachsen Elisabeth's mit ihren
1418 2549 2436 2615 Frau in das Haus des Schulmeisters gekommen?
373 2571 1409 2624 folger in ihrer Welt zu retten, mit einem Sterb¬
2453 2604 3257 2658 führt Sudermann dadurch herbei, daß
1415 2602 2441 2677 Sie gibt sich Mühe, sich in ihren Zustand zu finden,
361 2604 1405 2672 lichen einläßt. Sie wird dann etwa die Ehefrau
2460 2642 3284 2719 Leben derjenige Mann wieder erscheint
1403 2650 2139 2717 der ihr wenigstens Ruhe verheißt.
365 2660 1398 2729 eines Bauern, dem sein Weib gestorben ist und
2457 2698 3279 2764 vor drei Jahren gezwungen hat, sich i
1500 2689 2448 2768 Aus dieser Situation hat Sudermann sein
372 2709 1395 2768 dem Wirthschaft und Kinder verkümmern und ver¬
2448 2731 3288 2833 leidenschaftlichen Werbung und vor sich
366 2739 2454 2831 derben. Mit ihrem Eintritt wird es licht und schön Schauspiel herausgewickelt. Die Vorgeschichte, welche
