3484 4224
549 180 918 250 Liebelei
359 183 1516 267 5. 1 box 10/3
1593 919 2278 1011 Die Berliner Theatersaison 1895/96.
2502 936 2642 1009 509
1237 1034 2636 1108 wurden mit dem eiteln Abschiedsgastspiel des Virtuosen und
1235 1092 2642 1169 Reklamekünstlers Friedrich Haase hingetrödelt. Vorher wie
1230 1169 2646 1234 nachher starben noch halb im Mutterleib völlig unmögliche
1238 1209 2639 1278 Leistungen, wie Schumacher=Malkowskys „Hungerloos“. Der
1240 1262 2642 1343 Erfolg des Herrn Skowronnek gereicht dem Hoftheater mehr zum
1238 1320 2640 1413 pekuniären als geistigen Vortheil, und vergebens fragt man nach
1231 1377 2638 1440 dem Einfluß jenes literarischen Beiraths, der vor Jahresfrist unter
1228 1453 2647 1518 namhaftester und kompetentester Führung eingerichtet wurde. Dieser
1226 1499 2640 1555 Beirath dient wohl nur, um abgelehnten Autoren ein schick¬
1229 1564 2631 1624 liches Trosteswort zu spenden. Denn für die aufgeführten Stücke
1237 1636 2642 1701 und für die ganze Zusammensetzung des Repertoirs kann der
1233 1692 2642 1759 Vorsitzende des Lesecomités, Professor Erich Schmidt, unmöglich
1239 1754 2630 1812 die Verantwortlichkeit tragen. An die Lebrunschen Zeiten des Wallner¬
1235 1798 2637 1876 theaters, aus dem u. A. L'Arronges, „Doktor Klaus“ siegessicher
1228 1857 2633 1935 zur Hofbühne übergegangen ist, erinnert auch der Entschluß, in einem
1238 1923 2640 1997 Biergarten im Thiergarten eine Filiale aufzuthun. Es giebt jetzt
1226 1996 2639 2052 auch königliche Schauspiele bei Kroll, und wenn das brauchbare
1230 2035 2637 2120 Künstlerpersonal für zwei Bühnen an einem Abende nicht ausreicht,
1235 2096 2627 2172 so werden hüben wie drüben aus unbrauchbarem Künstlerpersonale
1230 2158 2630 2236 die Lücken gestopft. Diese Methode hat einst den armen Direktor
1232 2207 2625 2287 Lebrun an den Rand auch des materiellen Abgrunds geführt.
1227 2273 2633 2331 Künstlerisch hat sie sein Theater vernichtet. Vestigia terreant! Wenn
1224 2328 2633 2390 schon die subventionslosen Privatdirektionen mit allem Fleiß und
1222 2382 2618 2461 Schweiß drauf bedacht sein müssen, ihren ungeheuren Ausgaben¬
1228 2458 2633 2519 etat zu decken und so das Theaterunternehmen auf die blanke
1237 2501 2631 2580 Geschäftsseite zu legen, so wird für das Kunstinstitut des Kaisers
1220 2568 2636 2636 die Parole umso dringlicher: Noblesse oblige! Diese Noblesse aber
1229 2620 2634 2683 verpflichtet nicht zur Abführung von Sümmchen ans Hausmini¬
1233 2683 2644 2769 sterium, sondern zur Pflege der nicht geschäftlichen Kunst und zur
1227 2749 2486 2823 ästhetischen Erziehung des reichshauptstädtischen Publikums.
1322 2802 2634 2881 Ich könnte namentlich aus dem überreichen Repertoir des
1214 2868 2634 2928 Lessingtheaters noch dies oder jenes, auch von ganz bekannten Autoren
1223 2916 2621 2999 wie Paul Lindau, Felix Philippi, Fedor v. Zobeltitz, erwähnen.
1220 2961 2632 3056 Auch im Neuen Theater, dessen beste diesjährige Leistungen die Gast¬
1216 3041 2621 3101 spiele der Wiener Burgtheatergrößen Baumeister und Sonnen¬
1212 3096 2629 3160 thal sowie die Chansonetten der Judic waren, hat sich manch ein
1217 3154 2646 3232 strebsamer Autor versucht. Aber — diese Todten ruhen so sanft. Wir
1217 3206 1737 3290 wollen sie nicht wecken.
