<?xml version="1.0" encoding="UTF-8" standalone="yes"?>
<PcGts xmlns="http://schema.primaresearch.org/PAGE/gts/pagecontent/2013-07-15" xmlns:xsi="http://www.w3.org/2001/XMLSchema-instance" xsi:schemaLocation="http://schema.primaresearch.org/PAGE/gts/pagecontent/2013-07-15 http://schema.primaresearch.org/PAGE/gts/pagecontent/2013-07-15/pagecontent.xsd">
    <Metadata>
        <Creator>prov=University of Rostock/Institute of Mathematics/CITlab/Gundram Leifert/gundram.leifert@uni-rostock.de:name=ONB_Newseye_GT_M1+(htr_id=10810)::::v=2.4.2
prov=University of Rostock/Institute of Mathematics/CITlab/Tobias Gruening/tobias.gruening@uni-rostock.de:name=de.uros.citlab.module.baseline2polygon.B2PSeamMultiOriented:v=2.4.2
prov=University of Rostock/Institute of Mathematics/CITlab/Tobias Gruening/tobias.gruening@uni-rostock.de:name=/mnt/transkribus/LA/DEA/URO/LA_news_onb_att.pb:de.uros.citlab.segmentation.CITlab_LA_ML:v=2.4.2
Transkribus</Creator>
        <Created>2019-10-07T12:01:51.652+02:00</Created>
        <LastChange>2019-10-09T17:04:32.479+02:00</LastChange>
        <TranskribusMetadata docId="223992" pageId="9509765" pageNr="1576" tsid="16679363" status="IN_PROGRESS" userId="40391" imgUrl="https://files.transkribus.eu/Get?id=ODUZGBVGQDDWXIRCFHUXUNKC&amp;fileType=view" xmlUrl="https://files.transkribus.eu/Get?id=SYINZCYCBIYTWCZNZNSYLZVZ" imageId="6198471"/>
    </Metadata>
    <Page imageFilename="223992_1576.jpeg" imageWidth="3436" imageHeight="4256">
        <ReadingOrder>
            <OrderedGroup id="ro_1711446370169" caption="Regions reading order">
                <RegionRefIndexed index="0" regionRef="r1"/>
                <RegionRefIndexed index="1" regionRef="r2"/>
            </OrderedGroup>
        </ReadingOrder>
        <TextRegion orientation="0.0" id="r1" custom="readingOrder {index:0;}">
            <Coords points="599,77 599,4183 2715,4183 2715,77"/>
            <TextLine id="r1l1" custom="readingOrder {index:0;}">
                <Coords points="1642,115 1689,127 1721,113 1800,114 1827,132 1857,117 1905,135 1921,120 2009,107 2009,82 1642,83"/>
                <Baseline points="1652,103 1678,104 1705,105 1731,105 1758,105 1784,105 1811,106 1837,106 1864,106 1890,106 1917,106 1943,106 1970,107 1997,108"/>
                <TextEquiv>
                    <Unicode></Unicode>
                </TextEquiv>
            </TextLine>
            <TextLine id="r1l2" custom="readingOrder {index:1;}">
                <Coords points="819,129 1393,140 1394,83 1353,78 820,83"/>
                <Baseline points="832,117 859,118 887,119 914,120 942,120 969,121 997,121 1024,122 1052,122 1079,123 1107,123 1134,124 1162,124 1189,124 1217,125 1244,125 1272,125 1299,126 1327,126 1354,126 1382,126"/>
                <TextEquiv>
                    <Unicode>T U</Unicode>
                </TextEquiv>
            </TextLine>
            <TextLine id="r1l3" custom="readingOrder {index:2;}">
                <Coords points="638,168 688,152 709,164 747,171 788,151 811,158 811,113 793,117 786,110 757,114 734,107 718,121 698,111 664,109 639,115"/>
                <Baseline points="650,144 675,145 700,145 725,144 750,144 775,145 800,148"/>
                <TextEquiv>
                    <Unicode>30 Aar</Unicode>
                </TextEquiv>
            </TextLine>
            <TextLine id="r1l4" custom="readingOrder {index:3;}">
                <Coords points="1637,187 2084,163 2163,193 2204,168 2447,183 2447,133 2393,121 1964,112 1896,148 1855,118 1637,117"/>
                <Baseline points="1648,161 1687,163 1726,164 1766,165 1805,165 1845,165 1884,166 1923,166 1963,165 2002,165 2042,165 2081,165 2120,165 2160,165 2199,165 2239,165 2278,166 2317,167 2357,168 2396,170 2436,172"/>
                <TextEquiv>
                    <Unicode>Verdighed. Selv de Steder i Teksten,</Unicode>
                </TextEquiv>
            </TextLine>
            <TextLine id="r1l5" custom="readingOrder {index:4;}">
                <Coords points="870,181 1542,179 1632,202 1633,143 1561,123 1372,144 871,136"/>
                <Baseline points="882,165 918,167 955,168 992,169 1029,170 1066,171 1103,171 1140,172 1177,173 1214,173 1251,174 1287,174 1324,175 1361,176 1398,176 1435,177 1472,178 1509,179 1546,180 1583,182 1620,184"/>
                <TextEquiv>
                    <Unicode>Men ulige intoressantere var det dog</Unicode>
                </TextEquiv>
            </TextLine>
            <TextLine id="r1l6" custom="readingOrder {index:5;}">
                <Coords points="590,196 870,235 1619,247 1620,193 1552,186 590,167"/>
                <Baseline points="602,200 652,202 702,204 752,206 803,208 853,211 903,212 954,214 1004,215 1054,216 1105,217 1155,218 1205,220 1255,220 1306,221 1356,222 1406,223 1457,224 1507,225 1557,225 1608,226"/>
                <TextEquiv>
                    <Unicode>som hertilat studere Toiletterne, da Folget, efter at</Unicode>
                </TextEquiv>
            </TextLine>
            <TextLine id="r1l7" custom="readingOrder {index:6;}">
                <Coords points="1630,244 1750,217 2460,237 2460,194 2399,180 1630,185"/>
                <Baseline points="1642,220 1682,221 1722,221 1762,221 1803,221 1843,221 1883,221 1924,221 1964,221 2004,221 2045,221 2085,221 2125,221 2165,222 2206,222 2246,222 2286,223 2327,224 2367,225 2407,226 2448,228"/>
                <TextEquiv>
                    <Unicode>som det er vanskeligt at forsone sig</Unicode>
                </TextEquiv>
            </TextLine>
            <TextLine id="r1l8" custom="readingOrder {index:7;}">
                <Coords points="600,268 1230,270 1275,300 1376,259 1623,287 1621,246 1469,226 600,222"/>
                <Baseline points="611,256 661,258 711,259 761,260 811,261 861,261 911,262 961,263 1011,264 1061,264 1111,265 1161,266 1211,266 1261,267 1311,267 1361,268 1411,269 1461,270 1511,271 1561,272 1612,273"/>
                <TextEquiv>
                    <Unicode>iaal med(den hejtidelige Handling var endt, atter</Unicode>
                </TextEquiv>
            </TextLine>
            <TextLine id="r1l9" custom="readingOrder {index:8;}">
                <Coords points="1639,289 1947,279 2142,305 2260,281 2321,306 2467,294 2467,235 1954,243 1859,217 1639,241"/>
                <Baseline points="1651,277 1691,277 1731,276 1771,276 1812,275 1852,275 1892,275 1932,275 1973,276 2013,276 2053,276 2093,277 2134,277 2174,278 2214,278 2254,278 2295,279 2335,279 2375,280 2415,280 2456,280"/>
                <TextEquiv>
                    <Unicode>med, saaledes det, hvor den unge</Unicode>
                </TextEquiv>
            </TextLine>
            <TextLine id="r1l10" custom="readingOrder {index:9;}">
                <Coords points="810,317 1432,332 1548,313 1618,337 1618,287 1387,259 1283,296 1228,268 811,274"/>
                <Baseline points="822,309 861,310 900,310 939,310 978,310 1018,310 1057,310 1096,311 1135,311 1174,311 1214,311 1253,312 1292,312 1331,313 1370,314 1410,315 1449,316 1488,317 1527,318 1566,320 1606,321"/>
                <TextEquiv>
                    <Unicode>bolgede ud af Kirken. Og det var en</Unicode>
                </TextEquiv>
            </TextLine>
            <TextLine id="r1l11" custom="readingOrder {index:10;}">
                <Coords points="591,319 621,315 652,325 664,316 706,342 736,325 759,337 772,328 806,336 808,268 778,274 770,264 751,273 713,274 690,262 660,275 631,265 592,274"/>
                <Baseline points="603,311 630,312 658,313 685,314 713,315 740,316 768,316 796,314"/>
                <TextEquiv>
                    <Unicode>ar i nogle</Unicode>
                </TextEquiv>
            </TextLine>
            <TextLine id="r1l12" custom="readingOrder {index:11;}">
                <Coords points="1630,331 1772,358 2095,337 2330,365 2355,342 2457,348 2458,305 1630,281"/>
                <Baseline points="1641,328 1681,328 1721,329 1761,330 1802,330 1842,330 1882,331 1922,331 1963,331 2003,331 2043,331 2083,331 2124,332 2164,332 2204,333 2244,334 2285,335 2325,336 2365,337 2405,339 2446,341"/>
                <TextEquiv>
                    <Unicode>Prins i Monologen sammenligner sig</Unicode>
                </TextEquiv>
            </TextLine>
            <TextLine id="r1l13" custom="readingOrder {index:12;}">
                <Coords points="810,369 1620,371 1620,335 1548,314 1432,333 810,317"/>
                <Baseline points="820,352 859,353 898,354 938,354 977,355 1017,355 1056,356 1096,356 1135,356 1175,357 1214,357 1253,357 1293,358 1332,358 1372,358 1411,359 1451,360 1490,361 1530,363 1569,364 1609,366"/>
                <TextEquiv>
                    <Unicode>Skuffelse, at de fleste af de indbudte</Unicode>
                </TextEquiv>
            </TextLine>
            <TextLine id="r1l14" custom="readingOrder {index:13;}">
                <Coords points="588,367 613,365 638,386 665,373 722,383 769,379 808,391 809,330 793,325 759,336 736,324 709,342 682,325 652,341 630,322 611,326 589,317"/>
                <Baseline points="599,368 627,368 655,369 683,370 712,372 740,372 768,371 797,369"/>
                <TextEquiv>
                    <Unicode>hvor hun</Unicode>
                </TextEquiv>
            </TextLine>
            <TextLine id="r1l15" custom="readingOrder {index:14;}">
                <Coords points="1631,394 2261,409 2334,378 2372,411 2468,391 2469,348 1631,353"/>
                <Baseline points="1643,384 1683,384 1724,384 1764,385 1805,385 1846,385 1886,386 1927,386 1968,387 2008,388 2049,388 2090,389 2130,390 2171,390 2212,391 2252,391 2293,392 2334,392 2374,393 2415,393 2456,394"/>
                <TextEquiv>
                    <Unicode>selv med Solen bag Skyer, gav han</Unicode>
                </TextEquiv>
            </TextLine>
            <TextLine id="r1l16" custom="readingOrder {index:15;}">
                <Coords points="806,396 983,422 1494,408 1548,430 1623,418 1624,372 873,372 807,348"/>
                <Baseline points="818,399 857,399 897,399 937,400 976,400 1016,401 1056,402 1095,403 1135,403 1175,405 1215,406 1254,407 1294,408 1334,409 1373,410 1413,410 1453,411 1492,412 1532,412 1572,413 1612,413"/>
                <TextEquiv>
                    <Unicode>Damer med Shavler og Slag havde skar¬</Unicode>
                </TextEquiv>
            </TextLine>
            <TextLine id="r1l17" custom="readingOrder {index:16;}">
                <Coords points="589,408 612,413 637,436 669,418 707,444 736,429 772,445 779,438 802,443 803,391 773,391 765,381 758,386 744,379 728,388 717,378 692,378 676,391 658,382 633,384 620,370 590,374"/>
                <Baseline points="600,419 627,421 654,422 681,423 708,424 735,424 762,424 790,421"/>
                <TextEquiv>
                    <Unicode>77 Sceters</Unicode>
                </TextEquiv>
            </TextLine>
            <TextLine id="r1l18" custom="readingOrder {index:17;}">
                <Coords points="1630,453 2465,466 2465,411 2359,419 2314,393 2118,418 1631,394"/>
                <Baseline points="1642,440 1682,440 1723,441 1763,441 1804,441 1845,442 1885,442 1926,442 1966,442 2007,442 2048,442 2088,443 2129,443 2169,444 2210,445 2251,445 2291,447 2332,448 2372,450 2413,451 2454,453"/>
                <TextEquiv>
                    <Unicode>ved en ny Fortolkning virkelig Ynde;</Unicode>
                </TextEquiv>
            </TextLine>
            <TextLine id="r1l19" custom="readingOrder {index:18;}">
                <Coords points="804,452 1257,481 1344,452 1473,478 1625,466 1625,423 1494,408 986,422 804,397"/>
                <Baseline points="816,450 855,451 895,451 935,452 975,452 1015,452 1055,452 1094,452 1134,452 1174,452 1214,452 1254,452 1294,452 1334,453 1373,453 1413,454 1453,454 1493,456 1533,457 1573,459 1613,461"/>
                <TextEquiv>
                    <Unicode>met deres Hals og Skuldre mod den ret</Unicode>
                </TextEquiv>
            </TextLine>
            <TextLine id="r1l20" custom="readingOrder {index:19;}">
                <Coords points="600,499 620,497 629,504 645,497 665,509 693,500 745,512 806,508 807,437 772,446 736,430 707,443 659,425 627,443 600,434"/>
                <Baseline points="611,481 637,482 663,483 689,483 715,484 741,484 767,483 794,482"/>
                <TextEquiv>
                    <Unicode>vor hun</Unicode>
                </TextEquiv>
            </TextLine>
            <TextLine id="r1l21" custom="readingOrder {index:20;}">
                <Coords points="807,496 843,517 893,515 911,534 970,509 990,526 1086,531 1115,509 1147,509 1148,468 1114,457 1055,470 1016,453 948,464 880,454 850,470 807,458"/>
                <Baseline points="819,497 845,496 871,496 898,497 924,497 951,497 977,498 1003,498 1030,499 1056,499 1083,499 1109,499 1136,498"/>
                <TextEquiv>
                    <Unicode>raakolde Blast.</Unicode>
                </TextEquiv>
            </TextLine>
            <TextLine id="r1l22" custom="readingOrder {index:21;}">
                <Coords points="1633,510 2457,515 2457,465 2403,458 1634,453"/>
                <Baseline points="1645,496 1685,497 1725,498 1765,498 1805,499 1845,499 1885,500 1925,500 1965,500 2005,500 2045,501 2085,501 2125,501 2165,501 2205,501 2245,502 2285,502 2325,503 2365,504 2405,505 2445,506"/>
                <TextEquiv>
                    <Unicode>han sagde Repliken, halvt siddende</Unicode>
                </TextEquiv>
            </TextLine>
            <TextLine id="r1l23" custom="readingOrder {index:22;}">
                <Coords points="609,558 627,565 672,556 679,563 693,550 711,557 722,551 736,553 754,568 801,574 803,508 731,508 724,501 692,500 681,508 651,509 638,498 622,511 610,510"/>
                <Baseline points="620,537 648,537 677,538 705,538 734,539 762,541 791,544"/>
                <TextEquiv>
                    <Unicode>ie Sang¬</Unicode>
                </TextEquiv>
            </TextLine>
            <TextLine id="r1l24" custom="readingOrder {index:23;}">
                <Coords points="1418,565 2012,577 2100,552 2384,581 2459,556 2459,516 2250,503 1418,508"/>
                <Baseline points="1428,550 1479,552 1530,554 1581,555 1632,555 1683,556 1734,556 1785,556 1836,555 1887,555 1938,554 1989,554 2040,554 2091,554 2142,554 2193,554 2244,555 2295,557 2346,558 2397,561 2448,563"/>
                <TextEquiv>
                    <Unicode>Einar. paa Vartshusbordet med heengende</Unicode>
                </TextEquiv>
            </TextLine>
            <TextLine id="r1l25" custom="readingOrder {index:24;}">
                <Coords points="612,597 628,595 648,614 653,609 673,614 684,602 707,605 728,598 766,607 775,598 793,601 794,564 757,569 728,553 694,550 680,561 667,557 644,564 632,559 626,566 612,566"/>
                <Baseline points="623,595 649,594 676,593 702,593 729,594 755,594 782,596"/>
                <TextEquiv>
                    <Unicode>r#den.</Unicode>
                </TextEquiv>
            </TextLine>
            <TextLine id="r1l26" custom="readingOrder {index:25;}">
                <Coords points="1635,611 1855,637 1946,606 2127,634 2379,608 2459,642 2439,556 2271,585 2105,554 2012,577 1635,564"/>
                <Baseline points="1647,612 1687,613 1727,613 1767,613 1807,613 1847,612 1887,612 1927,612 1967,612 2007,612 2047,611 2087,611 2127,611 2167,612 2207,612 2247,613 2287,613 2327,615 2367,616 2407,618 2447,620"/>
                <TextEquiv>
                    <Unicode>Ben og med et Skaelmeri, som lo</Unicode>
                </TextEquiv>
            </TextLine>
            <TextLine id="r1l27" custom="readingOrder {index:26;}">
                <Coords points="627,662 645,666 659,653 692,667 720,658 729,668 740,668 758,657 804,655 804,624 782,621 755,602 746,611 730,600 716,599 709,604 687,599 675,610 657,614 628,607"/>
                <Baseline points="638,645 663,646 689,646 715,646 740,646 766,647 792,649"/>
                <TextEquiv>
                    <Unicode>skilt fra</Unicode>
                </TextEquiv>
            </TextLine>
            <TextLine id="r1l28" custom="readingOrder {index:27;}">
                <Coords points="1627,667 1800,692 1850,665 1915,690 2462,682 2462,646 2412,623 2265,614 2131,634 1947,608 1857,638 1675,612 1627,635"/>
                <Baseline points="1638,668 1678,668 1719,668 1759,668 1800,667 1841,667 1881,666 1922,665 1962,665 2003,665 2044,664 2084,664 2125,664 2165,664 2206,665 2247,665 2287,667 2328,668 2368,670 2409,672 2450,675"/>
                <TextEquiv>
                    <Unicode>nan selv ad Ordenes Hejtidelighed,</Unicode>
                </TextEquiv>
            </TextLine>
            <TextLine id="r1l29" custom="readingOrder {index:28;}">
                <Coords points="645,695 663,696 684,716 732,721 753,742 765,732 813,732 817,662 795,654 781,660 758,656 737,669 710,660 703,667 685,668 674,656 667,660 647,652"/>
                <Baseline points="656,699 685,699 715,700 744,702 774,704 804,707"/>
                <TextEquiv>
                    <Unicode>bleven</Unicode>
                </TextEquiv>
            </TextLine>
            <TextLine id="r1l30" custom="readingOrder {index:29;}">
                <Coords points="1629,731 2467,735 2467,699 2374,680 1811,695 1630,674"/>
                <Baseline points="1640,719 1680,720 1721,720 1762,721 1803,721 1843,721 1884,721 1925,721 1966,721 2006,721 2047,721 2088,721 2129,721 2169,721 2210,722 2251,722 2292,723 2332,723 2373,724 2414,725 2455,727"/>
                <TextEquiv>
                    <Unicode>medens disse samme Ord 1 London</Unicode>
                </TextEquiv>
            </TextLine>
            <TextLine id="r1l31" custom="readingOrder {index:30;}">
                <Coords points="604,759 619,762 631,757 651,774 660,767 674,774 685,770 709,789 726,780 744,783 745,721 720,721 714,714 698,718 677,708 666,717 639,721 618,737 604,734"/>
                <Baseline points="616,757 645,756 674,757 703,758 732,759"/>
                <TextEquiv>
                    <Unicode>alse.</Unicode>
                </TextEquiv>
            </TextLine>
            <TextLine id="r1l32" custom="readingOrder {index:31;}">
                <Coords points="840,785 926,788 971,752 1071,790 1253,762 1452,809 1600,767 1600,685 1514,705 1385,649 1233,655 1178,686 1040,637 920,666 841,649"/>
                <Baseline points="851,764 887,763 924,762 961,761 998,761 1035,761 1072,761 1109,762 1146,762 1183,763 1220,764 1256,764 1293,765 1330,766 1367,766 1404,767 1441,767 1478,767 1515,766 1552,766 1589,765"/>
                <TextEquiv>
                    <Unicode>To Forestillinger</Unicode>
                </TextEquiv>
            </TextLine>
            <TextLine id="r1l33" custom="readingOrder {index:32;}">
                <Coords points="1627,781 2434,816 2459,814 2460,748 1627,736"/>
                <Baseline points="1638,774 1678,774 1718,774 1759,775 1799,775 1840,775 1880,775 1921,775 1961,776 2002,776 2042,776 2082,777 2123,777 2163,778 2204,779 2244,779 2285,780 2325,781 2366,782 2406,783 2447,784"/>
                <TextEquiv>
                    <Unicode>udpraekedes med den aller hejtideligste</Unicode>
                </TextEquiv>
            </TextLine>
            <TextLine id="r1l34" custom="readingOrder {index:33;}">
                <Coords points="1637,843 1726,834 1744,850 1832,854 1976,837 2034,854 2159,841 2160,807 2045,802 2004,783 1816,781 1761,800 1639,789"/>
                <Baseline points="1648,826 1673,826 1698,826 1723,826 1748,826 1773,827 1798,827 1823,828 1848,828 1873,830 1898,830 1923,831 1948,832 1973,832 1998,833 2023,834 2048,834 2073,834 2098,835 2123,835 2148,835"/>
                <TextEquiv>
                    <Unicode>Mangel paa Intelligens.</Unicode>
                </TextEquiv>
            </TextLine>
            <TextLine id="r1l35" custom="readingOrder {index:34;}">
                <Coords points="1667,909 2237,894 2414,917 2468,888 2469,824 2295,807 2206,853 1668,852"/>
                <Baseline points="1678,885 1717,886 1756,886 1795,886 1834,887 1873,887 1912,887 1951,887 1990,888 2029,888 2068,888 2107,888 2146,889 2185,889 2224,890 2263,890 2302,891 2341,892 2380,892 2419,894 2458,895"/>
                <TextEquiv>
                    <Unicode>De to andre Hovedroller, Hedspore's</Unicode>
                </TextEquiv>
            </TextLine>
            <TextLine id="r1l36" custom="readingOrder {index:35;}">
                <Coords points="614,941 657,942 670,952 696,936 711,941 730,934 743,944 773,937 802,961 815,961 817,891 778,879 737,901 712,886 690,879 683,886 660,876 615,889"/>
                <Baseline points="626,927 651,927 676,927 702,927 727,927 753,928 778,929 804,931"/>
                <TextEquiv>
                    <Unicode>ire end</Unicode>
                </TextEquiv>
            </TextLine>
            <TextLine id="r1l37" custom="readingOrder {index:36;}">
                <Coords points="1635,948 1963,970 2236,948 2460,977 2461,907 1635,909"/>
                <Baseline points="1645,940 1685,940 1725,941 1765,942 1806,942 1846,943 1886,944 1926,944 1967,945 2007,945 2047,946 2087,946 2128,947 2168,947 2208,947 2248,947 2289,948 2329,948 2369,948 2409,948 2450,948"/>
                <TextEquiv>
                    <Unicode>og Falstaff’s, faldt igennem i Berlin.</Unicode>
                </TextEquiv>
            </TextLine>
            <TextLine id="r1l38" custom="readingOrder {index:37;}">
                <Coords points="966,995 1456,996 1481,989 1480,858 1392,867 1344,910 1306,910 1238,872 1106,906 1043,874 965,895"/>
                <Baseline points="976,973 1001,975 1027,975 1053,976 1079,976 1105,977 1131,977 1157,977 1183,977 1209,976 1235,976 1261,976 1287,975 1313,975 1339,975 1365,975 1391,975 1417,975 1443,975 1469,976"/>
                <TextEquiv>
                    <Unicode>Henrik IV.</Unicode>
                </TextEquiv>
            </TextLine>
            <TextLine id="r1l39" custom="readingOrder {index:38;}">
                <Coords points="605,987 630,986 648,998 717,980 730,994 780,994 802,1018 813,1018 815,959 802,961 778,937 759,943 741,936 702,961 677,956 653,939 607,942"/>
                <Baseline points="616,981 642,982 669,982 695,983 722,984 748,985 775,987 802,989"/>
                <TextEquiv>
                    <Unicode>a den</Unicode>
                </TextEquiv>
            </TextLine>
            <TextLine id="r1l40" custom="readingOrder {index:39;}">
                <Coords points="1629,997 1670,1027 1974,998 2332,1026 2373,1002 2439,1023 2460,978 2238,951 1629,950"/>
                <Baseline points="1640,997 1680,997 1720,997 1761,997 1801,998 1841,998 1882,998 1922,998 1962,999 2003,999 2043,999 2083,999 2124,1000 2164,1000 2204,1001 2245,1001 2285,1002 2325,1002 2366,1003 2406,1004 2447,1005"/>
                <TextEquiv>
                    <Unicode>Paa Hedspore var det umuligt at</Unicode>
                </TextEquiv>
            </TextLine>
            <TextLine id="r1l41" custom="readingOrder {index:40;}">
                <Coords points="1269,1054 1283,1060 1286,1059 1291,1065 1304,1070 1325,1015 1314,1011 1306,1013 1287,1006"/>
                <Baseline points="1290,1032 1304,1037"/>
                <TextEquiv>
                    <Unicode>—</Unicode>
                </TextEquiv>
            </TextLine>
            <TextLine id="r1l42" custom="readingOrder {index:41;}">
                <Coords points="1158,1045 1176,1046 1185,1037 1192,1044 1205,1044 1212,1051 1228,1043 1249,1043 1250,1000 1239,1000 1234,995 1223,1004 1213,1004 1196,992 1182,1003 1177,1003 1173,998 1159,1000"/>
                <Baseline points="1169,1036 1203,1036 1237,1038"/>
                <TextEquiv>
                    <Unicode>—5.</Unicode>
                </TextEquiv>
            </TextLine>
            <TextLine id="r1l43" custom="readingOrder {index:42;}">
                <Coords points="615,1051 639,1058 680,1057 707,1070 717,1061 730,1066 760,1049 771,1060 783,1052 808,1053 809,1007 791,1007 780,995 766,994 755,1005 732,1011 689,987 680,996 664,989 616,1003"/>
                <Baseline points="626,1037 654,1038 682,1040 711,1042 739,1043 767,1043 796,1040"/>
                <TextEquiv>
                    <Unicode>Inoppen</Unicode>
                </TextEquiv>
            </TextLine>
            <TextLine id="r1l44" custom="readingOrder {index:43;}">
                <Coords points="1638,1074 2457,1077 2457,1022 2371,1003 2335,1024 2187,1000 1638,1017"/>
                <Baseline points="1649,1056 1688,1055 1728,1054 1768,1054 1808,1053 1848,1053 1887,1053 1927,1053 1967,1054 2007,1054 2047,1054 2086,1055 2126,1055 2166,1056 2206,1057 2246,1058 2285,1058 2325,1059 2365,1060 2405,1060 2445,1061"/>
                <TextEquiv>
                    <Unicode>agte. Falstaff spilledes af en ganske</Unicode>
                </TextEquiv>
            </TextLine>
            <TextLine id="r1l45" custom="readingOrder {index:44;}">
                <Coords points="868,1106 936,1124 1619,1117 1620,1053 1565,1078 1425,1042 1268,1075 1177,1052 1066,1073 1003,1046 869,1054"/>
                <Baseline points="880,1101 916,1102 952,1103 989,1104 1025,1104 1062,1105 1098,1105 1135,1105 1171,1105 1208,1106 1244,1106 1280,1106 1317,1106 1353,1106 1390,1106 1426,1107 1463,1107 1499,1108 1536,1108 1572,1109 1609,1110"/>
                <TextEquiv>
                    <Unicode>Med tre Maaneders Mellemrum saa</Unicode>
                </TextEquiv>
            </TextLine>
            <TextLine id="r1l46" custom="readingOrder {index:45;}">
                <Coords points="1628,1131 2459,1129 2459,1079 2423,1070 1760,1057 1731,1082 1629,1079"/>
                <Baseline points="1640,1109 1680,1110 1720,1110 1761,1111 1801,1111 1841,1111 1882,1112 1922,1112 1962,1112 2003,1113 2043,1113 2083,1113 2124,1114 2164,1114 2204,1114 2245,1115 2285,1115 2325,1116 2366,1116 2406,1116 2447,1117"/>
                <TextEquiv>
                    <Unicode>ung Mand, der havde taget tyske</Unicode>
                </TextEquiv>
            </TextLine>
            <TextLine id="r1l47" custom="readingOrder {index:46;}">
                <Coords points="615,1161 633,1161 646,1171 660,1169 671,1158 728,1170 744,1159 766,1169 796,1167 797,1122 786,1122 775,1112 763,1114 757,1107 725,1113 713,1106 700,1113 668,1101 634,1120 616,1115"/>
                <Baseline points="625,1152 651,1153 678,1153 705,1154 731,1155 758,1155 785,1156"/>
                <TextEquiv>
                    <Unicode> Nord¬</Unicode>
                </TextEquiv>
            </TextLine>
            <TextLine id="r1l48" custom="readingOrder {index:47;}">
                <Coords points="811,1188 936,1162 1020,1188 1127,1162 1249,1188 1347,1162 1369,1185 1535,1175 1585,1199 1628,1188 1629,1133 1543,1112 1438,1133 812,1118"/>
                <Baseline points="822,1163 861,1162 901,1161 941,1161 980,1161 1020,1161 1060,1161 1099,1161 1139,1162 1179,1162 1219,1163 1258,1163 1298,1164 1338,1165 1377,1166 1417,1166 1457,1167 1496,1167 1536,1168 1576,1168 1616,1168"/>
                <TextEquiv>
                    <Unicode>jeg det bedste historiske Drama, der</Unicode>
                </TextEquiv>
            </TextLine>
            <TextLine id="r1l49" custom="readingOrder {index:48;}">
                <Coords points="1640,1172 2198,1168 2303,1191 2359,1167 2470,1193 2471,1129 2321,1112 2140,1133 1899,1111 1854,1140 1641,1118"/>
                <Baseline points="1651,1167 1691,1166 1731,1166 1772,1166 1812,1166 1853,1167 1893,1167 1933,1167 1974,1168 2014,1168 2055,1168 2095,1169 2135,1169 2176,1170 2216,1170 2257,1171 2297,1171 2337,1171 2378,1171 2418,1171 2459,1171"/>
                <TextEquiv>
                    <Unicode>Billeder af den tykke Ridder til</Unicode>
                </TextEquiv>
            </TextLine>
            <TextLine id="r1l50" custom="readingOrder {index:49;}">
                <Coords points="610,1217 624,1219 635,1209 647,1216 668,1201 687,1222 705,1221 723,1231 744,1216 775,1237 796,1234 798,1184 776,1174 766,1178 749,1159 728,1169 719,1164 710,1173 681,1158 653,1171 613,1160"/>
                <Baseline points="622,1202 649,1204 676,1206 704,1207 731,1208 758,1209 786,1209"/>
                <TextEquiv>
                    <Unicode>r Timer</Unicode>
                </TextEquiv>
            </TextLine>
            <TextLine id="r1l51" custom="readingOrder {index:50;}">
                <Coords points="815,1231 1493,1235 1534,1227 1535,1190 1371,1185 1347,1162 1249,1188 1135,1163 1038,1185 816,1172"/>
                <Baseline points="826,1215 860,1215 895,1215 930,1216 965,1216 1000,1216 1034,1217 1069,1217 1104,1217 1139,1218 1174,1218 1208,1218 1243,1219 1278,1219 1313,1219 1348,1219 1382,1219 1417,1219 1452,1219 1487,1219 1522,1219"/>
                <TextEquiv>
                    <Unicode>eksisterer, i Berlin og i London.</Unicode>
                </TextEquiv>
            </TextLine>
            <TextLine id="r1l52" custom="readingOrder {index:51;}">
                <Coords points="1635,1233 1939,1224 1991,1254 2181,1217 2231,1249 2463,1230 2463,1187 2352,1166 2309,1190 1635,1179"/>
                <Baseline points="1645,1221 1685,1221 1725,1222 1765,1223 1806,1223 1846,1224 1886,1224 1927,1224 1967,1224 2007,1224 2048,1225 2088,1225 2128,1225 2168,1225 2209,1225 2249,1225 2289,1226 2330,1226 2370,1226 2410,1227 2451,1228"/>
                <TextEquiv>
                    <Unicode>Monster, og som hele Tiden lo i</Unicode>
                </TextEquiv>
            </TextLine>
            <TextLine id="r1l53" custom="readingOrder {index:52;}">
                <Coords points="607,1263 618,1263 629,1275 641,1270 652,1282 674,1289 684,1282 729,1288 759,1270 777,1286 806,1278 807,1237 775,1236 744,1218 716,1229 705,1219 655,1223 637,1209 624,1218 608,1213"/>
                <Baseline points="619,1265 644,1265 669,1266 694,1267 720,1268 745,1268 770,1268 796,1266"/>
                <TextEquiv>
                    <Unicode>jed stor</Unicode>
                </TextEquiv>
            </TextLine>
            <TextLine id="r1l54" custom="readingOrder {index:53;}">
                <Coords points="860,1287 1091,1278 1141,1301 1343,1278 1386,1302 1581,1279 1617,1297 1618,1234 860,1235"/>
                <Baseline points="872,1268 908,1269 945,1270 982,1270 1018,1272 1055,1272 1092,1273 1128,1274 1165,1275 1202,1275 1239,1276 1275,1276 1312,1276 1349,1276 1385,1277 1422,1277 1459,1277 1495,1276 1532,1276 1569,1276 1606,1275"/>
                <TextEquiv>
                    <Unicode>Skont forste Del af Shakespeare's</Unicode>
                </TextEquiv>
            </TextLine>
            <TextLine id="r1l55" custom="readingOrder {index:54;}">
                <Coords points="1627,1287 2022,1300 2079,1278 2258,1314 2378,1283 2480,1307 2481,1237 2402,1222 1991,1254 1939,1224 1628,1235"/>
                <Baseline points="1638,1275 1679,1277 1721,1278 1762,1279 1804,1279 1846,1280 1887,1280 1929,1281 1970,1281 2012,1281 2054,1282 2095,1282 2137,1282 2178,1282 2220,1283 2262,1283 2303,1284 2345,1284 2386,1285 2428,1285 2470,1286"/>
                <TextEquiv>
                    <Unicode>Stedet fer at faa Andre til at le.</Unicode>
                </TextEquiv>
            </TextLine>
            <TextLine id="r1l56" custom="readingOrder {index:55;}">
                <Coords points="621,1326 807,1358 928,1331 1619,1350 1620,1298 1591,1289 622,1285"/>
                <Baseline points="633,1320 681,1321 730,1322 779,1323 828,1323 876,1325 925,1326 974,1327 1023,1328 1071,1329 1120,1330 1169,1331 1218,1331 1266,1332 1315,1333 1364,1333 1413,1334 1461,1334 1510,1334 1559,1334 1608,1333"/>
                <TextEquiv>
                    <Unicode>kestrets Henrik IV ikke netop som dramatisk</Unicode>
                </TextEquiv>
            </TextLine>
            <TextLine id="r1l57" custom="readingOrder {index:56;}">
                <Coords points="1627,1332 1967,1362 2038,1335 2380,1363 2464,1341 2464,1302 2378,1284 1627,1302"/>
                <Baseline points="1639,1334 1679,1334 1720,1333 1761,1333 1801,1334 1842,1334 1883,1334 1923,1334 1964,1335 2005,1335 2046,1336 2086,1336 2127,1337 2168,1337 2208,1338 2249,1338 2290,1338 2330,1338 2371,1339 2412,1339 2453,1339"/>
                <TextEquiv>
                    <Unicode>Derfor indtraadte det hejst uheldige</Unicode>
                </TextEquiv>
            </TextLine>
            <TextLine id="r1l58" custom="readingOrder {index:57;}">
                <Coords points="619,1394 1622,1410 1623,1346 1564,1341 620,1349"/>
                <Baseline points="631,1378 680,1379 729,1380 778,1381 827,1381 876,1382 925,1383 974,1383 1023,1384 1072,1385 1121,1385 1170,1386 1219,1386 1268,1387 1317,1388 1366,1388 1415,1389 1464,1389 1513,1390 1562,1391 1612,1392"/>
                <TextEquiv>
                    <Unicode>og op-Bygning naar den allerhgieste Rang,</Unicode>
                </TextEquiv>
            </TextLine>
            <TextLine id="r1l59" custom="readingOrder {index:58;}">
                <Coords points="1637,1400 2470,1416 2470,1343 2447,1336 2261,1363 2236,1342 1762,1358 1637,1336"/>
                <Baseline points="1649,1391 1689,1390 1730,1390 1770,1390 1811,1389 1851,1389 1892,1389 1932,1389 1973,1389 2013,1389 2054,1390 2094,1390 2135,1390 2175,1391 2216,1391 2256,1392 2297,1392 2337,1393 2378,1393 2418,1394 2459,1395"/>
                <TextEquiv>
                    <Unicode>Forhold, at san snart Falstaff aabnede</Unicode>
                </TextEquiv>
            </TextLine>
            <TextLine id="r1l60" custom="readingOrder {index:59;}">
                <Coords points="615,1453 645,1444 667,1456 674,1449 710,1456 743,1436 783,1462 808,1460 809,1385 784,1383 761,1398 743,1384 730,1389 714,1381 691,1399 680,1392 643,1401 616,1394"/>
                <Baseline points="627,1435 655,1435 683,1436 712,1437 740,1438 768,1438 797,1435"/>
                <TextEquiv>
                    <Unicode>segte 1</Unicode>
                </TextEquiv>
            </TextLine>
            <TextLine id="r1l61" custom="readingOrder {index:60;}">
                <Coords points="811,1452 1203,1468 1249,1441 1414,1465 1451,1440 1480,1464 1593,1461 1616,1457 1617,1405 812,1393"/>
                <Baseline points="823,1438 862,1437 901,1437 940,1437 979,1438 1018,1438 1057,1439 1097,1440 1136,1441 1175,1443 1214,1444 1253,1445 1292,1446 1331,1447 1371,1448 1410,1448 1449,1448 1488,1448 1527,1447 1566,1446 1606,1443"/>
                <TextEquiv>
                    <Unicode>haver Stykket sig dog som poetisk</Unicode>
                </TextEquiv>
            </TextLine>
            <TextLine id="r1l62" custom="readingOrder {index:61;}">
                <Coords points="1637,1452 1748,1473 1854,1444 1916,1467 2460,1455 2460,1412 1637,1400"/>
                <Baseline points="1649,1445 1689,1445 1729,1446 1769,1446 1809,1446 1849,1446 1889,1446 1929,1446 1969,1446 2009,1446 2049,1446 2089,1446 2129,1446 2169,1447 2209,1447 2249,1447 2289,1447 2329,1448 2369,1448 2409,1449 2449,1450"/>
                <TextEquiv>
                    <Unicode>Munden, vred alle Skuespillerne paa</Unicode>
                </TextEquiv>
            </TextLine>
            <TextLine id="r1l63" custom="readingOrder {index:62;}">
                <Coords points="635,1495 646,1495 655,1504 673,1493 687,1502 700,1497 728,1504 753,1493 766,1507 775,1500 782,1507 809,1509 810,1446 762,1452 742,1436 710,1457 673,1450 662,1461 655,1456 635,1461"/>
                <Baseline points="647,1493 672,1492 697,1492 723,1492 748,1493 773,1493 799,1493"/>
                <TextEquiv>
                    <Unicode>Palads</Unicode>
                </TextEquiv>
            </TextLine>
            <TextLine id="r1l64" custom="readingOrder {index:63;}">
                <Coords points="819,1506 1561,1518 1622,1510 1623,1455 820,1452"/>
                <Baseline points="831,1493 870,1493 909,1494 948,1494 987,1494 1026,1495 1065,1495 1104,1495 1143,1496 1182,1496 1221,1496 1260,1497 1299,1497 1338,1498 1377,1498 1416,1498 1455,1499 1494,1500 1533,1500 1572,1501 1612,1501"/>
                <TextEquiv>
                    <Unicode>Vierk over alle de Arbejder, det vilde</Unicode>
                </TextEquiv>
            </TextLine>
            <TextLine id="r1l65" custom="readingOrder {index:64;}">
                <Coords points="1634,1514 1766,1505 1859,1531 1909,1504 2185,1499 2458,1533 2442,1456 1634,1455"/>
                <Baseline points="1646,1498 1686,1499 1726,1500 1766,1501 1806,1501 1846,1502 1886,1502 1926,1502 1966,1502 2006,1502 2046,1502 2086,1502 2126,1502 2166,1502 2206,1502 2246,1503 2286,1503 2326,1504 2366,1505 2406,1506 2447,1508"/>
                <TextEquiv>
                    <Unicode>Scenen sig i en larmende Latter, der</Unicode>
                </TextEquiv>
            </TextLine>
            <TextLine id="r1l66" custom="readingOrder {index:65;}">
                <Coords points="625,1544 643,1541 652,1551 677,1553 684,1560 732,1546 759,1565 793,1560 816,1565 816,1499 802,1497 784,1508 750,1494 700,1510 678,1501 664,1512 625,1514"/>
                <Baseline points="636,1544 664,1547 692,1548 720,1547 748,1547 776,1546 804,1548"/>
                <TextEquiv>
                    <Unicode>od var</Unicode>
                </TextEquiv>
            </TextLine>
            <TextLine id="r1l67" custom="readingOrder {index:66;}">
                <Coords points="814,1563 955,1555 998,1585 1025,1560 1286,1581 1434,1558 1622,1582 1622,1521 1588,1509 815,1515"/>
                <Baseline points="826,1550 865,1550 904,1550 943,1551 982,1551 1022,1551 1061,1551 1100,1552 1139,1552 1178,1552 1218,1553 1257,1553 1296,1554 1335,1554 1374,1555 1414,1555 1453,1556 1492,1556 1531,1557 1570,1557 1610,1558"/>
                <TextEquiv>
                    <Unicode>viere muligt at sammeligne dermed,</Unicode>
                </TextEquiv>
            </TextLine>
            <TextLine id="r1l68" custom="readingOrder {index:67;}">
                <Coords points="1631,1563 1910,1555 2109,1585 2166,1563 2232,1591 2325,1565 2461,1578 2462,1526 1631,1515"/>
                <Baseline points="1643,1554 1683,1554 1723,1553 1764,1553 1804,1553 1845,1554 1885,1554 1925,1554 1966,1555 2006,1555 2047,1556 2087,1557 2127,1558 2168,1558 2208,1559 2249,1560 2289,1561 2329,1561 2370,1562 2410,1562 2451,1563"/>
                <TextEquiv>
                    <Unicode>var Ekko af hans egen, medens der</Unicode>
                </TextEquiv>
            </TextLine>
            <TextLine id="r1l69" custom="readingOrder {index:68;}">
                <Coords points="615,1623 653,1639 671,1623 680,1621 689,1630 719,1610 746,1623 778,1607 789,1617 794,1612 814,1619 814,1564 760,1564 730,1546 687,1562 651,1553 631,1537 615,1537"/>
                <Baseline points="625,1602 650,1603 675,1603 701,1604 726,1603 752,1603 777,1603 803,1603"/>
                <TextEquiv>
                    <Unicode>ige nok</Unicode>
                </TextEquiv>
            </TextLine>
            <TextLine id="r1l70" custom="readingOrder {index:69;}">
                <Coords points="817,1620 1618,1620 1618,1579 1554,1563 817,1565"/>
                <Baseline points="829,1608 867,1609 906,1610 945,1611 984,1611 1023,1611 1062,1611 1101,1611 1140,1611 1179,1611 1218,1610 1256,1610 1295,1610 1334,1609 1373,1609 1412,1609 1451,1610 1490,1610 1529,1610 1568,1611 1607,1612"/>
                <TextEquiv>
                    <Unicode>og det er i sig selv saa rigt og saa</Unicode>
                </TextEquiv>
            </TextLine>
            <TextLine id="r1l71" custom="readingOrder {index:70;}">
                <Coords points="1635,1632 1835,1619 1905,1640 2116,1609 2191,1657 2468,1641 2469,1575 2419,1565 2237,1590 2165,1562 1636,1578"/>
                <Baseline points="1647,1614 1687,1612 1728,1610 1768,1609 1809,1609 1849,1608 1890,1609 1930,1609 1971,1610 2011,1611 2052,1612 2092,1613 2133,1614 2173,1615 2214,1616 2254,1617 2295,1618 2335,1618 2376,1618 2416,1618 2457,1617"/>
                <TextEquiv>
                    <Unicode>paa Tilskuerpladsen ikke var et</Unicode>
                </TextEquiv>
            </TextLine>
            <TextLine id="r1l72" custom="readingOrder {index:71;}">
                <Coords points="631,1678 647,1676 656,1683 668,1674 695,1672 708,1684 729,1666 783,1667 811,1660 812,1608 784,1612 768,1623 755,1616 741,1621 723,1609 709,1622 680,1620 655,1637 632,1635"/>
                <Baseline points="642,1655 668,1656 694,1656 721,1656 747,1656 773,1657 800,1659"/>
                <TextEquiv>
                    <Unicode>r med</Unicode>
                </TextEquiv>
            </TextLine>
            <TextLine id="r1l73" custom="readingOrder {index:72;}">
                <Coords points="803,1676 1196,1659 1618,1683 1618,1617 804,1622"/>
                <Baseline points="816,1661 855,1662 895,1662 934,1662 974,1662 1013,1663 1053,1663 1092,1663 1132,1663 1171,1663 1211,1664 1250,1664 1290,1664 1329,1664 1369,1665 1408,1665 1448,1666 1487,1666 1527,1667 1566,1668 1606,1669"/>
                <TextEquiv>
                    <Unicode>storstilet baade i sine alvorlige og</Unicode>
                </TextEquiv>
            </TextLine>
            <TextLine id="r1l74" custom="readingOrder {index:73;}">
                <Coords points="1639,1673 1893,1691 1968,1677 1988,1691 2063,1669 2136,1689 2137,1625 2110,1616 2032,1639 1996,1620 1966,1643 1835,1620 1726,1636 1640,1628"/>
                <Baseline points="1650,1661 1676,1662 1702,1662 1729,1662 1755,1662 1781,1663 1808,1663 1834,1664 1860,1664 1887,1665 1913,1666 1939,1666 1966,1667 1992,1667 2018,1668 2045,1668 2071,1668 2097,1668 2124,1668"/>
                <TextEquiv>
                    <Unicode>levende Viesen, der lo.</Unicode>
                </TextEquiv>
            </TextLine>
            <TextLine id="r1l75" custom="readingOrder {index:74;}">
                <Coords points="616,1727 641,1723 650,1730 669,1721 691,1732 707,1717 721,1717 752,1738 796,1720 809,1721 810,1687 760,1674 742,1679 726,1669 708,1685 692,1671 685,1678 667,1675 656,1682 647,1675 628,1691 617,1691"/>
                <Baseline points="628,1713 656,1714 684,1715 713,1715 741,1716 769,1716 798,1715"/>
                <TextEquiv>
                    <Unicode>er, der</Unicode>
                </TextEquiv>
            </TextLine>
            <TextLine id="r1l76" custom="readingOrder {index:75;}">
                <Coords points="814,1722 1601,1749 1635,1745 1636,1681 814,1677"/>
                <Baseline points="825,1718 867,1718 909,1718 951,1718 993,1718 1035,1719 1077,1719 1119,1719 1161,1720 1203,1720 1245,1721 1287,1721 1329,1721 1371,1722 1413,1722 1455,1723 1497,1723 1539,1723 1581,1723 1624,1724"/>
                <TextEquiv>
                    <Unicode>sine komiske Partier, at en Beundrer</Unicode>
                </TextEquiv>
            </TextLine>
            <TextLine id="r1l77" custom="readingOrder {index:76;}">
                <Coords points="1681,1733 2094,1745 2139,1720 2187,1748 2391,1728 2468,1756 2469,1674 2435,1660 2233,1660 2131,1704 2063,1667 1981,1689 1682,1683"/>
                <Baseline points="1692,1720 1730,1720 1768,1720 1806,1721 1844,1721 1883,1722 1921,1722 1959,1722 1997,1723 2035,1723 2074,1724 2112,1724 2150,1725 2188,1725 2226,1725 2265,1726 2303,1727 2341,1727 2379,1728 2417,1728 2456,1729"/>
                <TextEquiv>
                    <Unicode>I London spilledes ferste Del af</Unicode>
                </TextEquiv>
            </TextLine>
            <TextLine id="r1l78" custom="readingOrder {index:77;}">
                <Coords points="623,1776 1568,1796 1616,1785 1617,1744 900,1737 816,1706 768,1742 707,1716 623,1744"/>
                <Baseline points="634,1763 682,1765 731,1767 779,1769 828,1771 876,1773 925,1773 973,1775 1022,1775 1070,1776 1119,1776 1167,1777 1216,1777 1264,1777 1313,1778 1361,1778 1410,1778 1458,1778 1507,1778 1555,1778 1604,1778"/>
                <TextEquiv>
                    <Unicode>irommederaf vil sege til enhver fremragende</Unicode>
                </TextEquiv>
            </TextLine>
            <TextLine id="r1l79" custom="readingOrder {index:78;}">
                <Coords points="1634,1795 2467,1785 2467,1749 2392,1729 1635,1734"/>
                <Baseline points="1646,1774 1686,1775 1726,1776 1767,1776 1807,1777 1848,1777 1888,1778 1929,1778 1969,1779 2010,1779 2050,1780 2090,1780 2131,1781 2171,1781 2212,1782 2252,1782 2293,1783 2333,1783 2374,1784 2414,1784 2455,1785"/>
                <TextEquiv>
                    <Unicode>Henrik IV. (alene med Indfletning af</Unicode>
                </TextEquiv>
            </TextLine>
            <TextLine id="r1l80" custom="readingOrder {index:79;}">
                <Coords points="809,1835 1619,1848 1604,1784 809,1785"/>
                <Baseline points="821,1824 860,1825 899,1826 938,1826 978,1827 1017,1827 1056,1828 1096,1828 1135,1829 1174,1829 1214,1830 1253,1830 1292,1830 1331,1831 1371,1831 1410,1831 1449,1831 1489,1832 1528,1832 1567,1833 1607,1833"/>
                <TextEquiv>
                    <Unicode>Scene, paa hvilken det spilles, med</Unicode>
                </TextEquiv>
            </TextLine>
            <TextLine id="r1l81" custom="readingOrder {index:80;}">
                <Coords points="1635,1850 2476,1854 2477,1795 1635,1782"/>
                <Baseline points="1647,1831 1687,1830 1728,1830 1769,1829 1810,1829 1851,1829 1892,1829 1933,1829 1974,1830 2015,1830 2056,1831 2096,1831 2137,1832 2178,1833 2219,1834 2260,1835 2301,1836 2342,1837 2383,1838 2424,1839 2465,1840"/>
                <TextEquiv>
                    <Unicode>Falstaffs Rekruteringsscene), saaledes</Unicode>
                </TextEquiv>
            </TextLine>
            <TextLine id="r1l82" custom="readingOrder {index:81;}">
                <Coords points="807,1876 864,1900 1508,1892 1633,1915 1633,1847 1561,1838 808,1836"/>
                <Baseline points="818,1878 858,1880 898,1881 938,1882 978,1883 1018,1884 1058,1884 1099,1884 1139,1884 1179,1884 1219,1884 1259,1884 1299,1884 1339,1885 1380,1885 1420,1885 1460,1885 1500,1886 1540,1887 1580,1888 1621,1890"/>
                <TextEquiv>
                    <Unicode>Haab om gennem Opfereisen at ind¬</Unicode>
                </TextEquiv>
            </TextLine>
            <TextLine id="r1l83" custom="readingOrder {index:82;}">
                <Coords points="1636,1900 2301,1892 2439,1919 2473,1915 2474,1849 1636,1852"/>
                <Baseline points="1647,1887 1687,1886 1728,1886 1769,1886 1810,1885 1850,1885 1891,1886 1932,1886 1973,1886 2013,1887 2054,1887 2095,1888 2136,1889 2176,1890 2217,1891 2258,1892 2299,1893 2339,1894 2380,1896 2421,1898 2462,1899"/>
                <TextEquiv>
                    <Unicode>som. Shakespeare har skrevet Stykket;</Unicode>
                </TextEquiv>
            </TextLine>
            <TextLine id="r1l84" custom="readingOrder {index:83;}">
                <Coords points="817,1948 1632,1957 1632,1916 1512,1894 818,1887"/>
                <Baseline points="828,1934 867,1936 907,1938 946,1939 986,1940 1026,1941 1065,1942 1105,1943 1144,1943 1184,1944 1224,1944 1263,1944 1303,1944 1342,1945 1382,1945 1422,1945 1461,1945 1501,1944 1540,1944 1580,1944 1620,1944"/>
                <TextEquiv>
                    <Unicode>vinde et nyt Syn paa en eller anden</Unicode>
                </TextEquiv>
            </TextLine>
            <TextLine id="r1l85" custom="readingOrder {index:84;}">
                <Coords points="1623,1973 1691,1946 1977,1978 2056,1951 2460,1963 2476,1913 2070,1892 2020,1924 1977,1894 1866,1911 1821,1891 1623,1919"/>
                <Baseline points="1635,1946 1676,1946 1718,1945 1759,1945 1801,1944 1842,1944 1884,1945 1925,1945 1967,1945 2008,1946 2050,1946 2091,1947 2133,1947 2174,1948 2216,1948 2257,1949 2299,1949 2340,1949 2382,1949 2423,1949 2465,1949"/>
                <TextEquiv>
                    <Unicode>paa det kongelige Haymarket Theatre</Unicode>
                </TextEquiv>
            </TextLine>
            <TextLine id="r1l86" custom="readingOrder {index:85;}">
                <Coords points="641,2006 802,1983 1541,2023 1616,2013 1617,1963 1277,1940 1068,1969 642,1933"/>
                <Baseline points="652,1986 699,1987 747,1989 794,1991 842,1992 890,1994 937,1995 985,1996 1033,1997 1080,1998 1128,1998 1176,1999 1223,1999 1271,2000 1319,2000 1366,2000 1414,2000 1462,2000 1509,2000 1557,2000 1605,2000"/>
                <TextEquiv>
                    <Unicode>nuve- I hidtil ikke tilstrekkelig panagtet</Unicode>
                </TextEquiv>
            </TextLine>
            <TextLine id="r1l87" custom="readingOrder {index:86;}">
                <Coords points="1634,2005 2383,2019 2464,1996 2465,1958 2056,1951 1974,1978 1809,1947 1766,1968 1634,1953"/>
                <Baseline points="1645,2000 1685,2000 1725,2001 1766,2001 1806,2001 1847,2001 1887,2001 1927,2002 1968,2002 2008,2002 2049,2003 2089,2003 2129,2003 2170,2003 2210,2003 2251,2004 2291,2004 2331,2004 2372,2004 2412,2004 2453,2004"/>
                <TextEquiv>
                    <Unicode>under Direktion af Mr. Herbert Beer¬</Unicode>
                </TextEquiv>
            </TextLine>
            <TextLine id="r1l88" custom="readingOrder {index:87;}">
                <Coords points="631,2064 651,2070 702,2051 747,2066 754,2062 760,2070 777,2062 799,2064 805,1991 783,1987 754,2010 745,2000 731,2008 697,2001 688,2005 682,1999 660,2007 636,2003"/>
                <Baseline points="643,2040 672,2039 701,2040 730,2042 759,2046 789,2052"/>
                <TextEquiv>
                    <Unicode>eBog¬</Unicode>
                </TextEquiv>
            </TextLine>
            <TextLine id="r1l89" custom="readingOrder {index:88;}">
                <Coords points="817,2055 2473,2059 2408,1999 817,2003"/>
                <Baseline points="828,2049 909,2050 991,2050 1072,2051 1154,2051 1236,2052 1317,2053 1399,2053 1481,2054 1562,2054 1644,2055 1726,2056 1807,2057 1889,2057 1971,2058 2052,2059 2134,2059 2216,2060 2297,2060 2379,2061 2461,2061"/>
                <TextEquiv>
                    <Unicode>Enkelthed eller hidtil anderledes op-I bohm Tgee, der selv udferte Falstaffs</Unicode>
                </TextEquiv>
            </TextLine>
            <TextLine id="r1l90" custom="readingOrder {index:89;}">
                <Coords points="628,2098 639,2098 655,2110 684,2101 689,2106 705,2104 725,2122 734,2118 759,2125 775,2112 805,2108 805,2060 760,2068 710,2052 685,2054 674,2062 628,2059"/>
                <Baseline points="638,2099 664,2098 690,2099 716,2099 742,2101 768,2101 794,2099"/>
                <TextEquiv>
                    <Unicode>Borger¬</Unicode>
                </TextEquiv>
            </TextLine>
            <TextLine id="r1l91" custom="readingOrder {index:90;}">
                <Coords points="815,2124 901,2122 924,2109 962,2122 988,2106 1012,2121 1144,2121 1145,2075 1085,2060 1037,2060 1023,2071 942,2062 903,2074 865,2055 817,2069"/>
                <Baseline points="826,2104 851,2104 877,2104 902,2104 928,2104 953,2105 979,2106 1004,2107 1030,2108 1055,2109 1081,2110 1106,2112 1132,2114"/>
                <TextEquiv>
                    <Unicode>fattet Person.</Unicode>
                </TextEquiv>
            </TextLine>
            <TextLine id="r1l92" custom="readingOrder {index:91;}">
                <Coords points="1621,2147 1701,2116 2458,2140 2459,2070 1846,2058 1778,2093 1621,2054"/>
                <Baseline points="1632,2112 1672,2112 1713,2113 1754,2113 1795,2113 1835,2113 1876,2114 1917,2114 1958,2114 1998,2114 2039,2114 2080,2114 2121,2114 2161,2114 2202,2114 2243,2115 2284,2115 2324,2115 2365,2116 2406,2117 2447,2117"/>
                <TextEquiv>
                    <Unicode>Rolle. Iscenesettelsen var historisk</Unicode>
                </TextEquiv>
            </TextLine>
            <TextLine id="r1l93" custom="readingOrder {index:92;}">
                <Coords points="634,2163 668,2164 690,2176 706,2174 718,2163 733,2168 742,2163 754,2173 758,2168 781,2173 805,2190 817,2190 819,2106 796,2101 762,2125 719,2117 703,2124 687,2107 635,2106"/>
                <Baseline points="645,2155 671,2154 698,2154 725,2155 752,2156 779,2157 806,2158"/>
                <TextEquiv>
                    <Unicode>Thiele;</Unicode>
                </TextEquiv>
            </TextLine>
            <TextLine id="r1l94" custom="readingOrder {index:93;}">
                <Coords points="823,2163 1626,2184 1627,2137 1425,2105 1380,2128 1217,2106 824,2120"/>
                <Baseline points="834,2159 873,2161 912,2162 951,2164 990,2165 1029,2166 1068,2166 1107,2167 1146,2167 1185,2167 1224,2167 1263,2167 1302,2167 1341,2167 1380,2167 1419,2168 1458,2168 1497,2168 1536,2169 1575,2169 1615,2171"/>
                <TextEquiv>
                    <Unicode>I Berlin spilledes Henrik IV paa</Unicode>
                </TextEquiv>
            </TextLine>
            <TextLine id="r1l95" custom="readingOrder {index:94;}">
                <Coords points="1636,2179 2051,2172 2092,2200 2285,2174 2462,2198 2462,2134 2367,2122 1637,2124"/>
                <Baseline points="1647,2169 1687,2169 1727,2169 1767,2169 1807,2169 1848,2169 1888,2168 1928,2168 1968,2168 2008,2168 2049,2168 2089,2168 2129,2168 2169,2168 2209,2169 2250,2170 2290,2170 2330,2172 2370,2173 2410,2175 2451,2177"/>
                <TextEquiv>
                    <Unicode>nejagtig, Kostymirne menstervardige,</Unicode>
                </TextEquiv>
            </TextLine>
            <TextLine id="r1l96" custom="readingOrder {index:95;}">
                <Coords points="648,2229 669,2228 684,2242 698,2233 714,2238 728,2227 734,2234 746,2228 757,2235 766,2231 777,2240 789,2231 803,2232 804,2179 788,2181 741,2164 725,2168 718,2163 695,2176 682,2167 650,2166"/>
                <Baseline points="660,2209 686,2210 712,2211 739,2212 765,2212 792,2213"/>
                <TextEquiv>
                    <Unicode>siden,</Unicode>
                </TextEquiv>
            </TextLine>
            <TextLine id="r1l97" custom="readingOrder {index:96;}">
                <Coords points="817,2239 2314,2253 2457,2241 2458,2198 817,2178"/>
                <Baseline points="828,2215 913,2217 998,2218 1083,2219 1168,2220 1254,2221 1339,2222 1424,2223 1509,2224 1594,2225 1680,2226 1765,2226 1850,2227 1935,2227 2020,2228 2106,2228 2191,2228 2276,2228 2361,2228 2447,2228"/>
                <TextEquiv>
                    <Unicode>Deutschee Tieater, som under Direkterlog det lader sig ikke nagte, at Styk¬</Unicode>
                </TextEquiv>
            </TextLine>
            <TextLine id="r1l98" custom="readingOrder {index:97;}">
                <Coords points="633,2267 658,2274 684,2295 705,2286 725,2287 744,2276 814,2280 815,2235 795,2239 788,2232 779,2241 765,2231 758,2238 745,2228 738,2235 711,2237 695,2227 683,2236 668,2227 649,2242 633,2242"/>
                <Baseline points="644,2265 670,2266 696,2266 723,2267 749,2268 775,2268 802,2269"/>
                <TextEquiv>
                    <Unicode>ommer</Unicode>
                </TextEquiv>
            </TextLine>
            <TextLine id="r1l99" custom="readingOrder {index:98;}">
                <Coords points="810,2290 2473,2302 2414,2238 810,2224"/>
                <Baseline points="820,2270 902,2273 984,2276 1066,2278 1148,2279 1230,2281 1312,2281 1394,2281 1476,2281 1558,2281 1640,2281 1722,2280 1804,2280 1886,2280 1968,2279 2050,2280 2132,2280 2214,2281 2296,2282 2378,2283 2461,2286"/>
                <TextEquiv>
                    <Unicode>O. Brahm’s fortralfelige Ledelse har'kets teatralske Effekter kom langt</Unicode>
                </TextEquiv>
            </TextLine>
            <TextLine id="r1l100" custom="readingOrder {index:99;}">
                <Coords points="809,2340 2322,2372 2469,2354 2470,2298 809,2292"/>
                <Baseline points="820,2327 906,2330 992,2333 1078,2335 1165,2336 1251,2337 1337,2337 1423,2337 1510,2337 1596,2336 1682,2336 1768,2335 1855,2335 1941,2335 2027,2335 2113,2335 2200,2336 2286,2338 2372,2340 2459,2342"/>
                <TextEquiv>
                    <Unicode>udviklet sig til en menstergyldig An-bedre til dores Ret i det engelske</Unicode>
                </TextEquiv>
            </TextLine>
            <TextLine id="r1l101" custom="readingOrder {index:100;}">
                <Coords points="629,2388 2467,2386 2152,2332 940,2365 630,2309"/>
                <Baseline points="641,2376 731,2380 822,2384 913,2387 1003,2389 1094,2391 1185,2392 1275,2393 1366,2393 1457,2393 1548,2393 1638,2393 1729,2392 1820,2392 1910,2392 2001,2392 2092,2392 2182,2393 2273,2394 2364,2395 2455,2397"/>
                <TextEquiv>
                    <Unicode>Marts Istalt, en af de faa i Verden, der i Arrangement end i det tyske. Det</Unicode>
                </TextEquiv>
            </TextLine>
            <TextLine id="r1l102" custom="readingOrder {index:101;}">
                <Coords points="639,2448 1084,2440 1111,2463 1188,2439 1573,2472 1630,2456 1631,2407 640,2395"/>
                <Baseline points="650,2433 698,2435 746,2438 795,2441 843,2442 892,2444 940,2445 988,2445 1037,2446 1085,2446 1134,2446 1182,2447 1230,2447 1279,2447 1327,2447 1376,2447 1424,2448 1472,2448 1521,2449 1569,2450 1618,2452"/>
                <TextEquiv>
                    <Unicode>les Ju-Iferste Linje har Kunsten for Oje og</Unicode>
                </TextEquiv>
            </TextLine>
            <TextLine id="r1l103" custom="readingOrder {index:102;}">
                <Coords points="1639,2459 2329,2452 2456,2485 2488,2470 2489,2395 2255,2418 1640,2407"/>
                <Baseline points="1650,2447 1691,2447 1732,2447 1773,2447 1815,2447 1856,2447 1897,2447 1939,2447 1980,2447 2021,2447 2063,2447 2104,2448 2145,2448 2186,2448 2228,2449 2269,2450 2310,2451 2352,2452 2393,2454 2434,2455 2476,2457"/>
                <TextEquiv>
                    <Unicode>var underligt nok fulde 30 Aar siden,</Unicode>
                </TextEquiv>
            </TextLine>
            <TextLine id="r1l104" custom="readingOrder {index:103;}">
                <Coords points="635,2514 1631,2509 1631,2475 1532,2456 635,2457"/>
                <Baseline points="646,2489 694,2491 743,2494 792,2496 840,2498 889,2499 938,2500 986,2501 1035,2502 1084,2502 1133,2503 1181,2503 1230,2503 1279,2503 1327,2503 1376,2504 1425,2504 1473,2504 1522,2505 1571,2506 1620,2507"/>
                <TextEquiv>
                    <Unicode>a Hr.forst i anden Linje Indtegterne.</Unicode>
                </TextEquiv>
            </TextLine>
            <TextLine id="r1l105" custom="readingOrder {index:104;}">
                <Coords points="1639,2522 1879,2503 2203,2523 2251,2501 2471,2520 2471,2484 2313,2446 2254,2469 2016,2445 1936,2467 1639,2459"/>
                <Baseline points="1650,2501 1690,2502 1731,2502 1771,2503 1812,2503 1852,2503 1893,2503 1933,2503 1974,2503 2014,2503 2055,2503 2095,2503 2136,2503 2176,2503 2217,2504 2257,2504 2298,2504 2338,2505 2379,2506 2419,2507 2460,2508"/>
                <TextEquiv>
                    <Unicode>at Stykket var blevet spillet i London,</Unicode>
                </TextEquiv>
            </TextLine>
            <TextLine id="r1l106" custom="readingOrder {index:105;}">
                <Coords points="813,2563 1001,2556 1042,2585 1103,2554 1244,2587 1630,2567 1612,2524 1440,2509 813,2518"/>
                <Baseline points="825,2552 864,2553 904,2555 944,2556 983,2557 1023,2557 1063,2558 1102,2558 1142,2558 1182,2558 1222,2558 1261,2558 1301,2558 1341,2558 1380,2558 1420,2559 1460,2559 1499,2559 1539,2560 1579,2561 1619,2562"/>
                <TextEquiv>
                    <Unicode>Teatret har fra ferste Fard sat sin</Unicode>
                </TextEquiv>
            </TextLine>
            <TextLine id="r1l107" custom="readingOrder {index:106;}">
                <Coords points="1627,2570 2172,2563 2228,2586 2294,2563 2464,2586 2464,2522 2385,2509 2244,2504 2190,2532 2142,2507 1627,2520"/>
                <Baseline points="1639,2561 1679,2560 1720,2560 1761,2559 1802,2559 1842,2559 1883,2559 1924,2559 1965,2559 2005,2559 2046,2559 2087,2560 2128,2560 2168,2560 2209,2560 2250,2560 2291,2560 2331,2560 2372,2559 2413,2559 2454,2558"/>
                <TextEquiv>
                    <Unicode>og saa lidet stolede man paa Publi¬</Unicode>
                </TextEquiv>
            </TextLine>
            <TextLine id="r1l108" custom="readingOrder {index:107;}">
                <Coords points="647,2619 670,2614 745,2642 770,2624 776,2629 804,2624 804,2565 763,2558 738,2572 718,2558 711,2565 698,2565 673,2553 648,2555"/>
                <Baseline points="659,2604 685,2602 712,2601 739,2602 766,2603 793,2604"/>
                <TextEquiv>
                    <Unicode>1 Fest¬</Unicode>
                </TextEquiv>
            </TextLine>
            <TextLine id="r1l109" custom="readingOrder {index:108;}">
                <Coords points="815,2611 1031,2617 1078,2641 1160,2614 1314,2650 1380,2621 1618,2639 1601,2569 1242,2586 1104,2557 1033,2581 1002,2556 918,2580 816,2563"/>
                <Baseline points="826,2608 865,2610 904,2611 943,2612 982,2613 1021,2614 1060,2614 1099,2615 1138,2615 1177,2615 1217,2616 1256,2616 1295,2616 1334,2616 1373,2616 1412,2616 1451,2617 1490,2617 1529,2618 1568,2618 1608,2619"/>
                <TextEquiv>
                    <Unicode>Ere i at spille de ypperste tyske og</Unicode>
                </TextEquiv>
            </TextLine>
            <TextLine id="r1l110" custom="readingOrder {index:109;}">
                <Coords points="1628,2621 2419,2637 2465,2621 2465,2567 1628,2571"/>
                <Baseline points="1639,2617 1679,2616 1720,2615 1761,2614 1801,2614 1842,2613 1883,2613 1923,2613 1964,2613 2005,2613 2046,2614 2086,2614 2127,2614 2168,2615 2208,2615 2249,2616 2290,2616 2330,2616 2371,2617 2412,2617 2453,2617"/>
                <TextEquiv>
                    <Unicode>kums Kendskab dertil, at der med</Unicode>
                </TextEquiv>
            </TextLine>
            <TextLine id="r1l111" custom="readingOrder {index:110;}">
                <Coords points="1640,2688 1794,2675 1851,2696 2005,2667 2398,2697 2461,2677 2462,2620 2251,2617 2171,2644 1985,2614 1894,2639 1640,2622"/>
                <Baseline points="1652,2668 1691,2668 1731,2667 1771,2667 1811,2667 1851,2667 1891,2668 1931,2668 1971,2669 2011,2669 2051,2669 2090,2670 2130,2670 2170,2670 2210,2670 2250,2670 2290,2670 2330,2669 2370,2669 2410,2668 2450,2666"/>
                <TextEquiv>
                    <Unicode>Programmet blev omdelt en Indholds¬</Unicode>
                </TextEquiv>
            </TextLine>
            <TextLine id="r1l112" custom="readingOrder {index:111;}">
                <Coords points="805,2674 1619,2687 1620,2639 1380,2620 1304,2653 1171,2613 1071,2635 844,2625 806,2599"/>
                <Baseline points="816,2666 855,2665 895,2665 934,2665 974,2665 1014,2666 1053,2666 1093,2667 1132,2668 1172,2669 1212,2670 1251,2671 1291,2672 1330,2672 1370,2673 1410,2673 1449,2673 1489,2673 1528,2673 1568,2672 1608,2671"/>
                <TextEquiv>
                    <Unicode>udenlandske Skuespil. Brahm bar</Unicode>
                </TextEquiv>
            </TextLine>
            <TextLine id="r1l113" custom="readingOrder {index:112;}">
                <Coords points="641,2714 659,2714 674,2730 684,2725 693,2732 699,2726 720,2737 736,2724 749,2724 765,2735 813,2731 814,2643 759,2635 741,2653 732,2658 723,2653 711,2662 678,2648 659,2653 641,2646"/>
                <Baseline points="652,2717 677,2717 702,2717 727,2717 752,2717 777,2718 802,2719"/>
                <TextEquiv>
                    <Unicode>inkefru</Unicode>
                </TextEquiv>
            </TextLine>
            <TextLine id="r1l114" custom="readingOrder {index:113;}">
                <Coords points="807,2728 1061,2752 1224,2723 1274,2746 1313,2713 1347,2747 1592,2757 1623,2746 1624,2691 807,2674"/>
                <Baseline points="819,2724 858,2723 898,2723 937,2723 977,2723 1017,2723 1056,2723 1096,2724 1136,2724 1175,2724 1215,2724 1255,2725 1294,2725 1334,2725 1374,2726 1413,2726 1453,2726 1493,2726 1532,2726 1572,2725 1612,2725"/>
                <TextEquiv>
                    <Unicode>fra det Ojeblik af, da Gerhart</Unicode>
                </TextEquiv>
            </TextLine>
            <TextLine id="r1l115" custom="readingOrder {index:114;}">
                <Coords points="1631,2755 1693,2727 1938,2753 2053,2728 2187,2751 2235,2728 2258,2749 2462,2733 2439,2699 2265,2674 2124,2696 2006,2667 1967,2694 1931,2673 1824,2703 1797,2682 1632,2687"/>
                <Baseline points="1642,2724 1682,2724 1722,2725 1763,2725 1803,2726 1844,2726 1884,2726 1924,2726 1965,2726 2005,2726 2046,2726 2086,2726 2126,2726 2167,2726 2207,2726 2248,2726 2288,2726 2328,2726 2369,2726 2409,2726 2450,2726"/>
                <TextEquiv>
                    <Unicode>oversigt over de i Skuespiliet forekom¬</Unicode>
                </TextEquiv>
            </TextLine>
            <TextLine id="r1l116" custom="readingOrder {index:115;}">
                <Coords points="652,2797 777,2780 826,2815 1076,2777 1616,2807 1617,2748 1272,2748 1218,2722 1061,2752 825,2724 653,2749"/>
                <Baseline points="664,2770 711,2772 758,2774 805,2776 852,2777 899,2779 946,2780 993,2781 1040,2782 1087,2783 1134,2783 1181,2784 1228,2784 1275,2784 1322,2785 1369,2785 1416,2784 1463,2784 1510,2784 1557,2783 1605,2782"/>
                <TextEquiv>
                    <Unicode>Aarsa-Hauptmann dukkede op, varet hans</Unicode>
                </TextEquiv>
            </TextLine>
            <TextLine id="r1l117" custom="readingOrder {index:116;}">
                <Coords points="1628,2777 1787,2777 1814,2799 1910,2781 1944,2811 1969,2788 2064,2806 2100,2776 2218,2803 2452,2789 2452,2740 2397,2733 2313,2765 2238,2728 2189,2749 2066,2729 1628,2747"/>
                <Baseline points="1639,2781 1679,2783 1719,2784 1759,2784 1799,2785 1839,2785 1879,2785 1919,2785 1959,2785 1999,2784 2039,2784 2079,2783 2119,2783 2159,2783 2199,2782 2239,2782 2279,2782 2319,2783 2359,2783 2399,2784 2440,2786"/>
                <TextEquiv>
                    <Unicode>mende Begivenbeder. Det var ogsaa</Unicode>
                </TextEquiv>
            </TextLine>
            <TextLine id="r1l118" custom="readingOrder {index:117;}">
                <Coords points="644,2849 814,2826 861,2858 1147,2847 1211,2873 1340,2840 1594,2856 1629,2816 1568,2788 1021,2810 644,2770"/>
                <Baseline points="654,2823 702,2826 750,2829 798,2832 846,2834 895,2836 943,2837 991,2838 1039,2839 1087,2839 1136,2839 1184,2839 1232,2839 1280,2839 1328,2839 1377,2838 1425,2838 1473,2838 1521,2837 1569,2837 1618,2837"/>
                <TextEquiv>
                    <Unicode>eum ibenergiske og begejstrede Herold i den</Unicode>
                </TextEquiv>
            </TextLine>
            <TextLine id="r1l119" custom="readingOrder {index:118;}">
                <Coords points="1627,2851 2201,2841 2255,2862 2469,2830 2469,2801 2314,2791 1627,2797"/>
                <Baseline points="1638,2837 1681,2838 1724,2838 1767,2838 1810,2838 1853,2838 1896,2838 1939,2837 1982,2837 2025,2837 2069,2836 2112,2836 2155,2836 2198,2836 2241,2837 2284,2838 2327,2838 2370,2840 2413,2841 2457,2844"/>
                <TextEquiv>
                    <Unicode>tyüeligt af Maaden, hvorpaa der un</Unicode>
                </TextEquiv>
            </TextLine>
            <TextLine id="r1l120" custom="readingOrder {index:119;}">
                <Coords points="650,2903 673,2902 685,2892 711,2908 730,2902 764,2903 768,2844 742,2835 733,2836 718,2849 700,2843 688,2851 684,2846 679,2850 654,2848"/>
                <Baseline points="663,2884 693,2884 723,2889 754,2889"/>
                <TextEquiv>
                    <Unicode>geg.</Unicode>
                </TextEquiv>
            </TextLine>
            <TextLine id="r1l121" custom="readingOrder {index:120;}">
                <Coords points="1629,2915 2498,2901 2498,2846 1630,2854"/>
                <Baseline points="1641,2896 1683,2894 1725,2894 1767,2893 1810,2892 1852,2892 1894,2892 1936,2892 1979,2893 2021,2893 2063,2894 2105,2894 2148,2895 2190,2895 2232,2895 2274,2895 2317,2895 2359,2895 2401,2894 2443,2893 2486,2891"/>
                <TextEquiv>
                    <Unicode>og da blev lét, at Situationer og Vit¬</Unicode>
                </TextEquiv>
            </TextLine>
            <TextLine id="r1l122" custom="readingOrder {index:121;}">
                <Coords points="815,2911 1618,2909 1618,2864 1566,2845 815,2863"/>
                <Baseline points="826,2888 865,2891 904,2892 943,2894 982,2895 1021,2896 1060,2897 1099,2897 1138,2898 1177,2898 1216,2898 1255,2897 1294,2897 1333,2897 1372,2896 1411,2896 1450,2895 1489,2895 1528,2895 1567,2894 1606,2894"/>
                <TextEquiv>
                    <Unicode>tyske Presse, og han har i mange</Unicode>
                </TextEquiv>
            </TextLine>
            <TextLine id="r1l123" custom="readingOrder {index:122;}">
                <Coords points="2456,2975 2469,2970 2486,2944 2496,2940 2481,2900 2470,2904 2467,2908 2455,2902 2451,2904 2445,2914 2434,2918"/>
                <Baseline points="2458,2951 2484,2941"/>
                <TextEquiv>
                    <Unicode>*</Unicode>
                </TextEquiv>
            </TextLine>
            <TextLine id="r1l124" custom="readingOrder {index:123;}">
                <Coords points="1627,2971 1910,2951 2069,2983 2139,2953 2398,2985 2455,2970 2455,2888 2371,2917 2083,2897 1829,2921 1781,2896 1627,2919"/>
                <Baseline points="1639,2948 1679,2948 1719,2948 1759,2949 1800,2949 1840,2949 1880,2949 1920,2949 1961,2949 2001,2949 2041,2949 2081,2949 2122,2949 2162,2949 2202,2949 2242,2949 2283,2949 2323,2949 2363,2949 2403,2949 2444,2949"/>
                <TextEquiv>
                    <Unicode>tigheder var en stor Del af Publikum</Unicode>
                </TextEquiv>
            </TextLine>
            <TextLine id="r1l125" custom="readingOrder {index:124;}">
                <Coords points="815,2946 971,2968 1046,2945 1604,2963 1629,2954 1629,2899 1556,2922 1472,2895 814,2914"/>
                <Baseline points="826,2947 865,2948 905,2949 944,2950 984,2951 1023,2951 1063,2951 1102,2951 1142,2951 1181,2950 1221,2950 1261,2950 1300,2949 1340,2949 1379,2949 1419,2948 1458,2948 1498,2948 1537,2949 1577,2949 1617,2950"/>
                <TextEquiv>
                    <Unicode>Aar hort til Ibsen’s mest Trofaste</Unicode>
                </TextEquiv>
            </TextLine>
            <TextLine id="r1l126" custom="readingOrder {index:125;}">
                <Coords points="2572,2998 2583,2999 2601,2990 2624,3005 2630,3000 2653,3001 2669,3013 2689,3011 2692,2916 2670,2915 2651,2933 2633,2930 2612,2948 2600,2947 2591,2954 2573,2949"/>
                <Baseline points="2582,3001 2613,2997 2645,2998 2677,3004"/>
                <TextEquiv>
                    <Unicode>0</Unicode>
                </TextEquiv>
            </TextLine>
            <TextLine id="r1l127" custom="readingOrder {index:126;}">
                <Coords points="1629,3026 1684,3017 1699,3027 1729,3011 1793,3028 1827,3011 1883,3032 1906,3019 1949,3027 2006,3005 2026,3014 2027,2964 1996,2957 1982,2970 1927,2972 1864,2952 1798,2970 1782,2958 1630,2958"/>
                <Baseline points="1642,3002 1668,3001 1695,3001 1722,3000 1748,3000 1775,3001 1802,3001 1829,3002 1855,3002 1882,3003 1909,3004 1935,3005 1962,3006 1989,3006 2016,3006"/>
                <TextEquiv>
                    <Unicode>fuldstaendigt nye.</Unicode>
                </TextEquiv>
            </TextLine>
            <TextLine id="r1l128" custom="readingOrder {index:127;}">
                <Coords points="2492,3003 2508,3004 2519,2998 2541,3018 2551,3010 2558,3012 2560,3009 2568,3016 2581,3013 2576,2936 2565,2936 2555,2930 2541,2947 2531,2941 2520,2953 2516,2949 2507,2954 2500,2947 2488,2948"/>
                <Baseline points="2504,3006 2536,3005 2568,3002"/>
                <TextEquiv>
                    <Unicode></Unicode>
                </TextEquiv>
            </TextLine>
            <TextLine id="r1l129" custom="readingOrder {index:128;}">
                <Coords points="813,3019 1333,3022 1367,3000 1628,3021 1612,2959 1308,2947 1058,2974 813,2946"/>
                <Baseline points="824,3006 863,3005 903,3005 942,3005 982,3004 1022,3004 1061,3004 1101,3004 1141,3004 1180,3005 1220,3005 1260,3005 1299,3005 1339,3005 1379,3005 1418,3006 1458,3006 1498,3006 1537,3006 1577,3006 1617,3005"/>
                <TextEquiv>
                    <Unicode>indenfor det tyske Rige. Han maatte</Unicode>
                </TextEquiv>
            </TextLine>
            <TextLine id="r1l130" custom="readingOrder {index:129;}">
                <Coords points="2446,3067 2464,3066 2484,3045 2512,3056 2534,3044 2552,3048 2577,3022 2588,3033 2606,3024 2620,3037 2663,3036 2700,3065 2728,3064 2725,2982 2698,2983 2676,3006 2660,2998 2624,3005 2601,2990 2558,3007 2535,2985 2495,3006 2444,3001"/>
                <Baseline points="2456,3031 2481,3032 2507,3032 2533,3032 2559,3031 2585,3030 2611,3030 2637,3028 2663,3027 2689,3027 2715,3026"/>
                <TextEquiv>
                    <Unicode></Unicode>
                </TextEquiv>
            </TextLine>
            <TextLine id="r1l131" custom="readingOrder {index:130;}">
                <Coords points="814,3082 1177,3062 1633,3080 1633,3026 1599,3017 814,3018"/>
                <Baseline points="826,3059 865,3060 905,3061 945,3061 985,3062 1025,3062 1064,3062 1104,3062 1144,3062 1184,3061 1224,3061 1263,3061 1303,3061 1343,3060 1383,3060 1423,3060 1462,3061 1502,3061 1542,3062 1582,3063 1622,3063"/>
                <TextEquiv>
                    <Unicode>i Fjor bede for sin Hengivenhed for</Unicode>
                </TextEquiv>
            </TextLine>
            <TextLine id="r1l132" custom="readingOrder {index:131;}">
                <Coords points="1682,3066 2111,3071 2138,3091 2259,3058 2372,3088 2443,3065 2443,3009 2386,2995 2334,3019 2168,2989 2041,3023 2003,3004 1948,3027 1683,3028"/>
                <Baseline points="1693,3058 1731,3058 1770,3058 1809,3059 1848,3060 1887,3061 1926,3061 1965,3062 2004,3063 2043,3063 2081,3064 2120,3064 2159,3064 2198,3064 2237,3064 2276,3063 2315,3062 2354,3061 2393,3060 2432,3058"/>
                <TextEquiv>
                    <Unicode>Mr. Tree, som indtil Juli har for¬</Unicode>
                </TextEquiv>
            </TextLine>
            <TextLine id="r1l133" custom="readingOrder {index:132;}">
                <Coords points="672,3090 686,3093 707,3076 725,3070 736,3075 746,3066 759,3078 775,3076 791,3066 814,3069 816,3024 800,3023 770,2994 752,2989 735,3002 719,3001 705,3012 676,3004"/>
                <Baseline points="684,3065 713,3065 743,3066 773,3068 803,3070"/>
                <TextEquiv>
                    <Unicode>Over¬</Unicode>
                </TextEquiv>
            </TextLine>
            <TextLine id="r1l134" custom="readingOrder {index:133;}">
                <Coords points="2511,3083 2523,3083 2542,3070 2561,3080 2574,3072 2590,3073 2586,3021 2575,3022 2563,3037 2551,3028 2542,3034 2523,3030 2519,3035 2508,3036"/>
                <Baseline points="2522,3082 2550,3076 2578,3078"/>
                <TextEquiv>
                    <Unicode></Unicode>
                </TextEquiv>
            </TextLine>
            <TextLine id="r1l135" custom="readingOrder {index:134;}">
                <Coords points="669,3122 685,3119 698,3128 710,3121 721,3132 735,3123 741,3128 757,3123 769,3130 778,3123 796,3136 816,3134 816,3075 804,3075 791,3066 775,3080 764,3077 755,3082 725,3071 707,3076 687,3094 680,3087 668,3088"/>
                <Baseline points="680,3114 711,3113 742,3113 773,3113 804,3112"/>
                <TextEquiv>
                    <Unicode>Dat¬</Unicode>
                </TextEquiv>
            </TextLine>
            <TextLine id="r1l136" custom="readingOrder {index:135;}">
                <Coords points="810,3122 1631,3136 1631,3081 1538,3067 894,3086 862,3065 810,3086"/>
                <Baseline points="821,3116 863,3116 905,3116 947,3116 989,3116 1031,3116 1073,3116 1115,3116 1157,3116 1199,3117 1241,3117 1283,3117 1325,3117 1367,3117 1409,3117 1451,3118 1493,3118 1535,3118 1577,3118 1620,3117"/>
                <TextEquiv>
                    <Unicode>Hauptmann; thi Kejser Wilhelm blev</Unicode>
                </TextEquiv>
            </TextLine>
            <TextLine id="r1l137" custom="readingOrder {index:136;}">
                <Coords points="2502,3139 2520,3135 2529,3140 2543,3132 2552,3135 2564,3129 2571,3132 2580,3123 2600,3138 2611,3139 2615,3080 2603,3079 2589,3090 2583,3082 2576,3087 2567,3077 2551,3076 2534,3059 2518,3072 2506,3071"/>
                <Baseline points="2514,3113 2543,3116 2572,3116 2601,3120"/>
                <TextEquiv>
                    <Unicode></Unicode>
                </TextEquiv>
            </TextLine>
            <TextLine id="r1l138" custom="readingOrder {index:137;}">
                <Coords points="1625,3134 2358,3122 2444,3143 2464,3057 2387,3088 1625,3071"/>
                <Baseline points="1636,3117 1676,3117 1717,3117 1758,3117 1799,3117 1840,3117 1881,3117 1922,3117 1963,3118 2004,3118 2045,3119 2085,3119 2126,3119 2167,3119 2208,3119 2249,3119 2290,3119 2331,3119 2372,3118 2413,3117 2454,3116"/>
                <TextEquiv>
                    <Unicode>tjent over 50,000 Pund, altsaa henved</Unicode>
                </TextEquiv>
            </TextLine>
            <TextLine id="r1l139" custom="readingOrder {index:138;}">
                <Coords points="662,3168 678,3170 689,3182 696,3182 735,3165 746,3177 777,3192 800,3179 816,3181 817,3138 799,3136 786,3124 767,3130 756,3121 745,3127 736,3122 722,3133 709,3121 695,3130 677,3116 664,3116"/>
                <Baseline points="674,3159 700,3160 726,3160 752,3161 778,3162 804,3163"/>
                <TextEquiv>
                    <Unicode>isted.</Unicode>
                </TextEquiv>
            </TextLine>
            <TextLine id="r1l140" custom="readingOrder {index:139;}">
                <Coords points="1627,3203 1860,3178 2294,3198 2337,3171 2541,3207 2559,3125 1842,3115 1627,3144"/>
                <Baseline points="1638,3173 1683,3173 1728,3173 1774,3173 1819,3174 1865,3174 1910,3174 1956,3175 2001,3175 2047,3176 2092,3176 2137,3176 2183,3176 2228,3176 2274,3176 2319,3175 2365,3174 2410,3173 2456,3172 2501,3170 2547,3168"/>
                <TextEquiv>
                    <Unicode>en Million Kroner, paa Trilby, der</Unicode>
                </TextEquiv>
            </TextLine>
            <TextLine id="r1l141" custom="readingOrder {index:140;}">
                <Coords points="810,3193 1039,3179 1189,3201 1268,3178 1361,3201 1552,3175 1618,3200 1618,3134 810,3122"/>
                <Baseline points="822,3173 861,3174 900,3174 939,3174 979,3174 1018,3174 1057,3174 1096,3174 1136,3173 1175,3173 1214,3172 1253,3172 1293,3172 1332,3171 1371,3171 1410,3171 1450,3172 1489,3172 1528,3173 1567,3174 1607,3176"/>
                <TextEquiv>
                    <Unicode>heilig forbitret over Opferelsen af</Unicode>
                </TextEquiv>
            </TextLine>
            <TextLine id="r1l142" custom="readingOrder {index:141;}">
                <Coords points="1636,3236 2423,3254 2446,3245 2446,3179 1636,3200"/>
                <Baseline points="1648,3227 1687,3228 1726,3228 1765,3229 1805,3229 1844,3230 1883,3230 1923,3230 1962,3230 2001,3230 2041,3229 2080,3229 2119,3229 2158,3229 2198,3229 2237,3229 2276,3229 2316,3230 2355,3230 2394,3231 2434,3231"/>
                <TextEquiv>
                    <Unicode>roddede ham ud af en stor Forlegen¬</Unicode>
                </TextEquiv>
            </TextLine>
            <TextLine id="r1l143" custom="readingOrder {index:142;}">
                <Coords points="811,3251 997,3228 1065,3258 1244,3236 1330,3264 1415,3235 1457,3260 1616,3234 1617,3202 1467,3183 1401,3210 1267,3177 1195,3204 1063,3180 811,3195"/>
                <Baseline points="823,3229 862,3228 901,3228 940,3228 979,3228 1018,3229 1057,3229 1097,3229 1136,3230 1175,3230 1214,3230 1253,3231 1292,3231 1331,3231 1371,3232 1410,3232 1449,3232 1488,3232 1527,3232 1566,3231 1606,3231"/>
                <TextEquiv>
                    <Unicode>dennes Taverne, som han maerkvier¬</Unicode>
                </TextEquiv>
            </TextLine>
            <TextLine id="r1l144" custom="readingOrder {index:143;}">
                <Coords points="657,3269 691,3274 707,3270 732,3277 743,3273 752,3282 768,3275 784,3285 806,3283 808,3217 742,3211 735,3218 726,3220 722,3215 708,3224 701,3222 690,3231 658,3223"/>
                <Baseline points="668,3265 693,3264 719,3264 744,3265 770,3266 796,3267"/>
                <TextEquiv>
                    <Unicode>jolder</Unicode>
                </TextEquiv>
            </TextLine>
            <TextLine id="r1l145" custom="readingOrder {index:144;}">
                <Coords points="824,3304 2464,3291 2412,3236 824,3234"/>
                <Baseline points="835,3285 915,3286 996,3287 1077,3287 1158,3287 1239,3287 1320,3287 1401,3287 1482,3287 1563,3287 1644,3286 1724,3286 1805,3286 1886,3286 1967,3285 2048,3285 2129,3285 2210,3285 2291,3285 2372,3285 2453,3285"/>
                <TextEquiv>
                    <Unicode>digt nok opfattede som et mod hamhed, spiller nu afvekslende dette Stykke</Unicode>
                </TextEquiv>
            </TextLine>
            <TextLine id="r1l146" custom="readingOrder {index:145;}">
                <Coords points="817,3355 2455,3356 2455,3297 2308,3290 817,3294"/>
                <Baseline points="829,3341 909,3341 990,3341 1071,3342 1152,3342 1233,3342 1313,3342 1394,3342 1475,3342 1556,3342 1637,3342 1717,3342 1798,3342 1879,3342 1960,3342 2041,3341 2121,3341 2202,3341 2283,3340 2364,3340 2445,3339"/>
                <TextEquiv>
                    <Unicode>eller det monerkiske Princip fjendtligt og Henrik IV. Han har Hovedroller</Unicode>
                </TextEquiv>
            </TextLine>
            <TextLine id="r1l147" custom="readingOrder {index:146;}">
                <Coords points="666,3357 682,3359 699,3374 732,3355 742,3364 767,3363 776,3371 810,3363 808,3318 774,3317 758,3324 747,3320 740,3327 715,3331 686,3320 665,3323"/>
                <Baseline points="679,3363 709,3359 739,3358 769,3358 799,3357"/>
                <TextEquiv>
                    <Unicode>r det</Unicode>
                </TextEquiv>
            </TextLine>
            <TextLine id="r1l148" custom="readingOrder {index:147;}">
                <Coords points="814,3417 2359,3418 2464,3353 814,3354"/>
                <Baseline points="826,3394 907,3396 988,3396 1069,3397 1151,3398 1232,3398 1313,3398 1395,3398 1476,3399 1557,3399 1639,3399 1720,3399 1801,3398 1882,3398 1964,3398 2045,3398 2126,3398 2208,3398 2289,3397 2370,3397 2452,3397"/>
                <TextEquiv>
                    <Unicode>Kunstvirk, skent det ikke indeholder li begge, er Svengali i Trilby, Falstaff</Unicode>
                </TextEquiv>
            </TextLine>
            <TextLine id="r1l149" custom="readingOrder {index:148;}">
                <Coords points="675,3430 688,3429 699,3417 706,3421 717,3414 731,3422 753,3407 765,3416 781,3417 787,3412 795,3419 799,3414 815,3413 812,3372 776,3372 760,3362 744,3367 730,3356 704,3376 694,3372 688,3379 672,3380"/>
                <Baseline points="684,3410 713,3407 743,3406 772,3405 802,3402"/>
                <TextEquiv>
                    <Unicode>jorde</Unicode>
                </TextEquiv>
            </TextLine>
            <TextLine id="r1l150" custom="readingOrder {index:149;}">
                <Coords points="818,3463 2454,3478 2377,3405 818,3418"/>
                <Baseline points="830,3451 910,3453 991,3454 1071,3455 1152,3456 1233,3456 1313,3457 1394,3457 1474,3456 1555,3456 1636,3456 1716,3455 1797,3455 1877,3454 1958,3454 2039,3454 2119,3453 2200,3453 2280,3453 2361,3453 2442,3454"/>
                <TextEquiv>
                    <Unicode>et Ord om Monarkiet, og skent det Ther. Han stod himmelhgjt over den</Unicode>
                </TextEquiv>
            </TextLine>
            <TextLine id="r1l151" custom="readingOrder {index:150;}">
                <Coords points="820,3517 2453,3516 2453,3467 2272,3453 820,3464"/>
                <Baseline points="831,3514 911,3513 992,3513 1072,3512 1153,3512 1233,3512 1314,3512 1394,3511 1475,3511 1555,3511 1636,3511 1716,3511 1797,3511 1877,3510 1958,3510 2038,3510 2119,3510 2199,3509 2280,3509 2360,3509 2441,3508"/>
                <TextEquiv>
                    <Unicode>spiller i Fyrrerne af vort Aarhun-Ityske Falstaff; men Opgaven leste</Unicode>
                </TextEquiv>
            </TextLine>
            <TextLine id="r1l152" custom="readingOrder {index:151;}">
                <Coords points="819,3576 2457,3577 2334,3512 819,3533"/>
                <Baseline points="830,3570 910,3571 991,3571 1072,3571 1153,3571 1233,3571 1314,3570 1395,3570 1476,3569 1556,3568 1637,3567 1718,3567 1799,3566 1879,3565 1960,3565 2041,3565 2122,3565 2202,3565 2283,3565 2364,3565 2445,3566"/>
                <TextEquiv>
                    <Unicode>drede under Broderen til hans Maje-Theller ikke han. Hans Naturmidler</Unicode>
                </TextEquiv>
            </TextLine>
            <TextLine id="r1l153" custom="readingOrder {index:152;}">
                <Coords points="1624,3625 2373,3641 2448,3621 2448,3578 1624,3584"/>
                <Baseline points="1635,3623 1675,3624 1715,3624 1755,3624 1795,3624 1835,3624 1875,3624 1915,3624 1955,3623 1995,3623 2035,3622 2075,3622 2115,3622 2155,3622 2195,3622 2235,3622 2275,3622 2315,3622 2355,3623 2395,3624 2436,3625"/>
                <TextEquiv>
                    <Unicode>stod ham i altfor hej Grad imod.</Unicode>
                </TextEquiv>
            </TextLine>
            <TextLine id="r1l154" custom="readingOrder {index:153;}">
                <Coords points="813,3628 1626,3630 1626,3599 1492,3569 1471,3590 813,3574"/>
                <Baseline points="825,3626 864,3626 903,3626 943,3626 982,3625 1022,3625 1061,3625 1101,3625 1140,3624 1180,3624 1219,3624 1258,3624 1298,3624 1337,3624 1377,3624 1416,3624 1456,3625 1495,3626 1535,3626 1574,3627 1614,3628"/>
                <TextEquiv>
                    <Unicode>stats Bedstefader. Wilhelm II gav</Unicode>
                </TextEquiv>
            </TextLine>
            <TextLine id="r1l155" custom="readingOrder {index:154;}">
                <Coords points="819,3690 2453,3697 2452,3618 819,3631"/>
                <Baseline points="831,3678 911,3679 992,3679 1072,3680 1153,3680 1233,3680 1314,3680 1394,3680 1475,3680 1555,3679 1636,3679 1716,3679 1797,3679 1877,3679 1958,3678 2038,3678 2119,3678 2199,3678 2280,3678 2360,3678 2441,3678"/>
                <TextEquiv>
                    <Unicode>efter den forste Opferelse Ordre Tree er hej, snarere mager end bred.</Unicode>
                </TextEquiv>
            </TextLine>
            <TextLine id="r1l156" custom="readingOrder {index:155;}">
                <Coords points="1628,3734 1825,3761 1857,3738 2397,3738 2467,3774 2467,3690 1628,3695"/>
                <Baseline points="1640,3733 1680,3734 1721,3734 1762,3734 1803,3734 1844,3734 1884,3733 1925,3733 1966,3733 2007,3733 2048,3732 2088,3732 2129,3732 2170,3732 2211,3732 2252,3732 2292,3733 2333,3733 2374,3734 2415,3735 2456,3736"/>
                <TextEquiv>
                    <Unicode>Fer at spille Falstaff har han folgelig</Unicode>
                </TextEquiv>
            </TextLine>
            <TextLine id="r1l157" custom="readingOrder {index:156;}">
                <Coords points="816,3750 1129,3765 1199,3735 1549,3759 1630,3747 1630,3693 816,3698"/>
                <Baseline points="827,3736 866,3737 906,3738 945,3739 985,3740 1025,3740 1064,3740 1104,3740 1143,3740 1183,3739 1223,3739 1262,3738 1302,3738 1341,3737 1381,3737 1421,3736 1460,3736 1500,3736 1539,3737 1579,3737 1619,3738"/>
                <TextEquiv>
                    <Unicode>til at inddrage hans Keiserloge i</Unicode>
                </TextEquiv>
            </TextLine>
            <TextLine id="r1l158" custom="readingOrder {index:157;}">
                <Coords points="1627,3802 1733,3825 1808,3795 1978,3816 2176,3791 2285,3814 2321,3792 2459,3817 2459,3767 2376,3739 1856,3739 1822,3761 1627,3736"/>
                <Baseline points="1639,3790 1679,3790 1719,3790 1760,3790 1800,3790 1841,3790 1881,3790 1922,3790 1962,3790 2003,3790 2043,3790 2083,3789 2124,3789 2164,3789 2205,3789 2245,3790 2286,3790 2326,3790 2367,3791 2407,3792 2448,3793"/>
                <TextEquiv>
                    <Unicode>mattet udpolstre sig saa formidabelt,</Unicode>
                </TextEquiv>
            </TextLine>
            <TextLine id="r1l159" custom="readingOrder {index:158;}">
                <Coords points="816,3803 1635,3799 1635,3747 1590,3742 1014,3766 816,3744"/>
                <Baseline points="827,3794 866,3794 906,3794 946,3794 986,3794 1026,3794 1065,3794 1105,3793 1145,3793 1185,3792 1225,3792 1264,3792 1304,3791 1344,3791 1384,3791 1424,3791 1463,3792 1503,3792 1543,3793 1583,3794 1623,3796"/>
                <TextEquiv>
                    <Unicode>Deutsches Theater, lod Ornene tage</Unicode>
                </TextEquiv>
            </TextLine>
            <TextLine id="r1l160" custom="readingOrder {index:159;}">
                <Coords points="808,3891 2203,3874 2452,3806 807,3795"/>
                <Baseline points="820,3851 901,3851 982,3851 1063,3851 1144,3851 1225,3851 1306,3851 1387,3850 1468,3850 1549,3849 1630,3849 1711,3848 1792,3848 1873,3847 1954,3846 2035,3845 2116,3845 2197,3844 2278,3844 2359,3843 2440,3843"/>
                <TextEquiv>
                    <Unicode>bort og tilfgjede saaledes Teatret detl# an lider derunder og i hvert Oje¬</Unicode>
                </TextEquiv>
            </TextLine>
            <TextLine id="r1l161" custom="readingOrder {index:160;}">
                <Coords points="1634,3919 1936,3914 1970,3890 2017,3922 2108,3895 2140,3923 2188,3902 2374,3929 2464,3920 2465,3861 1920,3851 1730,3879 1700,3849 1634,3858"/>
                <Baseline points="1646,3902 1686,3900 1726,3899 1767,3898 1807,3898 1848,3898 1888,3898 1928,3898 1969,3899 2009,3899 2050,3900 2090,3901 2130,3901 2171,3902 2211,3902 2252,3903 2292,3903 2332,3903 2373,3903 2413,3902 2454,3901"/>
                <TextEquiv>
                    <Unicode>blik maa huske paa alle sine Puder</Unicode>
                </TextEquiv>
            </TextLine>
            <TextLine id="r1l162" custom="readingOrder {index:161;}">
                <Coords points="804,3912 1489,3913 1523,3933 1550,3908 1627,3924 1627,3863 1173,3857 1040,3880 994,3853 804,3883"/>
                <Baseline points="815,3907 855,3907 895,3907 935,3907 975,3906 1015,3906 1055,3906 1095,3906 1135,3906 1175,3905 1215,3905 1255,3905 1295,3905 1335,3905 1375,3905 1415,3905 1455,3905 1495,3905 1535,3906 1575,3906 1616,3907"/>
                <TextEquiv>
                    <Unicode>Istore Tab, som foraarsagedes ved, at</Unicode>
                </TextEquiv>
            </TextLine>
            <TextLine id="r1l163" custom="readingOrder {index:162;}">
                <Coords points="722,3915 733,3915 738,3920 745,3918 760,3934 771,3937 805,3931 808,3863 790,3860 778,3864 772,3857 765,3857 758,3864 724,3865"/>
                <Baseline points="733,3916 764,3916 795,3918"/>
                <TextEquiv>
                    <Unicode>on</Unicode>
                </TextEquiv>
            </TextLine>
            <TextLine id="r1l164" custom="readingOrder {index:163;}">
                <Coords points="1631,3974 1846,3959 2057,3981 2159,3955 2329,3979 2447,3946 2447,3910 2150,3932 2106,3894 2030,3924 1989,3904 1630,3915"/>
                <Baseline points="1642,3962 1681,3960 1721,3959 1760,3958 1800,3957 1840,3957 1879,3956 1919,3956 1959,3955 1998,3955 2038,3955 2078,3955 2117,3955 2157,3955 2197,3955 2236,3955 2276,3955 2316,3955 2355,3955 2395,3955 2435,3955"/>
                <TextEquiv>
                    <Unicode>og al sin Udstoppethed. I Sommer¬</Unicode>
                </TextEquiv>
            </TextLine>
            <TextLine id="r1l165" custom="readingOrder {index:164;}">
                <Coords points="689,3964 1592,3977 1631,3964 1631,3925 821,3907 778,3939 689,3930"/>
                <Baseline points="701,3964 749,3965 797,3965 846,3965 894,3965 942,3965 991,3965 1039,3965 1087,3965 1136,3965 1184,3965 1233,3965 1281,3965 1329,3965 1378,3965 1426,3965 1474,3965 1523,3965 1571,3965 1620,3965"/>
                <TextEquiv>
                    <Unicode>llup. ikke blot den kejserlige Familie, men</Unicode>
                </TextEquiv>
            </TextLine>
            <TextLine id="r1l166" custom="readingOrder {index:165;}">
                <Coords points="1627,4007 1815,4040 1881,4008 2056,4033 2203,4009 2308,4041 2344,4018 2469,4027 2468,3979 2387,3961 1627,3984"/>
                <Baseline points="1639,4016 1682,4015 1725,4015 1768,4014 1811,4014 1854,4013 1897,4013 1940,4013 1983,4013 2026,4012 2070,4012 2113,4012 2156,4012 2199,4012 2242,4012 2285,4012 2328,4013 2371,4013 2414,4013 2458,4014"/>
                <TextEquiv>
                    <Unicode>varmen er allerede denne uhyre Op¬</Unicode>
                </TextEquiv>
            </TextLine>
            <TextLine id="r1l167" custom="readingOrder {index:166;}">
                <Coords points="713,4024 820,4015 938,4053 1012,4029 1630,4027 1630,3977 1562,3968 713,3976"/>
                <Baseline points="724,4011 768,4014 813,4017 858,4019 903,4021 947,4023 992,4024 1037,4024 1082,4025 1126,4025 1171,4024 1216,4024 1261,4023 1305,4022 1350,4021 1395,4021 1440,4020 1484,4019 1529,4019 1574,4018 1619,4018"/>
                <TextEquiv>
                    <Unicode>der Thele Hofselskabet og Officersstanden</Unicode>
                </TextEquiv>
            </TextLine>
            <TextLine id="r1l168" custom="readingOrder {index:167;}">
                <Coords points="812,4093 2468,4092 2467,4028 2204,4010 811,4029"/>
                <Baseline points="822,4078 903,4079 985,4079 1067,4079 1148,4078 1230,4077 1312,4076 1393,4075 1475,4074 1557,4073 1639,4072 1720,4070 1802,4069 1884,4069 1965,4068 2047,4067 2129,4067 2210,4067 2292,4068 2374,4069 2456,4071"/>
                <TextEquiv>
                    <Unicode>som en Folge af Keiserens Demon-Ihakning et Besver. Tree herer til</Unicode>
                </TextEquiv>
            </TextLine>
            <TextLine id="r1l169" custom="readingOrder {index:168;}">
                <Coords points="690,4120 728,4119 747,4124 762,4114 810,4114 809,4021 772,4019 766,4026 756,4022 743,4035 734,4031 725,4036 689,4032"/>
                <Baseline points="700,4105 732,4104 765,4102 798,4105"/>
                <TextEquiv>
                    <Unicode>90</Unicode>
                </TextEquiv>
            </TextLine>
            <TextLine id="r1l170" custom="readingOrder {index:169;}">
                <Coords points="811,4149 2454,4122 2242,4067 811,4090"/>
                <Baseline points="822,4129 903,4130 984,4131 1065,4132 1146,4132 1227,4131 1308,4131 1389,4130 1470,4129 1551,4127 1632,4126 1713,4125 1794,4123 1875,4122 1956,4121 2037,4120 2118,4120 2199,4119 2280,4119 2361,4120 2442,4121"/>
                <TextEquiv>
                    <Unicode>stration ikke mere satte deres FedderI de udmerkede Skuespillere, hvis Om¬</Unicode>
                </TextEquiv>
            </TextLine>
            <TextLine id="r1l171" custom="readingOrder {index:170;}">
                <Coords points="687,4154 803,4154 803,4106 791,4106 785,4113 755,4118 746,4109 721,4106 710,4109 698,4100 687,4100"/>
                <Baseline points="699,4145 729,4143 760,4145 791,4143"/>
                <TextEquiv>
                    <Unicode>r og</Unicode>
                </TextEquiv>
            </TextLine>
            <TextLine id="r1l172" custom="readingOrder {index:171;}">
                <Coords points="2308,4174 2435,4173 2434,4139 2418,4140 2401,4129 2374,4130 2365,4138 2356,4131 2306,4133"/>
                <Baseline points="2318,4171 2344,4171 2371,4169 2397,4168 2424,4167"/>
                <TextEquiv>
                    <Unicode></Unicode>
                </TextEquiv>
            </TextLine>
            <TextEquiv>
                <Unicode>
T U
30 Aar
Verdighed. Selv de Steder i Teksten,
Men ulige intoressantere var det dog
som hertilat studere Toiletterne, da Folget, efter at
som det er vanskeligt at forsone sig
iaal med(den hejtidelige Handling var endt, atter
med, saaledes det, hvor den unge
bolgede ud af Kirken. Og det var en
ar i nogle
Prins i Monologen sammenligner sig
Skuffelse, at de fleste af de indbudte
hvor hun
selv med Solen bag Skyer, gav han
Damer med Shavler og Slag havde skar¬
77 Sceters
ved en ny Fortolkning virkelig Ynde;
met deres Hals og Skuldre mod den ret
vor hun
raakolde Blast.
han sagde Repliken, halvt siddende
ie Sang¬
Einar. paa Vartshusbordet med heengende
r#den.
Ben og med et Skaelmeri, som lo
skilt fra
nan selv ad Ordenes Hejtidelighed,
bleven
medens disse samme Ord 1 London
alse.
To Forestillinger
udpraekedes med den aller hejtideligste
Mangel paa Intelligens.
De to andre Hovedroller, Hedspore's
ire end
og Falstaff’s, faldt igennem i Berlin.
Henrik IV.
a den
Paa Hedspore var det umuligt at
—
—5.
Inoppen
agte. Falstaff spilledes af en ganske
Med tre Maaneders Mellemrum saa
ung Mand, der havde taget tyske
 Nord¬
jeg det bedste historiske Drama, der
Billeder af den tykke Ridder til
r Timer
eksisterer, i Berlin og i London.
Monster, og som hele Tiden lo i
jed stor
Skont forste Del af Shakespeare's
Stedet fer at faa Andre til at le.
kestrets Henrik IV ikke netop som dramatisk
Derfor indtraadte det hejst uheldige
og op-Bygning naar den allerhgieste Rang,
Forhold, at san snart Falstaff aabnede
segte 1
haver Stykket sig dog som poetisk
Munden, vred alle Skuespillerne paa
Palads
Vierk over alle de Arbejder, det vilde
Scenen sig i en larmende Latter, der
od var
viere muligt at sammeligne dermed,
var Ekko af hans egen, medens der
ige nok
og det er i sig selv saa rigt og saa
paa Tilskuerpladsen ikke var et
r med
storstilet baade i sine alvorlige og
levende Viesen, der lo.
er, der
sine komiske Partier, at en Beundrer
I London spilledes ferste Del af
irommederaf vil sege til enhver fremragende
Henrik IV. (alene med Indfletning af
Scene, paa hvilken det spilles, med
Falstaffs Rekruteringsscene), saaledes
Haab om gennem Opfereisen at ind¬
som. Shakespeare har skrevet Stykket;
vinde et nyt Syn paa en eller anden
paa det kongelige Haymarket Theatre
nuve- I hidtil ikke tilstrekkelig panagtet
under Direktion af Mr. Herbert Beer¬
eBog¬
Enkelthed eller hidtil anderledes op-I bohm Tgee, der selv udferte Falstaffs
Borger¬
fattet Person.
Rolle. Iscenesettelsen var historisk
Thiele;
I Berlin spilledes Henrik IV paa
nejagtig, Kostymirne menstervardige,
siden,
Deutschee Tieater, som under Direkterlog det lader sig ikke nagte, at Styk¬
ommer
O. Brahm’s fortralfelige Ledelse har'kets teatralske Effekter kom langt
udviklet sig til en menstergyldig An-bedre til dores Ret i det engelske
Marts Istalt, en af de faa i Verden, der i Arrangement end i det tyske. Det
les Ju-Iferste Linje har Kunsten for Oje og
var underligt nok fulde 30 Aar siden,
a Hr.forst i anden Linje Indtegterne.
at Stykket var blevet spillet i London,
Teatret har fra ferste Fard sat sin
og saa lidet stolede man paa Publi¬
1 Fest¬
Ere i at spille de ypperste tyske og
kums Kendskab dertil, at der med
Programmet blev omdelt en Indholds¬
udenlandske Skuespil. Brahm bar
inkefru
fra det Ojeblik af, da Gerhart
oversigt over de i Skuespiliet forekom¬
Aarsa-Hauptmann dukkede op, varet hans
mende Begivenbeder. Det var ogsaa
eum ibenergiske og begejstrede Herold i den
tyüeligt af Maaden, hvorpaa der un
geg.
og da blev lét, at Situationer og Vit¬
tyske Presse, og han har i mange
*
tigheder var en stor Del af Publikum
Aar hort til Ibsen’s mest Trofaste
0
fuldstaendigt nye.

indenfor det tyske Rige. Han maatte

i Fjor bede for sin Hengivenhed for
Mr. Tree, som indtil Juli har for¬
Over¬

Dat¬
Hauptmann; thi Kejser Wilhelm blev

tjent over 50,000 Pund, altsaa henved
isted.
en Million Kroner, paa Trilby, der
heilig forbitret over Opferelsen af
roddede ham ud af en stor Forlegen¬
dennes Taverne, som han maerkvier¬
jolder
digt nok opfattede som et mod hamhed, spiller nu afvekslende dette Stykke
eller det monerkiske Princip fjendtligt og Henrik IV. Han har Hovedroller
r det
Kunstvirk, skent det ikke indeholder li begge, er Svengali i Trilby, Falstaff
jorde
et Ord om Monarkiet, og skent det Ther. Han stod himmelhgjt over den
spiller i Fyrrerne af vort Aarhun-Ityske Falstaff; men Opgaven leste
drede under Broderen til hans Maje-Theller ikke han. Hans Naturmidler
stod ham i altfor hej Grad imod.
stats Bedstefader. Wilhelm II gav
efter den forste Opferelse Ordre Tree er hej, snarere mager end bred.
Fer at spille Falstaff har han folgelig
til at inddrage hans Keiserloge i
mattet udpolstre sig saa formidabelt,
Deutsches Theater, lod Ornene tage
bort og tilfgjede saaledes Teatret detl# an lider derunder og i hvert Oje¬
blik maa huske paa alle sine Puder
Istore Tab, som foraarsagedes ved, at
on
og al sin Udstoppethed. I Sommer¬
llup. ikke blot den kejserlige Familie, men
varmen er allerede denne uhyre Op¬
der Thele Hofselskabet og Officersstanden
som en Folge af Keiserens Demon-Ihakning et Besver. Tree herer til
90
stration ikke mere satte deres FedderI de udmerkede Skuespillere, hvis Om¬
r og
</Unicode>
            </TextEquiv>
        </TextRegion>
        <TextRegion orientation="0.0" id="r2" custom="readingOrder {index:1;}">
            <Coords points="2838,2713 2838,2917 2900,2917 2900,2713"/>
            <TextLine id="r2l1" custom="readingOrder {index:0;}">
                <Coords points="2828,2760 2842,2758 2849,2762 2855,2759 2865,2761 2875,2748 2884,2750 2893,2744 2911,2743 2908,2718 2897,2719 2891,2726 2877,2730 2848,2708 2823,2708"/>
                <Baseline points="2838,2748 2869,2745 2900,2742"/>
                <TextEquiv>
                    <Unicode></Unicode>
                </TextEquiv>
            </TextLine>
            <TextLine id="r2l2" custom="readingOrder {index:1;}">
                <Coords points="2838,2845 2852,2843 2859,2848 2871,2840 2875,2845 2879,2843 2895,2846 2902,2747 2881,2747 2860,2766 2844,2768"/>
                <Baseline points="2853,2812 2885,2814"/>
                <TextEquiv>
                    <Unicode></Unicode>
                </TextEquiv>
            </TextLine>
            <TextLine id="r2l3" custom="readingOrder {index:2;}">
                <Coords points="2853,2885 2867,2884 2877,2873 2890,2871 2884,2826 2875,2827 2871,2830 2866,2826 2859,2830 2846,2831"/>
                <Baseline points="2862,2868 2878,2866"/>
                <TextEquiv>
                    <Unicode>15</Unicode>
                </TextEquiv>
            </TextLine>
            <TextLine id="r2l4" custom="readingOrder {index:3;}">
                <Coords points="2837,2913 2846,2911 2851,2913 2875,2908 2858,2819 2847,2821 2841,2829 2831,2822 2820,2824"/>
                <Baseline points="2846,2903 2862,2900"/>
                <TextEquiv>
                    <Unicode></Unicode>
                </TextEquiv>
            </TextLine>
            <TextEquiv>
                <Unicode>

15
</Unicode>
            </TextEquiv>
        </TextRegion>
    </Page>
</PcGts>
