3392 4320
435 240 807 312 Liebelei
271 227 1404 342 5. box 11/4
1857 126 1991 189 M
1749 175 2760 266 fentgegen. Dies Interesse rechtfertigte sich voll¬
1749 221 1959 283 kommen.
1835 269 2775 348 Die „Liebelei“ ist die Tragödie des süßen
1739 293 2787 388 Mädels, des jungen gebefreudigen Menschen¬
1752 353 2815 434 kindes, das in Leichtsinn und Grazie dem Zugeg
1749 420 2772 479 seines Herzens folgt, seiner#schen Sinnlichkeit,
1750 448 2766 532 seinem naiven Glücksvertrauen. Zuweilen schwin¬
1732 504 2770 584 gen wohl tiefere Untertöne mit. B. so Mancher,
1750 550 2799 628 wie bei Christine Weiring, hat schon die eiste
1823 650 2855 724 Empfindung ihre Wurzeln in das innerste Herz
1833 706 2839 764 gesenkt, und wenn die eine Saite reißt, ist es
1819 745 2853 813 eine Dissonanz fürs Leben. Es gibt Mimosen voll
1825 797 2845 856 heißer Leidenschaftlichkeit, sensitive Menschenblüthen,
1827 844 2852 906 die sterden müssen, wenn der Sonnenstrahl, der
1827 895 2845 949 sie wachgeküßt, verbleicht. Der andere Typus:
1830 934 2839 1002 In hellem, vorurtheilslosem Dur. Lebensprühend.
1818 990 2843 1053 übermüthig bis zur Frechheit, nüchtern im Denken,
1819 1038 2837 1086 zaglos im Genuß, mit ellem kleinen Egoismus,
1819 1084 2843 1126 der sich mit wirklicher Seelengüte zu paaren ver¬
1823 1125 2846 1216 mag. Das ist die Schlager=Mizi, Christinens,
1822 1165 2063 1241 Freundin.
1918 1198 2841 1280 In Fritzens Studentenoude. Ein Symposion
1819 1271 2840 1334 mit Wein und Mokkatorte, mit Blumen und
1825 1322 2835 1370 Musik. Als Entreact natürlich. Mizi und Theodor
1817 1365 2842 1431 sind sich völlig klar über die Art ihrer Bezie¬
1815 1413 2845 1470 hung. Im Freudenbecher der erste Bodensatz von
1814 1463 2838 1512 Ueberdruß, und das nächste Glas gilt einem
1822 1511 2849 1557 fröhlichen Scheiden. Sie finben Beide den Weg
1817 1551 2853 1608 ins Freie. Viel er##ner will auch Fris die Sache
1815 1606 2847 1672 nicht nehmen. Noch ist ihm Christine kaum mehr
1915 1644 2848 1724 ein anmuthiges Spi. zeug. Er empfängt auch
1943 1698 2843 1748 dschwache Gattinen in seiner Klause. Das
1954 1744 2847 1807 er ist beendet. Fritz setzt sich aus Klavier,
1946 1793 2848 1862 ine singt ein Schumannlied, dann fordert
1956 1835 2838 1914 inen Gassenhauer im Dreiviertelact, denn
2146 1883 2832 1937 ensfreude in die Bein. Da klin¬
1938 1939 1997 1989 8.
2174 1926 2824 2001 te ziehen sich zurück, ein fremder
1940 1978 1996 2043 ers
2179 1961 2849 2052 aßsprühenben Auges, den Blick
1826 2025 2030 2087 der Vernic
2163 2036 2831 2094 in dem eisigen Blick, fordert er
1814 2063 2847 2137 von Fritz den vergessenen Schleier, die Briefe
1809 2127 2843 2182 seiner Frau zurück. Der junge Ve führer steht
1818 2176 2838 2264 vor dem Rächer seiner Ehre. Er weiß, die Kuge!
1801 2210 2496 2286 des Gegners trifft ihn ins Hez.
1901 2269 2842 2344 Ein kleines Meisterstück der Realistik. Der
1816 2301 2828 2384 Rest ist geistvolle, virtuose Milieuzeichnung und
1811 2368 2833 2437 Melodram. Fritz sucht Christine im Hause ihres
1804 2415 2826 2482 Vaters auf. Der greise Theatergeiger ist der
1809 2451 2826 2523 edelste Idealist. Er kennt längst das Geheimaiß
1815 2507 2833 2576 seines Kindes. Aber er hat seine Schwester be¬
1802 2556 2822 2628 treut, bewahrt vor allem Ungemach, aller An¬
1804 2598 2829 2672 fechtung, bis sie darüber ihr bischen Lebensglück
1814 2651 2821 2718 versäumte. Und seinem Kinde will er nicht die
1799 2698 2821 2766 Sonne aus dem Leben stehlen. Als im Burg¬
1801 2747 2824 2821 theater zum ersten Mal diese goldfunkelnden
1803 2805 2832 2882 Worte großer Menschlichkeit fielen, rümpften
1801 2847 2847 2894 Mamas und Töchter von sieben Zacken aufwärts
1807 2889 2839 2948 die Näschen. Bourgeoismoral steckt am tiefsten im
1804 2942 2836 2989 Blaublut. Doch was hilft aller Poetenmuth!
1790 2986 2825 3060 Viel weiter sind wir auch heute nicht, und die
1794 3039 2840 3092 Güte des alten Secondegeigers ist noch immer
1800 3079 2197 3145 Zukunftsweisheit.
1899 3103 2822 3193 Ein langer Abschied im Marlittetheim. Zu
1803 3179 2837 3244 weich, zu lang. Fritz schützt eine Reise vor. Mit
1798 3239 2823 3292 bangen, schchluchzenden Ahnungen fällt Christine
1793 3277 2819 3322 dem Liebsten zum letzten Male um den Hots.
1802 3319 2830 3368 Fritz fällt im Duell. Vergebens sucht der greise
1800 3368 2822 3421 Vater seinem Kind die Wahrhei' zu verheimlichen.
1800 3421 2818 3483 Das arme Mädel erpreßt ###m Freunde des Lieb¬
1795 3471 2819 3527 sten die vernichtende Gewißheit, und wie ein
1798 3509 2832 3578 blutiger, höhnender Dolchstoß fährt ihr der Trost
1794 3562 2824 3622 in das junge Herz, Fritz habe auf seiner letzten
1799 3608 2824 3686 Fahrt auch von ihr gesprochen. Auch von ihr!
1788 3653 2820 3720 Auch! Wie von einer Blume, einem entliehenen
1796 3699 2804 3760 Buch, einer Kartenschuld. Aufjammernd vor unsäg¬
1798 3751 2824 3801 lichem Schmerz stürzte sie aus dem Zimmer, und
1787 3798 2831 3877 der greise, milde Vater ringt verzweifelt die
1792 3852 2598 3904 Hände: „Sie kommt niemals wieder!“
1883 3881 2821 3951 Die Aufführung war eine zufriedenstellende
1784 3948 2815 4007 und machten sich um dieselde die Damen Ha¬
1785 3985 2841 4051 raßthy, Kiss, dann die Herren Szeghö,
1793 4036 2540 4113 Partos und Czobor verdient.
