<?xml version="1.0" encoding="UTF-8" standalone="yes"?>
<PcGts xmlns="http://schema.primaresearch.org/PAGE/gts/pagecontent/2013-07-15" xmlns:xsi="http://www.w3.org/2001/XMLSchema-instance" xsi:schemaLocation="http://schema.primaresearch.org/PAGE/gts/pagecontent/2013-07-15 http://schema.primaresearch.org/PAGE/gts/pagecontent/2013-07-15/pagecontent.xsd">
    <Metadata>
        <Creator>prov=University of Rostock/Institute of Mathematics/CITlab/Gundram Leifert/gundram.leifert@uni-rostock.de:name=ONB_Newseye_GT_M1+(htr_id=10810)::::v=2.4.2
prov=University of Rostock/Institute of Mathematics/CITlab/Tobias Gruening/tobias.gruening@uni-rostock.de:name=de.uros.citlab.module.baseline2polygon.B2PSeamMultiOriented:v=2.4.2
prov=University of Rostock/Institute of Mathematics/CITlab/Tobias Gruening/tobias.gruening@uni-rostock.de:name=/mnt/transkribus/LA/DEA/URO/LA_news_onb_att.pb:de.uros.citlab.segmentation.CITlab_LA_ML:v=2.4.2
Transkribus</Creator>
        <Created>2019-10-07T12:00:48.251+02:00</Created>
        <LastChange>2019-10-09T15:46:18.005+02:00</LastChange>
        <TranskribusMetadata docId="223992" pageId="9509556" pageNr="1446" tsid="16674381" status="IN_PROGRESS" userId="40391" imgUrl="https://files.transkribus.eu/Get?id=CAPYADYBVXQOXYAJRVJHJGDI&amp;fileType=view" xmlUrl="https://files.transkribus.eu/Get?id=ORNDZHAJXHTMCHJGRUGBDLQA" imageId="6198341"/>
    </Metadata>
    <Page imageFilename="223992_1446.jpeg" imageWidth="3484" imageHeight="4224">
        <ReadingOrder>
            <OrderedGroup id="ro_1711446306584" caption="Regions reading order">
                <RegionRefIndexed index="0" regionRef="r1"/>
            </OrderedGroup>
        </ReadingOrder>
        <TextRegion orientation="0.0" id="r1" custom="readingOrder {index:0;}">
            <Coords points="319,182 319,3431 2332,3431 2332,182"/>
            <TextLine id="r1l1" custom="readingOrder {index:0;}">
                <Coords points="313,216 710,213 732,207 731,145 608,158 563,142 459,152 439,169 363,143 312,167"/>
                <Baseline points="322,208 347,208 372,208 397,208 422,208 447,207 472,207 497,206 522,205 547,205 572,204 597,203 622,203 647,203 672,203 697,203 722,204"/>
                <TextEquiv>
                    <Unicode>Liebelei</Unicode>
                </TextEquiv>
            </TextLine>
            <TextLine id="r1l2" custom="readingOrder {index:1;}">
                <Coords points="310,248 661,270 758,213 851,238 1067,207 1178,238 1294,209 1291,137 1154,132 1051,165 910,135 853,183 743,199 309,201"/>
                <Baseline points="319,227 367,230 415,231 463,231 512,230 560,229 608,227 656,224 705,222 753,219 801,215 849,213 898,209 946,207 994,205 1042,203 1091,202 1139,202 1187,203 1235,204 1284,207"/>
                <TextEquiv>
                    <Unicode> box 12//8</Unicode>
                </TextEquiv>
            </TextLine>
            <TextLine id="r1l3" custom="readingOrder {index:2;}">
                <Coords points="698,1115 2337,1128 2337,1083 2188,1059 698,1074"/>
                <Baseline points="709,1111 789,1112 870,1114 951,1116 1032,1117 1113,1118 1194,1119 1274,1120 1355,1120 1436,1121 1517,1121 1598,1122 1679,1123 1760,1123 1840,1123 1921,1124 2002,1125 2083,1125 2164,1126 2245,1127 2326,1128"/>
                <TextEquiv>
                    <Unicode>sich. Und ich glaube, es stellt sich heraus, daß dieser Gehalt</Unicode>
                </TextEquiv>
            </TextLine>
            <TextLine id="r1l4" custom="readingOrder {index:3;}">
                <Coords points="691,1181 2314,1206 2335,1151 692,1128"/>
                <Baseline points="702,1170 783,1173 864,1175 945,1176 1026,1178 1107,1179 1188,1180 1269,1181 1350,1182 1431,1182 1513,1183 1594,1183 1675,1184 1756,1184 1837,1184 1918,1185 1999,1185 2080,1186 2161,1187 2242,1188 2324,1189"/>
                <TextEquiv>
                    <Unicode>stark genug ist, um reiner und nicht weniger lebendig wirken zu</Unicode>
                </TextEquiv>
            </TextLine>
            <TextLine id="r1l5" custom="readingOrder {index:4;}">
                <Coords points="694,1232 2118,1278 2329,1258 2330,1215 695,1185"/>
                <Baseline points="704,1229 784,1232 865,1234 946,1236 1027,1237 1108,1238 1188,1239 1269,1240 1350,1240 1431,1240 1512,1240 1592,1240 1673,1241 1754,1241 1835,1242 1916,1242 1996,1243 2077,1245 2158,1247 2239,1249 2320,1252"/>
                <TextEquiv>
                    <Unicode>können als jener auf egoistischem Connex beruhende Kurzschluß,</Unicode>
                </TextEquiv>
            </TextLine>
            <TextLine id="r1l6" custom="readingOrder {index:5;}">
                <Coords points="700,1309 2106,1318 2106,1275 1996,1249 701,1246"/>
                <Baseline points="711,1286 780,1288 849,1289 918,1291 988,1292 1057,1293 1126,1294 1195,1295 1265,1296 1334,1297 1403,1298 1472,1299 1542,1299 1611,1300 1680,1300 1749,1301 1819,1301 1888,1301 1957,1301 2026,1301 2096,1301"/>
                <TextEquiv>
                    <Unicode>der vor einem Menschenalter in die Zuschauer zündete.</Unicode>
                </TextEquiv>
            </TextLine>
            <TextLine id="r1l7" custom="readingOrder {index:6;}">
                <Coords points="820,1358 2265,1388 2331,1319 821,1319"/>
                <Baseline points="831,1350 905,1351 979,1352 1054,1352 1128,1353 1203,1354 1277,1355 1352,1355 1426,1356 1501,1356 1575,1357 1649,1358 1724,1358 1798,1359 1873,1360 1947,1360 2022,1361 2096,1362 2171,1363 2245,1364 2320,1365"/>
                <TextEquiv>
                    <Unicode>Genau in der Mitte des Buches steht die Vokabel „der</Unicode>
                </TextEquiv>
            </TextLine>
            <TextLine id="r1l8" custom="readingOrder {index:7;}">
                <Coords points="694,1426 985,1390 1150,1435 2333,1448 2334,1385 695,1360"/>
                <Baseline points="705,1404 790,1406 875,1408 960,1410 1045,1411 1131,1413 1216,1414 1301,1415 1386,1416 1471,1417 1557,1418 1642,1418 1727,1419 1812,1420 1897,1420 1983,1421 2068,1422 2153,1423 2238,1423 2324,1424"/>
                <TextEquiv>
                    <Unicode>Schubert“ Liebelei ist der letzte Ausklang jener zauberischen</Unicode>
                </TextEquiv>
            </TextLine>
            <TextLine id="r1l9" custom="readingOrder {index:8;}">
                <Coords points="704,1468 2277,1506 2327,1445 704,1417"/>
                <Baseline points="713,1466 793,1466 873,1467 953,1468 1033,1469 1113,1470 1193,1471 1274,1472 1354,1472 1434,1473 1514,1474 1594,1475 1674,1476 1754,1477 1835,1477 1915,1478 1995,1479 2075,1479 2155,1480 2235,1480 2316,1481"/>
                <TextEquiv>
                    <Unicode>Stimmen, die wir mit diesem Namen benennen. Das ist ein großes</Unicode>
                </TextEquiv>
            </TextLine>
            <TextLine id="r1l10" custom="readingOrder {index:9;}">
                <Coords points="698,1527 2310,1563 2331,1481 698,1474"/>
                <Baseline points="707,1524 787,1525 868,1526 948,1528 1029,1529 1110,1530 1190,1531 1271,1532 1352,1533 1432,1533 1513,1534 1594,1535 1674,1536 1755,1536 1836,1537 1916,1538 1997,1538 2078,1538 2158,1539 2239,1539 2320,1539"/>
                <TextEquiv>
                    <Unicode>Wort. Aber es handelt sich auch um einen großen und teuren</Unicode>
                </TextEquiv>
            </TextLine>
            <TextLine id="r1l11" custom="readingOrder {index:10;}">
                <Coords points="694,1591 2335,1610 2335,1555 2159,1543 694,1530"/>
                <Baseline points="704,1580 785,1583 866,1584 947,1586 1028,1587 1109,1588 1190,1590 1271,1590 1352,1591 1433,1592 1514,1593 1595,1593 1676,1594 1757,1594 1838,1595 1919,1595 2000,1596 2081,1597 2162,1598 2243,1599 2324,1600"/>
                <TextEquiv>
                    <Unicode>Gegenstand und der heißt Wien. Die erschütternde Gebärde der</Unicode>
                </TextEquiv>
            </TextLine>
            <TextLine id="r1l12" custom="readingOrder {index:11;}">
                <Coords points="689,1655 2220,1677 2326,1660 2327,1611 690,1590"/>
                <Baseline points="699,1642 779,1642 860,1643 941,1644 1022,1645 1103,1646 1184,1647 1264,1649 1345,1650 1426,1651 1507,1652 1588,1653 1669,1655 1750,1655 1830,1656 1911,1657 1992,1657 2073,1658 2154,1658 2235,1657 2316,1657"/>
                <TextEquiv>
                    <Unicode>Schubertschen Gefühlsfrömmigkeit spiegelt noch leise in den Sätzen</Unicode>
                </TextEquiv>
            </TextLine>
            <TextLine id="r1l13" custom="readingOrder {index:12;}">
                <Coords points="688,1719 2264,1742 2326,1677 689,1656"/>
                <Baseline points="698,1699 778,1701 859,1704 940,1706 1021,1707 1102,1708 1183,1709 1263,1710 1344,1710 1425,1710 1506,1711 1587,1711 1668,1711 1749,1711 1829,1712 1910,1712 1991,1713 2072,1715 2153,1716 2234,1718 2315,1721"/>
                <TextEquiv>
                    <Unicode>dieser Dichtung und gibt ihr über den Naturalismus hinaus</Unicode>
                </TextEquiv>
            </TextLine>
            <TextLine id="r1l14" custom="readingOrder {index:13;}">
                <Coords points="685,1793 748,1800 816,1768 1020,1778 1043,1770 1044,1727 1013,1731 991,1714 945,1726 900,1713 882,1729 845,1717 812,1729 767,1726 747,1709 685,1725"/>
                <Baseline points="696,1758 721,1758 747,1758 773,1758 799,1758 825,1758 851,1759 876,1759 902,1759 928,1760 954,1760 980,1761 1006,1761 1032,1762"/>
                <TextEquiv>
                    <Unicode>Daseinskraft.</Unicode>
                </TextEquiv>
            </TextLine>
            <TextLine id="r1l15" custom="readingOrder {index:14;}">
                <Coords points="808,1847 2321,1838 2321,1764 809,1771"/>
                <Baseline points="818,1818 892,1819 967,1820 1041,1820 1116,1821 1191,1822 1265,1823 1340,1824 1415,1825 1489,1826 1564,1826 1639,1827 1713,1828 1788,1828 1863,1829 1937,1829 2012,1830 2087,1830 2161,1830 2236,1830 2311,1830"/>
                <TextEquiv>
                    <Unicode>Der Ton verbundener und verbindlicher Innigkeit und Schwer¬</Unicode>
                </TextEquiv>
            </TextLine>
            <TextLine id="r1l16" custom="readingOrder {index:15;}">
                <Coords points="699,1888 2134,1912 2302,1903 2321,1837 700,1851"/>
                <Baseline points="709,1878 789,1879 869,1880 949,1881 1029,1882 1109,1883 1189,1883 1269,1884 1349,1884 1429,1885 1509,1885 1589,1886 1669,1886 1749,1887 1829,1887 1909,1888 1989,1889 2069,1890 2149,1890 2229,1891 2309,1892"/>
                <TextEquiv>
                    <Unicode>mut, den Schnitzler in seinem späteren Weik in dieser Reinheit</Unicode>
                </TextEquiv>
            </TextLine>
            <TextLine id="r1l17" custom="readingOrder {index:16;}">
                <Coords points="690,1946 2330,1953 2187,1896 691,1887"/>
                <Baseline points="701,1936 786,1937 871,1938 956,1939 1041,1940 1127,1941 1212,1942 1297,1943 1382,1944 1467,1944 1553,1945 1638,1946 1723,1946 1808,1947 1893,1948 1979,1948 2064,1949 2149,1950 2234,1950 2320,1951"/>
                <TextEquiv>
                    <Unicode>nicht festzuhalten vermochte, bleibt schön und gültig in einer Zeit,</Unicode>
                </TextEquiv>
            </TextLine>
            <TextLine id="r1l18" custom="readingOrder {index:17;}">
                <Coords points="692,2009 2325,2031 2326,1973 2265,1958 693,1956"/>
                <Baseline points="702,1994 782,1995 863,1996 944,1997 1024,1998 1105,1999 1186,1999 1266,2000 1347,2001 1428,2002 1509,2003 1589,2004 1670,2005 1751,2006 1831,2006 1912,2007 1993,2008 2073,2009 2154,2010 2235,2011 2316,2012"/>
                <TextEquiv>
                    <Unicode>die peinlicher — nicht reinlicher — instrumentiert, und die süße</Unicode>
                </TextEquiv>
            </TextLine>
            <TextLine id="r1l19" custom="readingOrder {index:18;}">
                <Coords points="685,2064 2342,2079 2222,2014 685,2021"/>
                <Baseline points="696,2051 777,2053 859,2055 941,2056 1023,2057 1105,2058 1186,2059 1268,2060 1350,2061 1432,2061 1514,2062 1595,2063 1677,2064 1759,2064 1841,2065 1923,2066 2004,2067 2086,2068 2168,2070 2250,2071 2332,2073"/>
                <TextEquiv>
                    <Unicode>Melodie von 150 Wiener Jahren von unerbittlicheren Geräuschen</Unicode>
                </TextEquiv>
            </TextLine>
            <TextLine id="r1l20" custom="readingOrder {index:19;}">
                <Coords points="699,2101 735,2126 887,2124 907,2141 991,2120 1015,2133 1118,2126 1119,2081 1045,2065 973,2079 908,2069 877,2083 793,2063 746,2079 699,2060"/>
                <Baseline points="709,2110 735,2111 762,2112 788,2113 815,2114 841,2114 868,2114 894,2114 921,2115 947,2115 974,2115 1000,2116 1027,2116 1053,2117 1080,2117 1107,2118"/>
                <TextEquiv>
                    <Unicode>verdrängen ließ.</Unicode>
                </TextEquiv>
            </TextLine>
            <TextLine id="r1l21" custom="readingOrder {index:20;}">
                <Coords points="806,2173 2326,2212 2326,2130 2253,2115 806,2132"/>
                <Baseline points="815,2172 890,2173 965,2173 1040,2174 1115,2174 1190,2175 1265,2175 1340,2176 1415,2176 1490,2177 1565,2177 1640,2178 1715,2179 1790,2179 1865,2180 1940,2181 2015,2181 2090,2182 2165,2183 2240,2183 2316,2184"/>
                <TextEquiv>
                    <Unicode>Nach dem Gesagten mag es kühn erscheinen, dies Stück auch</Unicode>
                </TextEquiv>
            </TextLine>
            <TextLine id="r1l22" custom="readingOrder {index:21;}">
                <Coords points="702,2240 2327,2253 2327,2210 2233,2193 703,2188"/>
                <Baseline points="712,2229 792,2231 872,2232 952,2233 1032,2234 1113,2234 1193,2235 1273,2235 1353,2236 1433,2236 1514,2236 1594,2236 1674,2237 1754,2237 1834,2238 1915,2238 1995,2239 2075,2240 2155,2241 2235,2243 2316,2245"/>
                <TextEquiv>
                    <Unicode>von Nichtösterreichern spielen zu lassen. Mir aber wird solches</Unicode>
                </TextEquiv>
            </TextLine>
            <TextLine id="r1l23" custom="readingOrder {index:22;}">
                <Coords points="695,2303 2328,2305 2160,2249 695,2256"/>
                <Baseline points="704,2287 784,2289 865,2290 946,2291 1026,2292 1107,2293 1188,2294 1268,2294 1349,2294 1430,2294 1511,2295 1591,2295 1672,2295 1753,2296 1833,2296 1914,2297 1995,2298 2075,2299 2156,2300 2237,2302 2318,2304"/>
                <TextEquiv>
                    <Unicode>durch den Radius des Schnitzlerschen Dichtertalentes gerechtfertigt.</Unicode>
                </TextEquiv>
            </TextLine>
            <TextLine id="r1l24" custom="readingOrder {index:23;}">
                <Coords points="691,2348 2334,2380 2334,2331 2206,2310 691,2303"/>
                <Baseline points="701,2348 782,2349 863,2349 944,2350 1025,2351 1107,2352 1188,2352 1269,2353 1350,2353 1431,2354 1513,2354 1594,2355 1675,2355 1756,2356 1837,2356 1919,2357 2000,2357 2081,2358 2162,2359 2243,2360 2325,2361"/>
                <TextEquiv>
                    <Unicode>Der Wiener Tonfall ist in dieser Dichtung eine Mundart.</Unicode>
                </TextEquiv>
            </TextLine>
            <TextLine id="r1l25" custom="readingOrder {index:24;}">
                <Coords points="697,2413 2313,2454 2326,2376 697,2387"/>
                <Baseline points="707,2407 787,2407 867,2408 948,2408 1028,2409 1109,2410 1189,2411 1269,2412 1350,2413 1430,2414 1511,2415 1591,2416 1671,2417 1752,2418 1832,2418 1913,2419 1993,2420 2073,2420 2154,2420 2234,2420 2315,2420"/>
                <TextEquiv>
                    <Unicode>des Herzens, nicht nur der Zunge. Es gilt das Wien, das</Unicode>
                </TextEquiv>
            </TextLine>
            <TextLine id="r1l26" custom="readingOrder {index:25;}">
                <Coords points="690,2475 2331,2497 2332,2421 691,2418"/>
                <Baseline points="701,2468 782,2468 863,2468 944,2468 1025,2469 1106,2469 1187,2470 1268,2471 1349,2472 1430,2473 1511,2474 1592,2475 1673,2476 1754,2478 1835,2479 1916,2480 1997,2482 2078,2483 2159,2485 2240,2487 2321,2488"/>
                <TextEquiv>
                    <Unicode>überall ist, wo befanzene Lust anmutig und wehmütig diese</Unicode>
                </TextEquiv>
            </TextLine>
            <TextLine id="r1l27" custom="readingOrder {index:26;}">
                <Coords points="696,2526 790,2565 1073,2535 1578,2556 1578,2480 1537,2476 696,2479"/>
                <Baseline points="706,2525 749,2527 792,2528 835,2530 878,2530 921,2531 964,2531 1007,2531 1050,2531 1093,2531 1137,2531 1180,2531 1223,2531 1266,2531 1309,2530 1352,2530 1395,2531 1438,2531 1481,2531 1524,2532 1568,2533"/>
                <TextEquiv>
                    <Unicode>zerbrechlichen Erdendinge berührt.</Unicode>
                </TextEquiv>
            </TextLine>
            <TextLine id="r1l28" custom="readingOrder {index:27;}">
                <Coords points="695,2920 2330,2906 2297,2850 695,2838"/>
                <Baseline points="705,2902 785,2901 866,2901 947,2901 1027,2901 1108,2901 1189,2902 1269,2902 1350,2903 1431,2904 1512,2905 1592,2906 1673,2907 1754,2908 1834,2909 1915,2910 1996,2911 2076,2912 2157,2912 2238,2912 2319,2912"/>
                <TextEquiv>
                    <Unicode>Z2ZDDNNSSBSSDNSSSSBBRRRRBRRRRPPRRRRRRBBSARRRRRRRBRBRRRRRRGPBBRRRSRPRSSRRPRRRRSPSPSSSPRREESSPSPR::</Unicode>
                </TextEquiv>
            </TextLine>
            <TextLine id="r1l29" custom="readingOrder {index:28;}">
                <Coords points="1297,2951 1323,2966 1338,2958 1407,2974 1591,2963 1620,2980 1698,2975 1698,2926 1680,2923 1588,2928 1557,2915 1541,2927 1498,2914 1412,2929 1388,2914 1365,2930 1336,2911 1298,2913"/>
                <Baseline points="1308,2953 1333,2953 1358,2953 1384,2953 1409,2953 1434,2953 1460,2954 1485,2955 1510,2955 1536,2956 1561,2956 1586,2957 1612,2958 1637,2958 1662,2958 1688,2958"/>
                <TextEquiv>
                    <Unicode>Nach der Vorstellung:</Unicode>
                </TextEquiv>
            </TextLine>
            <TextLine id="r1l30" custom="readingOrder {index:29;}">
                <Coords points="2229,3010 2241,3009 2259,3018 2278,3012 2286,3017 2300,3016 2308,2918 2280,2911 2272,2915 2237,2916"/>
                <Baseline points="2242,2977 2267,2980 2292,2981"/>
                <TextEquiv>
                    <Unicode></Unicode>
                </TextEquiv>
            </TextLine>
            <TextLine id="r1l31" custom="readingOrder {index:30;}">
                <Coords points="789,3082 2215,3086 2215,3008 2032,2960 1747,2955 1601,3017 1383,2964 1303,3003 790,2964"/>
                <Baseline points="799,3076 869,3077 939,3077 1009,3078 1080,3079 1150,3080 1220,3081 1291,3082 1361,3082 1431,3083 1502,3084 1572,3084 1642,3085 1712,3085 1783,3086 1853,3086 1923,3086 1994,3087 2064,3087 2134,3087 2205,3087"/>
                <TextEquiv>
                    <Unicode>Weinstuben Mitscher</Unicode>
                </TextEquiv>
            </TextLine>
            <TextLine id="r1l32" custom="readingOrder {index:31;}">
                <Coords points="1041,3170 1974,3184 1974,3104 1041,3106"/>
                <Baseline points="1052,3156 1097,3158 1143,3160 1188,3163 1234,3164 1280,3165 1325,3166 1371,3166 1416,3166 1462,3166 1508,3166 1553,3166 1599,3166 1644,3166 1690,3165 1736,3166 1781,3166 1827,3166 1872,3167 1918,3168 1964,3169"/>
                <TextEquiv>
                    <Unicode>Berlin W8, Französische Straße 17/18</Unicode>
                </TextEquiv>
            </TextLine>
            <TextLine id="r1l33" custom="readingOrder {index:32;}">
                <Coords points="882,3232 938,3218 987,3233 1009,3223 1026,3235 1142,3239 1194,3227 1216,3239 1273,3215 1274,3172 1192,3182 1153,3167 1128,3185 883,3162"/>
                <Baseline points="892,3209 918,3212 945,3213 971,3215 998,3217 1024,3218 1051,3218 1078,3219 1104,3219 1131,3218 1157,3218 1184,3217 1210,3216 1237,3215 1264,3214"/>
                <TextEquiv>
                    <Unicode>Vorzügliche Küche!</Unicode>
                </TextEquiv>
            </TextLine>
            <TextLine id="r1l34" custom="readingOrder {index:33;}">
                <Coords points="1702,3231 1896,3254 1964,3228 1987,3245 2007,3229 2071,3232 2108,3206 2127,3209 2127,3190 2037,3183 2005,3163 1941,3187 1882,3173 1828,3191 1792,3174 1765,3186 1704,3172"/>
                <Baseline points="1714,3215 1739,3217 1764,3218 1789,3220 1814,3221 1839,3222 1864,3223 1889,3223 1915,3223 1940,3223 1965,3224 1990,3224 2015,3224 2040,3224 2065,3224 2090,3224 2116,3225"/>
                <TextEquiv>
                    <Unicode>Celbstgepflegte Weine!</Unicode>
                </TextEquiv>
            </TextLine>
            <TextLine id="r1l35" custom="readingOrder {index:34;}">
                <Coords points="1232,3280 1353,3273 1393,3299 1543,3272 1756,3283 1756,3226 1523,3235 1493,3210 1456,3228 1419,3209 1367,3231 1315,3209 1232,3227"/>
                <Baseline points="1242,3262 1267,3262 1292,3262 1317,3262 1342,3262 1368,3263 1393,3263 1418,3264 1443,3264 1468,3265 1494,3266 1519,3266 1544,3267 1569,3267 1594,3268 1620,3268 1645,3268 1670,3268 1695,3267 1720,3267 1746,3266"/>
                <TextEquiv>
                    <Unicode>Telefon: Merkur 9364—9367</Unicode>
                </TextEquiv>
            </TextLine>
            <TextLine id="r1l36" custom="readingOrder {index:35;}">
                <Coords points="694,3327 710,3329 716,3335 724,3335 728,3339 743,3337 743,3280 733,3280 731,3282 726,3278 714,3278 710,3282 708,3280 694,3282"/>
                <Baseline points="704,3333 732,3333"/>
                <TextEquiv>
                    <Unicode>2</Unicode>
                </TextEquiv>
            </TextLine>
            <TextLine id="r1l37" custom="readingOrder {index:36;}">
                <Coords points="776,3349 2223,3359 2166,3287 1973,3270 1122,3268 958,3309 776,3275"/>
                <Baseline points="786,3340 857,3341 928,3341 999,3342 1071,3342 1142,3343 1213,3343 1285,3343 1356,3344 1427,3344 1499,3345 1570,3345 1641,3345 1712,3345 1784,3345 1855,3346 1926,3346 1998,3346 2069,3346 2140,3346 2212,3346"/>
                <TextEquiv>
                    <Unicode>Pa. Holl. Austern 7 Pfirsich=Bowle</Unicode>
                </TextEquiv>
            </TextLine>
            <TextLine id="r1l38" custom="readingOrder {index:37;}">
                <Coords points="703,3378 715,3381 730,3378 735,3384 746,3379 756,3379 760,3384 770,3380 776,3385 783,3379 797,3382 798,3355 780,3356 761,3336 744,3334 728,3339 722,3334 715,3338 705,3337"/>
                <Baseline points="713,3376 750,3377 787,3380"/>
                <TextEquiv>
                    <Unicode>1250</Unicode>
                </TextEquiv>
            </TextLine>
            <TextLine id="r1l39" custom="readingOrder {index:38;}">
                <Coords points="849,3382 859,3382 868,3376 874,3382 878,3378 880,3380 882,3378 890,3384 900,3384 900,3356 890,3356 888,3358 880,3352 874,3358 870,3358 859,3364 849,3364"/>
                <Baseline points="860,3380 890,3380"/>
                <TextEquiv>
                    <Unicode>07.—</Unicode>
                </TextEquiv>
            </TextLine>
            <TextLine id="r1l40" custom="readingOrder {index:39;}">
                <Coords points="1838,3383 1848,3384 1853,3380 1865,3392 1877,3394 1881,3399 1889,3391 1895,3397 1903,3391 1910,3397 1918,3393 1926,3401 1934,3393 1946,3396 1947,3361 1904,3360 1894,3368 1863,3361 1857,3365 1838,3365"/>
                <Baseline points="1849,3386 1878,3388 1907,3388 1937,3388"/>
                <TextEquiv>
                    <Unicode>··CFFEFG</Unicode>
                </TextEquiv>
            </TextLine>
            <TextLine id="r1l41" custom="readingOrder {index:40;}">
                <Coords points="2011,3381 2158,3402 2197,3386 2265,3397 2273,3388 2310,3389 2310,3340 2238,3345 2203,3368 2193,3357 2181,3367 2132,3367 2068,3356 2038,3367 2011,3354"/>
                <Baseline points="2022,3387 2047,3388 2072,3388 2097,3389 2123,3390 2148,3391 2173,3391 2198,3391 2224,3391 2249,3390 2274,3389 2300,3387"/>
                <TextEquiv>
                    <Unicode>EREREEEFEEEEPRTOP&amp;</Unicode>
                </TextEquiv>
            </TextLine>
            <TextLine id="r1l42" custom="readingOrder {index:41;}">
                <Coords points="669,3408 2239,3431 2309,3389 1161,3344 670,3377"/>
                <Baseline points="680,3403 765,3406 850,3408 935,3410 1020,3412 1106,3413 1191,3414 1276,3414 1361,3414 1446,3415 1532,3415 1617,3415 1702,3415 1787,3415 1872,3415 1958,3416 2043,3416 2128,3418 2213,3419 2299,3421"/>
                <TextEquiv>
                    <Unicode>Z.2DOSSBDSDSSDSSDSSNSSDSSANNSSDSASTSSISTSSSSSDASASNSSSSSNSSSSSSSSDDDAESSSSSSSDNNDNMASWNSSZ.:</Unicode>
                </TextEquiv>
            </TextLine>
            <TextEquiv>
                <Unicode>Liebelei
 box 12//8
sich. Und ich glaube, es stellt sich heraus, daß dieser Gehalt
stark genug ist, um reiner und nicht weniger lebendig wirken zu
können als jener auf egoistischem Connex beruhende Kurzschluß,
der vor einem Menschenalter in die Zuschauer zündete.
Genau in der Mitte des Buches steht die Vokabel „der
Schubert“ Liebelei ist der letzte Ausklang jener zauberischen
Stimmen, die wir mit diesem Namen benennen. Das ist ein großes
Wort. Aber es handelt sich auch um einen großen und teuren
Gegenstand und der heißt Wien. Die erschütternde Gebärde der
Schubertschen Gefühlsfrömmigkeit spiegelt noch leise in den Sätzen
dieser Dichtung und gibt ihr über den Naturalismus hinaus
Daseinskraft.
Der Ton verbundener und verbindlicher Innigkeit und Schwer¬
mut, den Schnitzler in seinem späteren Weik in dieser Reinheit
nicht festzuhalten vermochte, bleibt schön und gültig in einer Zeit,
die peinlicher — nicht reinlicher — instrumentiert, und die süße
Melodie von 150 Wiener Jahren von unerbittlicheren Geräuschen
verdrängen ließ.
Nach dem Gesagten mag es kühn erscheinen, dies Stück auch
von Nichtösterreichern spielen zu lassen. Mir aber wird solches
durch den Radius des Schnitzlerschen Dichtertalentes gerechtfertigt.
Der Wiener Tonfall ist in dieser Dichtung eine Mundart.
des Herzens, nicht nur der Zunge. Es gilt das Wien, das
überall ist, wo befanzene Lust anmutig und wehmütig diese
zerbrechlichen Erdendinge berührt.
Z2ZDDNNSSBSSDNSSSSBBRRRRBRRRRPPRRRRRRBBSARRRRRRRBRBRRRRRRGPBBRRRSRPRSSRRPRRRRSPSPSSSPRREESSPSPR::
Nach der Vorstellung:

Weinstuben Mitscher
Berlin W8, Französische Straße 17/18
Vorzügliche Küche!
Celbstgepflegte Weine!
Telefon: Merkur 9364—9367
2
Pa. Holl. Austern 7 Pfirsich=Bowle
1250
07.—
··CFFEFG
EREREEEFEEEEPRTOP&amp;
Z.2DOSSBDSDSSDSSDSSNSSDSSANNSSDSASTSSISTSSSSSDASASNSSSSSNSSSSSSSSDDDAESSSSSSSDNNDNMASWNSSZ.:</Unicode>
            </TextEquiv>
        </TextRegion>
    </Page>
</PcGts>
