3436 4256
427 169 799 241 Liebelei
909 170 1388 262 box 11/5
251 170 822 284 5. LIELEET
163 547 595 601 te dies Neumann ge¬
597 552 1757 642 „Herr“ besitzt Herr Braun alles, was nötig ist: Wucht und
177 583 580 651 worauf es ankommt.
585 586 1756 695 Kraft in Erscheinung und Stimme. Herr Kapellmeister Dr.
160 629 574 699 und dem Abgang des
593 648 1754 729 Rottenberg setzte sich für das Werk seines Kollegen mit
179 674 575 736 bei der heiteren, mit
583 687 1754 772 Hingabe ein; unter seiner umsichtigen Leitung klappte alles
164 728 584 783 ene am Eßtisch glück¬
582 731 1737 814 nach Wunsch, spielte das Orchester mit rühmlicher Diskretion.
171 761 580 831 n der Oper bei dieser
588 777 1749 856 Die Regie führte Herr Intendant Jensen, der das Seinige
180 804 568 867 *s Christine am Kla¬
588 827 1735 904 getan hat, um den Fluß der Handlung mit den Intentionen
159 846 574 913 Weise, die dann spä¬
580 865 1753 956 des Komponisten in Uebereinstimmung zu halten. Von den
171 892 575 957 als mit Geschick als
585 904 1745 988 beiden Zimmer-Dekorationen erschien die des ersten Aktes ge¬
180 933 571 1004 Durchaus gelungen
580 949 1738 1029 lungener als die der beiden folgenden Aufzüge, in welcher sich
161 970 564 1043 imentalen, sympathi¬
576 989 1734 1071 ein freilich schwer zu bezwingendes Mißverhältnis zwischen der
184 1027 564 1086 von Herzen spricht,
582 1036 685 1094 Höl
690 1043 1732 1114 des Raumes und den verwendeten Einrichtungsgegen¬
160 1058 564 1126 htfertigeren, an dem
575 1067 684 1132 stäl
741 1088 1737 1159 offenbarte. Wie schon erwähnt, erwärmte sich das
156 1119 560 1171 uch die beiden Stu¬
576 1124 1742 1203 Pud### im Laufe des Abends immer mehr für die wirkungs¬
161 1151 566 1215 nder ab. Etwas zu
569 1163 1731 1241 volle Novität, und als die großen, hin und wieder etwas an
157 1185 563 1258 alte Klatschtante im
567 1210 1727 1290 moderne italienische Vorbilder erinnernden lyrischen Episoden
155 1234 533 1302 usikalische Figur, so
571 1259 1729 1331 einsetzten, war der große Erfolg bereits definitiv entschieden.
156 1282 559 1348 pathisch behandelten
566 1296 1739 1354 Nach den Aktschlüssen wurde mit den Darstellern, denen sich am
178 1332 566 1392 edüstere Gestalt des
565 1333 1735 1399 Ende der Oper auch der Dirigent und der Regisseur zugesellten,
196 1367 555 1439 in der Oper da.
565 1378 1722 1456 der Komponist vielfach gerufen. Unzweifelhaft hat die „Lie¬
169 1414 562 1479 log vor, so fließt die
560 1423 1767 1508 belei“ in Tönen gestern von Frankfurt aus ihren sicheren, We##
166 1456 554 1515 Aktes und im letzten
565 1462 1396 1545 über die deutschen Opernbühnen angetreten.
1591 1484 1700 1561 8
166 1500 557 1562 bar kaum eine Perle
168 1540 562 1604 fällig und gibt den
169 1581 547 1651 orteilhaft herauszu¬
173 1631 559 1692 eszenen ist mit Be¬
177 1672 561 1736 Abschnitten, sowie
171 1708 558 1784 ritten Akt in satten
169 1766 555 1839 kindrucksvoll ist sie
164 1803 545 1867 lück, die erste Auf¬
162 1841 535 1912 Eren Rollen mit ge¬
1658 1834 3361 1968 40in Prosa von den gleichgültigsten und alltäglichsten Din= nutzen. Schund
166 1887 553 1954 ein Sellin ward
1984 1910 3318 1970 gen sich unterhalten, hat der Komponist einen schweren die ich hab
882 1793 1282 1992 —d.
168 1932 544 1999 stimmlich völlig ge¬
3058 1940 3332 1993 men), das sie
1281 1894 1673 2017 „Liebelei.“
2008 1955 3057 2002 Stand. Denn die Musik zieht naturgemäß alles in die
3061 1980 3322 2034 willkommene
179 1979 558 2046 Sängerin entschied
928 1989 3063 2041 (Oper in drei Aktan von Franz Neumann nach Breite und gibt den unbedeutendsten Kleinigkeiten, die im
187 2023 549 2084 Erfolg der Neu¬
1999 2024 3356 2081 Dialog pfeilschnell vorüberhuschen und kaum gehört wer-atemlosen Kon#
925 2040 2001 2108 dem Schauspiel von Arthur Schnitzler. Uraufführung
3056 2057 3356 2112 Spielerei mit de
1995 2062 3058 2112 den, eine fast lächerliche Wichtigkeit. Auch sind wir von
223 2065 540 2132 gab die Mizi
1710 2088 1939 2144 eptember.*)
1016 2084 1475 2154 im Frankfurter Operich#
3053 2097 3352 2153 ebenso die Klat
171 2098 542 2172 kinige operettenhaf¬
980 2130 3062 2185 Es war wohl längst kein Geheimnis mehr, daß Franz jeher gewohnt, der Musik die Eigenschaft zu zumessen, die
2013 2142 3347 2200 Dinge, die sie mit ihrem Zauberstab berührt, zu vergolden] Das kurze Int
171 2154 546 2217 zusehr. Mit rüh¬
925 2170 2001 2237 Reumann, der Kapellmeister unseres Opernhauses, mehr
2016 2168 3347 2243 und zu verklären. Wenn aber im Dialog von „Mokka=]gische Handlung
185 2192 542 2262 Charakteristik ver¬
940 2213 1994 2262 verstünde, als Operettenwalzer schwungvoll zu dirigieren
2003 2216 3342 2270 cremetorte“ die Rede ist oder vom „Stopfenzieher“, sol derung zum D
162 2234 540 2304 lchen Fritz. Herr
936 2245 2001 2314 und Spielopern durch die Klippen mannigfaltiger Tempo¬
2015 2252 3328 2322 wird selbst der schönste Akkord diesen Dingen keine über= Unglück der #
163 2276 539 2348 menden Theodor.
3062 2284 3342 2342 mann mit ein
938 2286 2003 2343 wechsel mit sicherer Hand zu steuern. Man wußte auch,
2003 2295 3065 2355 irdische Seite abgewinnen können. Von diesem Stand¬
932 2329 2010 2400 daß er große Opern, oft unter erschwerenden Umständen,
3067 2330 3336 2381 Blick des betro
182 2328 542 2397 e Rolle des alten
2005 2336 3060 2394 punkt aus betrachtet, ist es noch ein Wunder zu nennen,
932 2351 2010 2424 aushilfsweise und ohne Vorbereitung siegreich mit seinem
178 2362 530 2434 hte sich Fräuleir
2015 2375 3288 2434 daß Neumann dem ersten Akte so viel Eigenartiges hat digen fixier
3060 2408 3359 2461 dem punktierten
943 2406 2008 2461 Taktstock zu Ende geführt hatte. Daß er sich aber der¬
2015 2415 3062 2477 abgewinnen können. Er hat es vor allen Dingen dadurch
169 2413 531 2483 inder; das Organ
3057 2447 3318 2502 des Schicksals
941 2444 2004 2490 einst als ein so bedeutender Opernkomponist entpuppen
2009 2451 3066 2513 erreicht, daß er dem Orchester seine volle Liebe zuwandte
188 2457 526 2532 spitz. Für der
944 2483 2007 2533 würde, als welcher er sich gestern abend dem Frankfurter
3068 2485 3284 2539 „Herrn“ sch
2019 2491 3068 2553 und hier die fließende melodische Linie unterbrachte, die
3053 2518 3335 2579 die niederdrück
940 2518 2013 2601 Publikum vorgestellt hat, das haben vielleicht nicht ein¬
2020 2531 3061 2586 er den Sängern leider nicht zuwenden konnte. Auch die
3062 2562 3331 2619 der Mädchen
953 2564 2012 2618 mal seine besten Freunde von ihm erwartet. Um so
2017 2568 3068 2623 Charakteristik der Personen, die ja vom Dichter so haar¬
943 2601 2000 2662 größer und bemerkenswerter war der Erfolg, der gestern
3062 2604 3297 2657 mungslast,
2010 2603 3062 2679 scharf eingehalten ist, wird vom Orchester porträtgetreu
3065 2643 3342 2692 der Stimmen
948 2642 2010 2691 seinem Opernwerke „Liebelei“ von Akt zu Akt folgte.
2015 2650 3056 2706 ausgearbeitet. So wie die beiden Freundinnen schon
3068 2678 3367 2740 Violine an Inn
957 2677 2003 2737 Schon nach dem ersten Akte ruhte das Publikum — das
2019 2683 3063 2742 äußerlich — die Mizi bringt Eßwaren, Christine Blumen
952 2708 2015 2776 Haus war bis auf den letzten Platz besetzt — nicht eher,
2166 2720 3070 2778 als grundverschiedene Charaktere gekennzeichnet
3102 2721 3318 2787 Anders steh
2020 2739 2178 2787 mit —
943 2748 2014 2801 als bis der Komponist sich mehrmals auf der Bühne
2023 2763 3062 2822 werden, so sehr sind sie auch durch die Musik ausein¬
3064 2758 3312 2827 die Stimmu
951 2783 2014 2856 gezeigt hatte. Stärker noch war der Beifall nach den
2022 2804 3059 2862 andergehalten. Christine, die ehrliche, rührend unerfah¬
3069 2809 3335 2868 duett zwischen
956 2819 2011 2878 beiden anderen Akten und zum Schluß wollte der Jubel
2010 2839 3073 2900 rene Mädchengestalt, die Liebelei für Liebe, Spiel für
3068 2850 3330 2905 findungen aus
958 2856 2015 2929 kein Ende nehmen. Kurzum, es war ein Erfolg, wie er
2012 2875 3059 2937 Ernst nimmt, bringt ihre Blumen mit zarten, sanften
3079 2887 3326 2948 Singstimmen
957 2908 2014 2970 bei einer Uraufführung hier lange nicht zu ver¬
2015 2917 3059 2972 Akkorden. Man merkt schon bei ihrem Auftritt, noch ehe
3065 2931 3317 2982 In dieser
951 2935 2003 3022 zeichnen gewesen war. Aber auch ohne alle persönlichen
2013 2958 3062 3008 sie ein Wort gesagt hat, daß sie sentimental und über¬
3075 2960 3357 3022 soll, ist die Mu
958 2988 2018 3046 Zuneigungen wäre das Resultat des Abends glänzend
2013 2993 3065 3055 mäßig gefühlvoll veranlagt ist. Ebenso sehr merkt man
3067 3004 3352 3061 unschuldigen C
953 3024 2010 3080 gewesen, denn Neumann zeigt sich in seiner Arbeit als ein
2016 3033 3066 3096 bei dem flotten Paare Mizi und Theodor an den prik¬
3078 3044 3357 3099 Töne aus dem
948 3058 2008 3112 Meister der Technik, besonders in der Behandlung des
2015 3074 3062 3135 kelnden Tanzrhythmen, die sie durch die ganze Oper be¬
3076 3082 3367 3141 über, in dem#
953 3104 2010 3151 Orchesters und als ein Komponist, der die Stimmungen
2016 3111 3070 3171 gleiten, daß sie das Leben leicht zu nehmen gewohnt sind.
3078 3129 3307 3180 schneller und
957 3127 2012 3205 der poetischen Vorlage zu erfassen und festzuhalten versteht.
2022 3153 3066 3206 Und Fritz, hinter dem ein tückisches Schicksal und ein
3078 3158 3300 3216 einem — Z
994 3177 2016 3229 Die Poesie seines Textes ist nun freilich anderer
2024 3186 3071 3246 böses Gewissen nervösmachend lauert, wird mit seinem
3068 3198 3332 3270 sei hier noch
964 3215 2013 3274 Art, als wir es bei der Mehrzahl der Opern gewohnt
2028 3223 3070 3290 ständigen jähen Stimmungswechsel gut getroffen. Da,
3078 3246 3324 3294 barin, deren
955 3258 2023 3312 sind. Früher, so hieß es, war kein Tert dumm genug,
2028 3275 3072 3323 wo die beiden Paare aber in einer Stimmung sich
3084 3275 3358 3338 mecker der Bläf
963 3303 2020 3355 als daß er nicht einen Komponisten gefunden hätte, der
2030 3304 3069 3360 befinden, beim Weine, beim Schmollis, da faßt auch der
3076 3322 3364 3375 aber ist der S##
953 3337 2018 3397 ihn unter seine Fittiche genommen hätte. Und wenn
2020 3345 3069 3402 Komponist in einem hinreißenden Walzer die übermütige
3076 3356 3369 3413 fast zur Größe
961 3375 2018 3436 er literarisch wertvoll war, wie etwa Goethes Faust, so
2028 3382 3072 3437 Laune des Augenblicks zusammen und läßt uns gern ver¬
3088 3397 3339 3453 der Wahrheit
958 3403 2020 3464 wurde er erst vom Librettisten so lange verstümmelt, bis
2024 3421 3065 3477 gessen, auf wie leichtem und gefährlichen Grund das Glück
3076 3439 3338 3495 hoffnungslos.
954 3447 2020 3493 er zur musikalischen Bearbeitung reif war. Heute haben
2020 3467 3066 3516 dieser vier Menschenkinder aufgebaut ist. Wie schade,
3082 3476 3371 3538 Liebe zu seinen
957 3484 2022 3544 unsere Musiker ihr literarisches Gewissen entdeckt. Sie
2022 3502 3074 3549 daß wir heute so modern sind. Einer von der alten
3076 3511 3368 3570 schön hervorle
955 3520 2018 3597 nehmen die besten Stücke, die sie finden können, ändern
2031 3546 3074 3596 Schule hätte bei der Tischszene Duette und Quartette
3079 3548 3370 3619 Wendungen ein
958 3565 2018 3631 nicht eine Silbe daran und komponieren das Buch mit
2027 3577 3076 3628 angebracht, daß es nur so eine Lust wäre und hätte da¬
3107 3597 3342 3656 Was man
964 3595 2021 3651 Haut und Haaren. So hat Richard Strauß, Wilde und
2038 3612 3077 3674 durch die Stimmung gesteigert. Das wäre auch nicht
971 3634 2031 3712 Hoffmannsthal, Debussy den Maeterlinck vertont. Neu¬
3074 3641 3370 3701 meisten bewund
2027 3658 3076 3710 unnatürlich gewesen. Wie oft erlebt man's bei einem
968 3676 2029 3748 mann nahm das Schauspiel „Liebelei" von Arthur
3083 3681 3363 3737 das Orchester b
2034 3687 3070 3749 fröhlichen Gastmahl, daß alle durcheinander reden.
974 3717 2026 3775 Schnitzler und benutzte es ebenfalls fast unverändert
3077 3722 3341 3786 Zerstückelung.
972 3723 3075 3820 zum Operntert. Diese Gewissenhaftigkeit hat nun freilich Warum sollen sie also in der Oper nicht durcheinander
2038 3749 3372 3824 singen, wenn der Komponist die Stimmen richtig zu! Folge, die rhyt
972 3789 2030 3867 ihre zwei Seiten. So lange die Personen auf der Bühne
3094 3797 3357 3857 wie möglich di
2029 3810 3075 3860 führen versteht. Aber der Textdichter hatte es anders
3083 3834 3338 3894 Einheit für si
1063 3882 3082 3932 Der elegant ausgestattete Klavierauszug ist im Ver= beschlossen. Sehr fein versteht Neumann das Klavier
2001 3872 3377 3966 auf der Bühne zu kleinen musikalischen Scherzen auszu= besten Lage aus
963 3901 1895 3967 lage von B. Schotts Söhne, Mainz, erschienen.
