3436 4224
1894 25 2647 114 Zehn Schiling Tagesfasse mit
387 40 529 121 25.
2021 96 2525 162 „Garderobezwang“
1864 142 2720 206 Das Gegenstück: eine junge Schauspielerin
1838 173 2726 252 erhält an einem renommierten Theater ein
1840 235 2656 291 Engagement auf Stückdauer. Das heißt,
77 250 907 343 Die Theater und der Nachwuchs:
1836 274 2734 337 lange das Stück, für das sie verpflichtet ist,
1835 315 2733 381 auf dem Repertoice bleibt, erhält sie täglich
1833 356 2731 413 ihre Gage, im gejebenen Fall zehn Schilling.
129 316 1801 467 Zwischen Schauspielerprüfung
1833 405 2727 456 Aber dafür mißte sie die Verpflichtung
1832 449 2726 505 übernehmen, ihre Torletten — drei Kleider
1878 487 2733 553 selbst beizustollen. Eines der Kleider sollte
488 451 1440 600 und Engagement
1838 534 2727 592 ein nobles Abendkleid sein — Preis 260 Schil¬
1821 580 2732 648 ling. Also mußte das Stück wenigstens 26mal
104 619 2739 680 Über den Wert oder Unwert der Be= ling monatlich könnte sie dort verdienen. Die gespielt werden wenn die Schauspielerin ihre
66 679 2727 739 fähigungsprüfung für Schauspieler und Sän= Hoffnungen sind bereits so weit herab= Kosten auch nur für ein Kleid hereinbringen
1844 712 2000 767 wollte.
965 713 1844 787 geschraubt, daß sie sich um ein solches En¬
71 709 983 798 ger ist schon vieles gesagt worden. Da nun
1867 742 2732 822 Die Serie der Novität war viel kleiner.
958 761 1847 828 gagement bewirbt. Dreimal singt sie in der
65 772 966 831 aber einmal die Prüfung obligat ist, um den
1839 775 2720 873 Das Engagement hatte die junge Schau¬
953 814 1844 864 Staatsoper vor, zuerst mit 160 Angemel¬
52 811 960 873 Zulassungsschein und damit ein Engagement
1838 837 2680 905 spielerin einige hundert Schilling gekostet.
56 854 1842 917 zu erlangen, müßte man doch einmal fragen, deten dann mit 80, zum Schluß ist sie unter
1864 877 2729 943 Bekanutlich wurde seinerzeit jahrelang von
959 901 1850 955 den fünf, sechs streng Ausgewählten. Beim
64 910 972 956 ob wenigstens für die glücklichen Absolventen
1836 923 2728 983 der Gewerkschaft der Schauspieler darum
959 942 1844 1007 dritten Vorsingen wird sie als die Beste
55 945 957 1019 der Prüfung der Zulassungsschein ein Enga¬
1838 970 2726 1026 gekämpft, daß die Theaterdirektionen den
949 988 1847 1044 qualifiziert und — aus dem Engagement
59 984 717 1055 gement auch tatsächlich erwirkt.
1844 1002 2739 1075 Schauspielern die Kleider für die Bühne bei¬
105 1025 1852 1091 Wir haben uns an eine Anzahl junger wird nichts. Die Bundestheaterverwaltung
1847 1036 2745 1118 stellen mußten. Aber man hält sich in Wien,
58 1075 1838 1125 Künstler und Künstlerinnen mit der Frage erhebt Einspruch, weil zuerst noch drei Ele¬
1839 1099 2704 1165 wie man sieht, nicht mehr durchaus daran.
66 1118 1845 1184 gewendet, wieviel und welche Chancen füroinnen für ein Chorengagement in Betracht
61 1167 956 1224 den oder die bestehen die die Befähigungs¬
960 1161 1161 1226 kommen.
1849 1149 2741 1233 Eine kleine Rolle — 09 Schilling
49 1208 973 1269 prüfung mit gutem Erfolg abgelegt haben.
993 1210 1845 1266 Die Eltern verschaffen irgendwie das
1864 1210 2742 1276 In einem großen Musiktheater, in dem
60 1246 958 1309 Das Ergebnis dieser Rundfrage ist für die
971 1256 1846 1314 Reisegeld nach Deutschland, wo ihre zweite
1849 1261 2727 1310 gelegentlich auch Prosastücke unter einer an¬
51 1286 962 1345 gegenwärtigen Theaterverhältnisse charak¬
958 1293 1837 1355 Tochter im Engagement steht, und nun hun¬
1840 1289 2748 1365 deren Leitung gespielt werden, sprach eine
67 1310 969 1387 teristischer als viele Enqueten, es ist ein auf¬
963 1343 1822 1419 gern sich zwei Wienerinnen draußen durch.
1843 1334 2750 1416 Schauspielerin vor, um in einem der Prosa¬
59 1368 974 1427 rüttelnder ein sensationeller Einblick, den
1844 1390 2739 1439 stücke eine Rolle zu erhalten. Man einige sich
958 1393 1840 1478 Die Spareinlage für die Direktion
57 1416 965 1479 man durch die Mitteilungen der Jugend er¬
1849 1431 2747 1487 schließlich, daß sie eine kleine Rolle spielen
63 1460 971 1513 hält, die begeistert zum Theater gehen wollte
1003 1475 1862 1531 „An einem sehr bekannten großen Wiener
1844 1472 2765 1529 dürfe, als Regiebeitrag wurde das Sümmchen
63 1505 968 1568 und nun trotz anerkannter Begabung vor den
975 1502 2744 1568 Theater“, erzählt eine junge, sehr bühnen= von 500 Schilling verlangt, und da die Eltern
75 1556 556 1626 tealen Tatsachen steht.
960 1559 2739 1625 wirksame Salondame, die indessen schon der jungen Dame von dem großen Wert eines
1843 1608 2745 1674 solchen „Debuts“ überzeugt waren, be¬
959 1608 1851 1662 gute Kritiken hat, „erhielt ich mein erstes
141 1604 891 1685 Auf der Engagementssuche
970 1649 2750 1715 fixes Engagement — gegen eine Einlage von ziehungsweise sich überzeugen ließen, wurde
111 1648 976 1720 Eine junge Schauspielerin, die bei der Prü¬
1842 1686 2336 1762 der Betrag auch bezahlt.
962 1694 1854 1742 3000 Schilling, die ich der Direktion „vor¬
62 1708 973 1772 fung Hauptmanns „Hannele“ und Schn tziers
1875 1724 2809 1806 Besucher der betreffenden Vorstellung
972 1738 1850 1798 steckte'. Dafür bekam ich einen Vertrag auf
65 1743 963 1815 Christine aus der „Liebelei“ h
1848 1768 2828 1829 dürften sich gewundert haben, daß die#
962 1767 1844 1836 zehn Monate mit einer Monatsgage von
62 1799 960 1867 Ersolg vorsprach, berichtet folgendes: „Natür¬
1840 1814 2876 1890 Trägerin einer ganz kleinen Rolle besonders
960 1829 1848 1882 300 Schilling. Ich erhielt die 300 Schilling
57 1840 964 1906 lich versucht man zuerst, an einer großen
1841 1863 2801 1942 oft und aus auernd vor dem Vorhang
961 1871 1849 1948 zuerst wirklich, bis mir der Direktor eines
69 1882 974 1940 Wiener Bühne unterzukommen. Mit der
962 1906 2146 1987 Tages mitteilte, ich könnte an einem andern, erschienen ist.
66 1927 967 1997 Elevengage wäre man ja sehr zufrieden denn
2763 1908 2841 2018 □
57 1956 979 2027 man wohnt dann zu Hause und ißt zu Hause,
2550 1974 2845 2070 S
54 2009 985 2075 irgendwie würde es schon gehen. Aber man
483 2059 976 2113 „Wo haben Sie bisher
61 2062 502 2131 wird sofort gefragt:
908 2087 971 2140 #%
67 2121 959 2170 gespielt, waren Sie schon in der Prooinz?“
59 2141 967 2203 Und dann wird man achselzuckend weg¬
61 2198 979 2262 zeschickt, um erst Routine auf einer Provinz¬
58 2226 485 2305 bühne zu erwerben.
93 2251 981 2344 Wie sieht aber ein solches Provinzengage¬
61 2320 989 2391 nent aus? Im Ausland kommt nur ein
66 2361 983 2433 minimaler Prozentsatz unter, und die öster¬
72 2405 992 2485 reichische Provinz ist ebenfalls eng begrenzt,
73 2454 981 2515 Doch selbst wenn man das „Glück“ hätte, ein
67 2495 981 2558 Provinzengagement zu erhalten, man kann
67 2544 988 2604 es gar nicht annehmen — außer man ist aus
73 2586 977 2636 wohlhabendem Hause. Die Gagen in der
59 2614 993 2706 Provinz sind überall für eine Elovin so klein
85 2661 986 2722 — sagen wir: 160 Schilling —, daß sie kaum
68 2722 989 2782 für Wohnung, Essen und die geringsten An¬
61 2753 983 2819 schaffnungen reichen. Die Theaterdirektionen
65 2804 980 2871 verlangen aber, daß man auch die Bühnen¬
60 2842 992 2910 kleidung stellt, für eine junge Schauspielerin
61 2888 989 2944 eine untragbare Forderung — wenn sie nicht
70 2929 984 2982 von zu Hause reichlich Zuschuß erhält. Oder
72 2960 987 3041 muß man eben einen reichen „Freund“ fin¬
67 3010 988 3079 den, wenn man zu arm ist um von der Gage
67 3058 988 3139 zu leben und selbst die Bühnentoiletten zu be¬
67 3108 269 3177 zahlen?
113 3120 988 3203 Man muß auf den Hauptreffer warten, in
77 3185 975 3260 Wien an einer Vorstadtbühne ein Engage¬
74 3225 979 3308 ment zu erhalten. Dort bekommt man auch
68 3282 427 3350 die Gage sicher.“
83 3320 939 3411 Absolvierte Koloratursängerin —
239 3397 828 3470 nicht einmal im Chor
119 3438 991 3523 Eine junge hübsche Absolventin der Staats¬
65 3496 1000 3570 akademie für Musik und darstellende Kunst,
77 3543 992 3604 Tochter eines Musikers, ist eine sehr begabte
72 3593 993 3653 Koloratursängerin. Das wird ihr auch bei der
69 3637 994 3693 Befähigungsprüfung versichert. Und nun
77 3668 998 3742 sieht sie sich um. Man sagt ihr gleich, daß
78 3708 999 3775 man zum Vorsingen an einem bestimmten
70 3764 994 3824 Institut nur gegen Erlag eines solchen Be¬
68 3802 989 3874 trages zugelassen wird, den ihre nichtbemittel¬
76 3841 994 3915 ten Eltern nicht aufbringen könnten. Pro¬
71 3902 996 3972 vinzengagement rundherum keines. Da medet
71 3944 1002 4022 sie sich zum Chor der Staatsoper — 70 Schil¬
2828 1611 2886 1666 90
2871 1890 2927 1944 50
3216 102 3339 199 5
3338 86 3450 212 E
