3484 4256
316 146 879 234 5. Liebelei
1010 154 1441 253 box 12/1
1154 638 1529 731 Telephon 12.801.
681 632 907 728 —
1172 727 1415 801 —4
604 769 1361 863 „OSSEKVEK
448 847 1533 936 I. österr. beh. konz. Unternehmen für Zeitungs¬
660 912 1336 975 Ausschnitte und Bibliographie.
615 950 1384 1040 Wien, I., Concordiaplatz 4.
839 1039 1176 1104 Vertretungen
451 1085 1533 1156 in Berlin, Brüssel, Budapest, Chicago, Cleveland, Christiania,
452 1119 1542 1187 Genf, Kopenhagen, London, Madrid, Mailand, Minncapolis,
458 1155 1542 1220 New-Vork, Paris, Rom, San Francisco, Stockholm, St. Peters¬
851 1199 1149 1257 burg, Toronto.
793 1237 1199 1310 ##iellenangabe ohne Gewähr.)
445 1285 857 1382 Ausschnitt aus:
855 1298 1281 1406 Deae
598 1375 888 1464 21011911
441 1403 614 1463 vom:
530 1460 1471 1555 * Aus Berlin, 20. d., wird uns telegraphfert:
416 1512 1471 1597 Franz Neumanns neue Oper „Liebeléi“ nach der
425 1583 1462 1625 Dichtung von Artur Schnitzlerwurde heute in der
436 1630 1469 1690 Komischen Oper mit sehr großem äußerem Erfolg zum
426 1670 1469 1736 erstenmal gegeben. Im Vordergrund der ausgezeichneten
442 1720 1461 1789 Darstellung stand Maria Labia, die ebenso wie die
430 1764 1463 1814 andern Mitwirkenden und der Komponist stürmisch
437 1807 1472 1868 gerufen wurde und mehr als ein dutzendmal vor der
437 1859 1476 1948 Kurtine erscheinen mußte. Auch Direktor Hans Ggregor
432 1905 1154 2005 wurde mehrfach gerufen..#
1245 2301 1637 2390 Telphon 12.801.
1238 2383 1498 2467 F
1278 2426 1435 2506 4
688 2467 1444 2561 „USSLNEN
533 2538 1630 2603 I. österr. beh. konz. Usternehmen für Zeitungs¬
737 2582 1417 2665 Ausschnitte und Bibliographie.
707 2624 1498 2731 Wien, I., Concordiaplatz 4.
946 2706 1272 2776 Vertretungen
534 2749 1631 2803 in Beriin, Brüssel, Budapest, Chicago, Cieveland, Christiania,
546 2794 1630 2853 Genf, Kopenhagen, London, Madrid, Mailand, Minneapolis,
534 2852 1646 2898 New-Vork, Paris, Rom, San Francisco, Stockholm, St. Peters¬
940 2881 1240 2939 Burg, Toronto.
894 2919 1301 2984 Quellenangabe 04re Gewähr.:
544 2956 1373 3073 Ausschnitt aus: Dis Zeit, Wies
555 3098 1069 3200 vom: 21 J 1011
641 3165 1603 3262 1 Die Oper „Liebelei“ in Berlin. Aus
605 3213 1592 3294 [Berlin, 20. d., wird uns telegraphiert: In
607 3283 1582 3340 der Komischen Oper erlebte Franz Nau¬
615 3326 1586 3386 manns Oper „Liebelei“ einen starken äuße¬
609 3353 1591 3442 ren Erfolg, an dem die Handlung Arthur
611 3396 1589 3471 Schuinles-wesentlichen Anteil hatte. Die
618 3453 1583 3502 mit Aeußerlichkeiten arbeitende, aber außer¬
611 3494 1588 3554 ordentlich geschickt und mit unsehlbarem
617 3538 1587 3601 Theaterinstinkt gemachte Musik wirkte rein
608 3568 1584 3648 illustrierend. Die Aufführung war die letzte, die
612 3625 1587 3692 Direktor Gregor inszeniert hatte. Am
603 3666 1581 3732 Schluß der Oper, die mit lebhafter Anteil¬
611 3718 1575 3776 nahme gespielt wurde, erschien — ein seltener
609 3763 1585 3826 Fall — stürmisch gerusen, Gregor auf der
609 3806 1598 3896 Bühne und wurde gleich dem anwesenden,
606 3841 1325 3922 Komponisten intensiv applaudiert.
2672 1278 3061 1374 Telephon 12.801.
2125 1405 2885 1523 „ODSENVEN
1961 1491 3054 1596 1. österr. beh. konz. Unternehmen für Zeitungs¬
2162 1559 2853 1627 Ausschnitte und Bibliographie.
2134 1620 2906 1700 Wien, I., Concordiaplatz 4.
2364 1683 2696 1745 Vertretungen
1965 1728 3052 1790 in Berlin, Brüssel, Budapest, Chicago, Cleveland, Christiania,
1961 1780 3052 1830 Genf, Kopenhagen, London, Madrid, Mailand, Minneapolis,
1955 1816 3067 1880 New-Vork, Paris, Rom, San Francisco, Stockholm, St. Peters¬
2359 1853 2668 1902 burg, Toronto.
2298 1895 2706 1951 (Quellenangabe ohne Gewähr.)
1957 1926 2400 2014 Ausschnitt aus:
2366 1952 2770 2059 PORR AA BRR AAT A
1968 2071 2120 2117 vom:
2115 2049 2561 2167 —iTT
2237 2159 2850 2251 Berliner Premiere.
1941 2231 3236 2314 Berlin, 20. Jänner. (Tel. d. „Fremden=Blatt“.) Ein seltener
1825 2263 3214 2360 Fall ereignete sich bei der heutigen Premiere in der „Komischen Oper
1833 2324 3228 2409 Die Dichtung überragte die Musik beträchtlich. Ein wenig bekannter
1827 2368 3234 2459 Komponist Franz Neumann war auf den Gedanken verfallen,
1832 2425 3231 2492 Schnitzlers treffliches Drama „Liebelei“ in Musik zu setzen. Er hat
1831 2480 3238 2555 es in einer Flut von geschickt gemachter illustrierender Musik ertränkt.
1826 2499 3236 2585 Daß Puccini Gevatter stehen mußte, läßt sich bei der Stoffverwandt¬
1829 2553 3238 2652 schaft mit der „Bohème“ leicht verstehen. Aber auch „Tristan“ mußte
1824 2615 3228 2697 heran und der beleidigte Ehemann spricht im Stile Wotans.
1819 2648 3229 2735 Uebrigens wird Schnitzlers Prosa wortgetreu und in Wiener Mundart ge¬
1816 2690 3229 2785 sungen. Das Publikum fand an dem schwulstigen Werke Gefallen und
1825 2748 3218 2836 rief neben den Hauptdarstellern Nadolovitch, Zador und
1818 2801 3213 2867 Maria Labia, schon nach dem zweiten Alte den Komponisten und
1831 2837 3224 2917 Direktor Gregor, der die Inszenierung mit gewohntem Geschick ge¬
1816 2870 2071 2927 leitet hatte.
1821 2917 1891 2978 —
3067 2908 3118 3006 —
2443 2970 3051 3073 Pradau
