3344 4224
298 90 658 171 Liebelei
811 88 1239 199 box 13/4
129 87 675 226 5 Lge
276 625 1088 822 Badgastem
266 885 727 987 Heilkräftigste
263 972 1087 1074 Radiumiherme der Welt!
503 1067 1084 1168 Verlangen Sie Prospekte
507 1144 1092 1222 von der Kurkommission!
500 1284 1069 1431 „OBSERVER“
489 1420 1066 1492 Erstes österreichisches be¬
490 1473 1084 1554 hördlich konzessioniertes
502 1526 851 1593 Unternehmen
502 1577 1099 1653 für Zeitungsausschnitte
272 1614 562 1712 WIEN, I.,
272 1692 1084 1778 Wollzeile 11 4 Telephon R 23-0-43
257 1829 623 1917 Ausschnift aus
600 1847 1151 1956 „DiePiedefe— Wien
674 1921 1071 2014 U.AFf. 1333
265 1960 435 2060 vom
191 2090 1032 2192 Berta Zuckerkandl-Szeps:
597 2192 1978 2331 Kunst triumphiert in Paris
212 2170 582 2336 Wiener
565 2330 1977 2413 Paris, Anfang Aprilfundierten „Comité de Musique“ große
1097 2395 1976 2448 Verdienste erworben. Bruno Walter und
267 2383 1100 2462 Ist es die Folge einer jahrelang konse¬
1092 2433 1986 2497 die Wiener Philharmoniker
198 2442 1092 2519 quent verfolgten Propaganda für öster¬
1094 2489 1982 2544 werden im Rahmen dieses französisch¬
198 2503 1090 2555 reichische Kunst und Kultur? Ist es der
1099 2532 1980 2587 österreichischen Musikkomitees die Pariser
211 2553 1085 2601 phänomenale Erfolg der Wiener Filme,
1092 2568 1979 2634 Frühjahrssaison mit einem großer Kon¬
203 2597 1099 2647 die als Edelmarke der Weltproduktion sich
1091 2622 1988 2685 zert glänzend eröffnen. Ein Gastspiel
209 2644 1088 2705 auch Frankreich im Sturm erobert hat?
1091 2666 1992 2726 der Comédie Française in
202 2688 1084 2758 Ist es der Arlberg im Schnee? Das Ski¬
1089 2721 1970 2776 Wien bildet Gegenstand von Verhand¬
210 2739 449 2809 paradies?
1099 2763 1985 2820 lungen. Es sollen nur klassische Werke, die
263 2809 1976 2857 Jedenfalls hat die österreichische, die die hohe Tradition der Comédie Française
197 2849 1100 2910 Wiener Note in Paris den Gipfel der
1093 2842 1989 2919 wahren, zur Aufführung gelangen. Auch
203 2894 1090 2955 Popularität erstiegen. Man liebt, versteht,
1097 2911 1980 2964 betreffs der Pariser Oper werden
194 2947 1092 3004 bewundert intensiv alle für österreichische
1098 2952 1987 3013 Pläne geschmiedet. Der wunderbare Stil
192 2994 1088 3050 Eigenart charakteristischen Zeichen. Den
1093 3005 1981 3065 einer Gluckschen „Aleeste“ mit
191 3032 1091 3100 leichten Schwung graziöser Phantasie: den
1103 3046 1982 3108 Germaine Lubin oder die eben
198 3095 1090 3143 leisen Klang wissender Melancholie. Und
1096 3093 1992 3157 jetzt dem Repertoire der Pariser Oper
195 3134 1081 3189 vor allem (was den Franzosen besonders
1101 3138 1986 3198 eingefügte „Arianne“ von Ducas, eben¬
204 3176 1087 3229 anzieht) die geniale Intuition des Maß¬
1101 3186 1984 3250 falls mit Germaine Lubin, die darin
198 3227 1086 3290 haltens und eines nachtwandlerisch siche¬
1103 3238 1986 3288 einen Triumph gefeiert hat, kämen dem
212 3276 468 3351 ren Taktes.
1095 3284 1985 3342 Sinn eines kulturellen Austausches am
1099 3335 1980 3404 nächsten. Dem Sinn einer gegenseitigen
254 3310 1090 3402 Nun wurde eben anläßlich der letzten
1107 3372 1407 3445 Bereicherung.
191 3385 1089 3442 Fühlungnahme österreichischer und fran¬
1152 3403 1978 3486 Auch der österreichischen bil¬
190 3421 1098 3498 zösischer Staatsmänner in Paris ein Ver¬
1096 3474 1982 3533 denden Kunst (die dekorative Kunst
200 3493 1084 3537 trag geschlossen, der intensive kultu¬
1103 3522 1971 3583 hat hier längst erweckend und befruchtend
191 3519 1090 3583 relle Austauschaktionen zum
1098 3570 1971 3639 gewirkt) wird erhöhte Aufmerksamkeit zu¬
196 3568 1091 3635 Inhalt hat. Der frühere österreichische Ge¬
1098 3603 1987 3676 gewendet. So erfreut sich eben Lilli
203 3620 1089 3678 sandte in Paris, Dr. Grünberger,
1102 3665 1972 3718 Steiners Ausstellung in der „Galerie
210 3666 1087 3721 hat sich in dieser Hinsicht durch die Grün¬
198 3710 1971 3774 dung eines auch finanziell ausgezeichnetde Paris“, die der österreichische Gesandte
1989 1673 2888 1743 v. Eger=Möllwald eröffnete, eines
1982 1736 2885 1808 großen Erfolges. Diese aus der Österrei¬
1986 1784 2892 1848 chischen Kunstgewerbeschule he vorgegan¬
1981 1841 2890 1893 gene Malerin lebt jetzt in Paris. Mit zaher
1983 1876 2894 1944 Energie wußte sic sich den besonderen Platz
1983 1922 2877 1994 zu errringen, den sie hier einnimmt. Ihre
1978 1964 2890 2021 dramatisch gefärbten, malerisch gelösten
1992 2010 2886 2082 Landschaften, vor allem aber ihre Kinder¬
1979 2052 2884 2129 porträts, erregen das Entzücken aller
1987 2104 2884 2167 Kunstverständigen, aber auch aller naiv
1995 2158 2893 2211 erpfindenden Frauen. So schreibt einer
1992 2205 2884 2274 der strengsten Kritiker, Pierre Brot:
1998 2254 2890 2310 „Man fühlt, wie das Mysterium der
1987 2292 2886 2359 Kinderseele sich mit dem Mysterium der
1982 2334 2889 2409 Menschheit vermählt. Lilli Steiners un¬
1988 2396 2897 2471 erreichter Vorzug ist: den tief verhüllten
1995 2433 2648 2493 Sinn der Dinge zu enthüllen.“
2048 2465 2890 2537 Seit den ungewöhnlichen Erfolgen von
1980 2536 2881 2585 Wiener Filmen, wie Schnitzlers
1987 2567 2884 2644 „Liebelei#witeräd die
1998 2607 2886 2691 Paris bezaubert haben, ist auch der Be¬
1985 2666 2888 2734 griff „Wienerin“ ein anderer geworden.
1981 2725 2884 2776 Weit weg von Herzigkeit und Süßlichkeit
1988 2758 2895 2822 hat sich die liebe Menschlichkeit der Wiener
1981 2809 2354 2881 Frau offenbart.
2054 2838 2887 2920 Viele Pläne werden geschmiedet, über
1993 2908 2890 2967 die nächstens entschieden wird. Niemals
1981 2965 2882 3022 war der Augenblick günstiger, um franzö¬
1987 2998 2888 3062 sisch=österreichische Affinitäten von Kunst
1985 3044 2798 3123 und Kultur wahrnehmbar zu machen.
2049 3149 2875 3239 Von anderer Seite wird uns berichtet:
2045 3230 2880 3292 Eine kleine, aber charakteristische Aus¬
2000 3264 2894 3335 stellung farbiger Zeichnungen erwarb
1999 3318 2891 3366 einer zweiten Österreicherin, Gertrude
1990 3364 2877 3418 Zuckerkandl, größte Auerkennung.
1981 3414 2888 3470 Die gewählte Gesellschaft, die sich in der
1995 3455 2878 3516 „Galerie des quattres Chemins“ Rendez¬
1985 3510 2893 3580 vous gab, bereitete der jungen Künstlerin,
1987 3551 2879 3601 die zum erstenmal in Paris ausstellte,
2000 3607 2878 3662 großen Erfolg. Besonders galt dies den
1981 3644 2884 3703 Wiener Frauentypen, Porträts, die in
1993 3689 2885 3752 graziöser Weise für Wien werben. Ein be¬
1983 3738 2866 3795 kannter Pariser Kritiker sagte bei der Be¬
1997 3783 2878 3849 sichtigung: „Wenn Wien sich jetzt anschickt,
1999 3837 2869 3894 seine Propaganda zu intensivieren, so sind
2001 3871 2886 3944 diese vom Wiener Charme umflossenen
1984 3928 2874 4003 kleinen Porträts dazu besonders geeignet“
