3392 4320
447 212 829 292 Liebelei
918 218 1424 315 box 11/4
287 225 837 322 3. S
1106 885 1492 985 Telephon 12.801.
1136 994 1292 1071 Pa
596 991 1210 1115 „UBSEHVEN
380 1081 1485 1212 I. österr. behördl. konz. Unternehmen für Zeitungs-Aussohnitte
507 1126 1347 1266 Wien, I., Concordiaplatz 4.
702 1216 1141 1310 Vertretungen
362 1263 1456 1376 in Berlin, Budapest, Chicago, Christiania, Genf, Kopen¬
367 1301 1460 1432 hagen, London, Madrid, Mailand, Minncapolls, New-York,
400 1346 1421 1465 Paris, Rom, San Francisco, Stockholm, St. Petersburg.
688 1401 1130 1475 (Gnellenangabe ohne Gewähr).
347 1434 731 1521 Ausschnitt aus:
856 1451 1145 1540 -9 4 1909
335 1536 488 1629 vom:
612 1533 1362 1733 Lentsche Wehr, Treppan
220 1691 1356 1764 ihren Leyrern Gerechtigkeit widerfahren.
365 1823 1191 1925 Schaubühne, Kunst und
574 1915 990 2007 Schrifttum.
420 1990 1124 2086 Troppauer Stadttheater.
318 2068 1511 2186 „Liebelei“, Schauspiel in 3 Akten von
281 2116 1354 2182 chuitzler. Dieses aus dem Jahre 1895 stummende
233 2169 1358 2248 Stück war längere Zeit auf unserer Bühne nicht
231 2220 1373 2282 erschienen. Montag ist es in guter Besetzung und
364 2273 1053 2325 Seite 4, Nl. 51, ###. 0#9-5
1284 2280 1400 2372 A
320 2398 1460 2475 abgerundeter Darstellung wieder einmal aufgeführt
322 2469 1444 2529 worden. Das Stück selbst verlangt ein rasches Zu¬
327 2506 1444 2583 sammenspiel und gute Charakteristik. Denn der
319 2550 1440 2621 Inhalt selbst ist nicht immer und überall günstig
322 2611 1442 2677 beurteilt worden, ist doch der Grundzug — das
324 2648 1442 2705 seichte „Sichausleben“ das frivole Hinwegtändeln
320 2711 1441 2784 über lebensschwere Situationen nicht gerade ger¬
323 2745 1032 2807 manischem Fühlen entsprechend.
413 2808 1449 2877 Das Stück hatte diesmal den großen Vorteil,
314 2846 1438 2906 daß die Hauptrolle der Christine in den bewährten
316 2903 1437 2973 Händen des Frl. v. Effner ruhte. Denn diese
321 2949 1444 3015 talentvolle Schauspielerin verstand, die für einen
316 2981 1447 3073 ohne ihr Wissen für eine andere in den Tod
311 3054 1444 3127 gehenden Studenten schlagende Herzensneigung
313 3097 1449 3151 außerordentlich lebenswahr zu gestalten und die
312 3151 1437 3203 Verzweiflung und den Jammer der Betrogenen er¬
310 3198 1444 3250 greifend darzustellen. Ihr Partner der Fritz des
305 3250 1456 3313 Herrn Flemming war auch tadellos. Sehr
314 3296 1440 3350 gut, wenn auch vielleicht etwas allzu lebhaft,
318 3338 1456 3411 war Frl. Robba als Mizi. Gut hat uns auch Herr
312 3393 1445 3449 Strahl als Theodor gefallen. Herr Lübau wurde
306 3446 1440 3514 der kleinen Rolle des „Herrn“ vollkommen gerecht,
315 3494 1454 3550 ebenso Herr Kunst als Weiring und Frau Pichler
300 3545 1439 3599 als Frau Binder. Gefallen hat uns auch das flotte
303 3589 1435 3651 Zusammenspiel, namentlich im ersten Akte; gut war
311 3643 1446 3706 auch die Ausstattung und der Beifall war sehr
307 3687 1442 3772 warm. Er konzentrierte sich insbesondere wohlver¬
296 3732 1076 3794 dientermaßen auf Frl. v. Effner.
402 3781 1091 3854 Ala Anhänasel „„„ „
2083 974 2473 1162 „OBSE
2034 1123 2532 1222 gördl. konz. Unternehmeh.
1986 1168 2595 1289 Vien, I., Concordh
2174 1258 2626 1365 Vertretungen
1831 1282 2668 1402 in Berlin, Budapest, Chicago, Christiania,
1826 1335 2734 1435 hagen, London, Madrid, Mailand, Minneapolh..
1878 1384 2766 1501 Paris, Rom, San Francisco, Stockholm, St. Per.
2160 1445 2589 1514 (Guellenangabe ohne Gewähr).
1817 1467 2152 1563 Ausschnitt auf
2161 1506 2840 1618 ünchner Zeitun
1811 1555 2248 1649 vom: 8 12. 19
1914 1685 2854 1766 R. B. [Schauspielhaus.] Neu einstudiert: „Lie=
1873 1732 2846 1811 [belei" und „Abschiedssouper“ von Arihurk
1874 1753 2233 1826 [Schnitzler. —
2231 1778 2832 1864 Die „Liebelei“ ist heute nock
1868 1800 2826 1881 Schm####s populärstes Theaterstück und wird es¬
1864 1844 2833 1933 wohl auch bleiben. In diesem Werk lebt und wirkt,
1867 1887 2820 1972 wie 'n Halbes „Jugend", etwas Unzerstörbares,
1850 1928 2825 2023 beinage hätte ich gesagt: etwas Ewiges. Undi
1813 1977 2162 2047 M
1805 2029 2772 2107 sicherlich hätte auch eine weit schwächere Aufführung
1798 2062 2755 2142 Eindruck gemacht. Gestern aber ist unter Herrr
1791 2119 2773 2190 Direktor Stollbergs belebender Führung ganz
1802 2158 2774 2227 ausgezeichnet gespielt worden. So gut, daß man die
1796 2188 2761 2272 Erinnerung an Namen wie Centa Bré und Irene
1785 2243 2754 2316 Triesch, die mit den ersten Münchener Aufführungen
1796 2271 2759 2356 der „Liebelei“ im alten Schauspielhaus verbunden
1784 2322 2750 2396 sind, getrost wecken durfte. Frl. Woiwode war die
1773 2364 2747 2440 liebenswürdigste, leichteste, lustigste Mizi, die sich
1778 2414 2748 2481 denken läßt: das süße Mädel in Reinkultur. Fräul.
1779 2453 2758 2517 Schaffer (Christine) dagegen nichts als Hingabe,
1775 2501 2763 2558 Selbstentäußerung und Zärtlichkeit, überschattet von
1779 2525 2755 2596 banger Ahnung. Und unvergeßlich wird ihre letzte
1773 2565 2742 2641 große Szene, dieser elementare Ausbruch namenlosen
1775 2617 2751 2682 Schmerzes und der Verzweiflung, bleiben. Da um¬
1772 2645 2734 2724 wehte sie und uns echte Tragödienluft. Kaum min¬
1768 2680 2744 2768 deres Lob#### die „Mädels“ verdienent die „süßen
1766 2728 2745 2809 Buben“ Fritz (p. Duniecki) und Theodor (Wal¬
1765 2785 2743 2848 dau). Herr Peppler traf wohl dan Gemüt, aber
1755 2815 2748 2891 nicht den Dialekt des alten Weiring Die tüchtigen
1762 2847 2743 2917 Leistungen des Herrn Jessen und des Frl. Bich¬
1761 2905 2739 2982 ler rundeten das Ensemble. — Die Erschütterungen
1759 2950 2406 3005 der „Liebelei“ überwand man bei
2420 2957 2738 3022 „Abschieds¬
1759 2991 2736 3066 souper“, das den Abend beschl, Man hat diesen
1761 3025 2737 3101 immer jungen, leichtfüßigen, y Champagner er¬
1740 3071 2728 3129 quickenden Dialog zuletzt frasazösisch mit der ent¬
1756 3116 2731 3183 zückend graziösen Wiehé als innie gehört. Gestern
1753 3155 2730 3213 soupierte Frl. Woiwode und man vergaß alle
1737 3193 2727 3275 anderen Annies. Dieses chen, dieses Plaudern,
1738 3234 2726 3308 diese Ungezwungenheit#n Frische: es war „einfach
1738 3282 2714 3349 süß“. Und dazu der erschütternd komische, in eigener
1739 3324 2718 3392 Schlinge gefe Anatol des Herrn Waldau
1742 3356 1984 3415 und de##
2007 3356 2717 3434 Maxl des Herrn Randolf. Kurz
1733 3394 2730 3493 und guische Schauspielhaus hatte gestern einen be¬
1706 3435 2208 3527 sonders iin clichen Tag.
