3392 4256
287 255 431 327 ie
106 233 1259 387 H. Lisselei box 13/6
1059 561 1634 756 Ctindan
1617 610 1994 774 I ##
956 898 2217 1009 Soll die Schwärnerei verboten werden
605 989 2842 1130 hätte Schnitzler vohl gekannt Ischwäßmerei“ die Bearbei tung seines
601 1121 2893 1269 weltberühmten Schauspieles Wiebelei' oder ist Schnitzlers künst1er¬
608 1255 1131 1366 ehre gekränkt.
961 1346 2624 1458 Man darf nicht Faust als Hot und Karioca bringen.
968 1445 2828 1576 Ist Arthur Schnitzler vor seinem Tode einverstanden ge¬
612 1568 2926 1662 wesen mit der Umarbeitung seines Schauspieles VLiebelei! zur Operette
612 1717 2755 1815 deren Premiere lDetnye Teater“ hatte? Diese Frage wurde gestern
614 1772 2805 1910 vom Unterrichtsministerium an die Theaterdirektion gestellt. Venn
617 1876 2809 2005 man gefragt hat ist es darum, weil die Ankündiger - nicht zuletzt
614 1997 2731 2105 Svend Borberg in diesen Blatt hier — sehr nachdrücklich darauf
609 2134 2849 2245 aufmerksam gemacht hatten, dass das Stück #Schwärmerei! wie Detnye
611 2241 2919 2347 Teater seine Auf fühnung nennt, eine grobe Verunstaltung von Schnitz¬
611 2303 2854 2451 1ers weltberühmtem Schauspielfst. Man freut sich bei der Premiere
616 2460 2715 2560 zum erstenmal dass Schnitzler tot ist, schreibt Svend Borberg,
610 2543 2801 2667 so musste er diesem faden Singspiel nicht beiwohnen; er hätte ge¬
617 2657 927 2803 litten !
936 2747 2473 2875 Das neue Verfassergesetz ist im Detnye Teater
1436 2852 1819 2971 unbekannt.
888 2901 2794 3080 Ich war sehr verblüfft, sagt Ib Schönberg als ich in nein
611 3040 2765 3180 Büro kam und mir mein Sekretär kurz meldete: Ein Herr vom Unter¬
604 3146 2738 3290 richt sninisterium hat angerufen, sie vollen die Aufführung ver¬
624 3237 2766 3414 bieten! Ich hatte dann selbst eine Aussprache mit Sekretär Lund
618 3383 2740 3528 im Unterrichtsministerium und die gestaltete sich so, dass Herr
603 3495 2739 3606 Lund mich fragte, ob Schnitzler seine Einwilligung dazu gegeben
605 3596 2676 3719 habe, dass wir diese Bearbeitung von Liebelei spielen können.
614 3677 2722 3810 Dazu antwortete ich: Ich kam mi t Schnitzler nicht zusammen, So
611 3797 2819 3982 konnte ich ihn nicht fragen. Herr Lund gab mir zu wissen, dass in
