3436 4256
983 139 1415 226 box 10/4
295 151 848 246 5. Liebelei
555 671 1649 782 „Prage Zertg 7//096 71 220.
704 910 1459 996 Böhmisches Landestheater.
555 967 1601 1031 („Liebelei“ (Milkovánf“). Schauspiel in drei Acten von
542 1027 1599 1077 Arthur Schnitzler. Jas Böhmische übertragen von
867 1057 1288 1110 Jos. Fr. Javürek.)
611 1075 1608 1149 Artbur Schnitzler, dessen neuestes Schauspiel „Lie¬
518 1145 1597 1200 belei“ gestern hier zur ersten Aufführung gelangte, ist ein
537 1168 1593 1230 Glückskind unter unseren modernen Bühnen=Autoren;
544 1218 1596 1266 er darf getrost nach rechts oder links ein Hiebchen austbeilen,
546 1250 1599 1294 da er eine liebenswürdige Art hat, die Wahrheit zu sagen,
547 1297 1593 1343 und ihr geschickt ein Mäntelchen umzahängen versteht. Er
543 1328 1587 1381 besitzt ein bedeutendes formales Talent und er weiß, daß in
543 1372 1582 1423 unserer Zeit dessen richtige Verwerthung Erfolge verspricht;
537 1403 1597 1442 er ist auch ein literarisch wohlgeschulter Mann, der in den
547 1439 1604 1495 Meisterwerken deutscher und außerdeutscher, insbesondere
547 1484 1585 1537 französischer Literatur gut Bescheid weiß und durch ihr Stu¬
549 1524 1572 1562 dium seinen Geschmack geläutert hat. Er tritt in die Bewe¬
533 1545 1573 1612 gungen des Tages ein und sucht die Gegensätze unserer Zeit
545 1595 1583 1641 in seinen Bühnenwerken zum Ausdruc zu bringen. Wohl¬
542 1638 1588 1687 ausgerüstet begibt er sich so in den Dichterkampf und nicht
540 1683 1601 1728 allzu schwer erringt er in ihm seine Siege; er ist einer der
537 1710 1599 1773 erfolgreichsten Wiener Autoren und einer von denen, deren
535 1749 1337 1816 neue Werke mit Spannung erwartet ,werden.
608 1775 1605 1843 Anläßlich der Erstaufführung des deutschen Originals
540 1821 1604 1880 „Liebelei“ im deutschen Landestheater am 20. Feber d. J.
546 1869 1594 1926 hat unser Schauspiel=Reserent für dieses Theater im Feuil¬
547 1907 1585 1954 leion der „Prager Zeitung“ vom 21. Feber d. J. Nr. 43
545 1944 1593 1988 die Handlung des Stückes ausführlich wiedergegeben. Um
546 1978 1600 2034 das Sujet des Stückes im Gedächtnisse unserer Leser aufzu¬
536 2026 1593 2075 frischen, lassen wir hier eine kurze Skizze desselben folgen.
616 2059 1600 2117 Um was es sich handelt? Sehr viel handelt sich's über¬
529 2076 1591 2156 haupt nicht. Fritz Lobheimer und Theodor Kaiser sind aus
586 2137 1587 2176 so weit es sich um die Vermögensverhältnisse handelt —
523 2172 1595 2222 gutem Hause. Das benutzten auch Beide, indem sie sich in
539 2208 1594 2254 dem schönen lustigen Wien als Lebemänner qualificiren.
529 2256 1593 2304 Dazu gehören aber natürlich auch Liebenschaften. Die Mo¬
539 2285 1593 2345 distin Mizi Schlager ist Theodors Geliebte, eines Menschen,
528 2327 1595 2378 der, obwohl erst vor den Rigorosen stehend, Lebensanschau¬
528 2361 1593 2414 ungen entwickelt, die einem alten gichtischen Roué allenfalls
536 2407 1593 2459 Ehie machen würden. Lieben, aber ja nicht warm empfinden,
538 2445 1589 2490 kalter Genußmensch, dem nur der Moment etwas gilt, der
546 2479 1586 2524 aber beileibe nicht von einem tieferen Empfinden sich be¬
538 2505 1593 2569 berrschen lassen würde, ein absolut unsympathischer Patron.
543 2561 1593 2609 Fritz Lobheimer, sein Freund, ist ein Schwächling, der gleich¬
525 2599 1595 2638 ttalls keine Sympathie einzuflößen vermag. Durch freundliche
541 2638 1595 2678 Vermittlung der grisettenhaften Modistin Mizi Schlager ist
547 2660 1591 2721 er mit Christine Weiring, Tochter des Violinspielers am
549 2702 1591 2756 Josefstädter Theater, Hans Weiring, bekannt geworden.
543 2721 1593 2786 Das Mädchen war bisher brav und faßt, einmal verführt,
545 2782 1590 2831 für Fritz eine innige ernste Zuneigung, der aber seinerseits
553 2815 1606 2869 nebenbei noch ein Verhältniß mit einer verheiratheten Frau
549 2854 1594 2900 unterhält. Er hätte seiner Gemüthsveranlagung nach wohl
543 2893 1584 2939 das Zeug zu einem anständigen Menschen, wenn er nur
540 2936 1575 2987 eben nicht ein solcher moralischer S# wächling wäre. Und
549 2974 1597 3014 ein Angstmeier ist er auch noch; denn die Besorgniß, daß
541 3004 1595 3051 der betrogene Gatte seiner Geliebten Nr. 1 etwas erfahren
552 3044 1594 3096 könnte, ist keine Gewissensregung, sondern einfach Furcht vor
547 3082 1591 3143 den rächenden Consequenzen. Seine Furcht ist begründet.
545 3116 1595 3168 Der Betrogene fordert ihn und schießt ihn nieder. Christine
537 3167 1600 3232 läuft, als sie es erfährt davon, nachdem sie noch kurz vorher
540 3193 1588 3253 ihrem Vater ihren Fehltritt gebeichtet bat, der aber gar
549 3236 1592 3292 nichts Besonderes darin finden kann, daß seine Tochter sich
549 3274 1584 3322 einen Liebhaber angeschafft hat, von dem sie weiß, daß er sie
548 3314 1590 3370 nie heirathen wird. Warum denn auch? Soll sich das
534 3358 1583 3404 Mädel amüsiren; man ist nur einal jung. Die echte
548 3394 1587 3439 „Weaner Verkaufts mei G'wand“=Moral; Christine läuft
543 3431 1578 3473 also davon und ihr Vater äußert die Ueberzeugung, „Sie
542 3467 1591 3518 kommt nicht wieder, sie kommt nicht wieder!“ Anstatt ihr
541 3506 1591 3557 nachzueilen, sinkt er aber vor dem Fenster laut schluchzend
546 3541 1584 3594 zu Boden und läßt dem Verhängniß seinen Lauf. Die
540 3580 1588 3635 hondelnden Personen sind Typen à la fin de siècle. Die
537 3606 1591 3668 Charakterzeichnungen sind entschieden gut, das Ganze ist
548 3652 984 3711 wirklich ein Sück Leben.
595 3681 1590 3732 Das Schanspiel „Liebelei“, dessen treffliche Ueber¬
527 3734 1594 3779 tragung ins Böhmische, wie bereits Eingangs erwäbnt, von
549 3768 1596 3823 Jos. Fr. Javürek herrührt, fand gestern seitens des vollen
527 3809 1585 3857 Hauses eine sehr freundliche Aufnahme. Die Darsteller waren
538 3842 1592 3900 den hohen Anforderungen, welche dieses vortreffliche und
529 3863 1581 3943 außerordentlich spannende Stück an dieselben stellt, vollkom¬
535 3925 1583 3967 men gewachsen und ernteten reichlichen Beifall. Den aus¬
534 3947 1594 4019 führlichen Bericht über die Aufführung bringen wir im heu¬
520 3995 1008 4062 tigen „Prager Abendblatt“.
1827 1640 2846 1728 Jtahnen Deue 76 76 (keLig.
1919 1781 2774 1845 * 2 Narodniho divadla. Vbereiti novinka
1793 1820 2767 1886 pfiväbila valné mnozstvi premiérowého obecenstva.
1800 1875 2761 1945 Bylf provozován opét plod Moderny, jei éim däle
1803 1923 2770 1986 tim vice ziskává si püdy, budajic na troskách
1816 1952 2770 2007 starycn tradio novy paläc uméni, a predvädéjie
1816 2000 2766 2044 misto smyslenky pravdu, misto idedla ekuteönh
1808 2041 2766 2079 zivot. V einohre, Arthura Schnitslere „Milko¬
1825 2067 2763 2113 äni“, prelokené velice sprävné od Jos. Fr. Ja¬
1825 2101 2771 2157 vürka, vystupujf tyto vyznaöné ryey svlästé püso¬
1828 2139 2774 2197 bivon mérou. Hlavnf tézisko osudu hry spodivá na
1810 2183 2773 2228 hereich, jimz nutno zrici se dablonovitého pathoen
1816 2229 2767 2272 achräti zcela prirozené, aby esoby, jes predstavaji,
1814 2260 2762 2311 byly jako v Zivoté z masa a kosti a ne jako zjevy
1824 2297 2764 2351 zgmych sfer. V ohledu tom tuäf'se nabi umölel,
1828 2335 2770 2389 sec eily jich stadi. Zvlasté mledél pochopuji svüy
1822 2365 2780 2424 nesbadny ukol uspokojivé. Dekäsalyf toho vöera
1823 2404 2759 2459 pfedevéim pi. Kvapilová v ülose Krietiny a sl.
1831 2445 2778 2497 Velsová v uloze modistky Mici; k nim druzili
1816 2481 2778 2542 se öestné pan Sedläcek i pan Vojan. Celkové
1821 2525 2776 2585 soulra prece väak nebyla taková, jak bychom si
1827 2555 2766 2604 ji präl; na nékterych mistech nutno bräti
1817 2602 2601 2641 ziwssim tempem, k demusoriemeb¬
1818 2645 2782 2691 dobie ulohy napamét. Dé) „Milkovani“ jest velice
1820 2671 2778 2714 jednoduchy. Dva mladi svibéci, student: Bedrich
1817 2708 2766 2756 Lobheimer (p. Vojan) a Theodor Kaiser (p. Sed¬
1823 2757 2763 2799 lädek) stykaji se düvérné s divkami Kristinon (pf.
1815 2781 2766 2828 Kvapilová) a Mici (el. Velsovä). Kdesto Miei po¬
1818 2824 2775 2879 vazuje väe jen zà pouhon zäbavu, samilnje se
1823 2865 2778 2912 Kristina läskou väsnivon do Bodriche, netußic, ze
1824 2903 2776 2955 milenec jeji mä pomèr s ienon vdanon. Klamany
1817 2932 2777 2981 manzel dovi se väak vöe a uemrti Bedrichav
1820 2979 2755 3029 souboji. Kristina v zoufalstvi opowätt domov, aby s
1823 3014 2773 3060 miläckem rozloudila se na jeho hrobé. Osud geji
1818 3060 2769 3107 ponechán diváku k rozlusténi. Obecenstvo prijalo
1812 3092 2766 3147 novinku vrele, s patrnou zälibon. Druhé predeta¬
1823 3127 2616 3189 veni bude zajisté jeêté zdarilejéf pryniho.
1967 3459 2587 3543 ager Venta4
2594 3466 2886 3543 10 %0
2019 3611 2893 3676 ** Vom böhmischen Landestheater. Der
1946 3666 2896 3705 morgige Abend bringt uns wieder eine Novität: Ar¬
1943 3700 2901 3739 thur Schnitzler's dreiactiges Schauspiel „Lie¬
1947 3739 2892 3801 belei“ (Milkováni). Das Stück ist eine Talentprobe.
1931 3775 2892 3812 die nichts gemein hat mit den unzäbligen Jamben¬
1940 3815 2894 3854 tragödien, in denen „die verlassene Ariadne“ und ver¬
1937 3854 2887 3893 wandte Motive mit eingelegten Arien entstellt werden.
1931 3896 2882 3944 Jeder dramtische Stoff, den sich ein Bühnendichter zur
1931 3909 2883 3984 Behandlung zurechtlegt, biegt in sich eine geheime
1938 3963 2892 4024 Logik, die einer Vergewaltigung widerstrebt. Der
1934 4005 2895 4048 Grundton bei den Voraussetzungen und den ersten
1931 4040 2884 4086 Elementen der Handlung muß auch das ganze Büh¬
1929 4077 2885 4134 nenwerk beherrichen. Wo dies nicht der Fall, offenbart
