<?xml version="1.0" encoding="UTF-8" standalone="yes"?>
<PcGts xmlns="http://schema.primaresearch.org/PAGE/gts/pagecontent/2013-07-15" xmlns:xsi="http://www.w3.org/2001/XMLSchema-instance" xsi:schemaLocation="http://schema.primaresearch.org/PAGE/gts/pagecontent/2013-07-15 http://schema.primaresearch.org/PAGE/gts/pagecontent/2013-07-15/pagecontent.xsd">
    <Metadata>
        <Creator>prov=University of Rostock/Institute of Mathematics/CITlab/Gundram Leifert/gundram.leifert@uni-rostock.de:name=ONB_Newseye_GT_M1+(htr_id=10810)::::v=2.4.2
prov=University of Rostock/Institute of Mathematics/CITlab/Tobias Gruening/tobias.gruening@uni-rostock.de:name=de.uros.citlab.module.baseline2polygon.B2PSeamMultiOriented:v=2.4.2
prov=University of Rostock/Institute of Mathematics/CITlab/Tobias Gruening/tobias.gruening@uni-rostock.de:name=/mnt/transkribus/LA/DEA/URO/LA_news_onb_att.pb:de.uros.citlab.segmentation.CITlab_LA_ML:v=2.4.2
Transkribus</Creator>
        <Created>2019-10-07T12:00:45.007+02:00</Created>
        <LastChange>2019-10-09T15:44:15.437+02:00</LastChange>
        <TranskribusMetadata docId="223992" pageId="9509534" pageNr="1435" tsid="16674168" status="IN_PROGRESS" userId="40391" imgUrl="https://files.transkribus.eu/Get?id=CLYXAOWBTYRJHHECDIWXTPMN&amp;fileType=view" xmlUrl="https://files.transkribus.eu/Get?id=PMGXFQBDYVWSIBHWYNMVNTJN" imageId="6198330"/>
    </Metadata>
    <Page imageFilename="223992_1435.jpeg" imageWidth="3484" imageHeight="4224">
        <ReadingOrder>
            <OrderedGroup id="ro_1711446301911" caption="Regions reading order">
                <RegionRefIndexed index="0" regionRef="r1"/>
                <RegionRefIndexed index="1" regionRef="r2"/>
                <RegionRefIndexed index="2" regionRef="r3"/>
            </OrderedGroup>
        </ReadingOrder>
        <TextRegion orientation="0.0" id="r1" custom="readingOrder {index:0;}">
            <Coords points="282,183 282,243 698,243 698,183"/>
            <TextLine id="r1l1" custom="readingOrder {index:0;}">
                <Coords points="328,214 682,216 694,211 695,144 645,143 615,168 559,146 532,170 501,148 446,149 416,167 378,143 328,144"/>
                <Baseline points="335,204 360,204 385,203 410,203 435,203 461,203 486,204 511,204 536,204 561,204 587,205 612,205 637,205 662,205 688,205"/>
                <TextEquiv>
                    <Unicode>iebelei</Unicode>
                </TextEquiv>
            </TextLine>
            <TextLine id="r1l2" custom="readingOrder {index:1;}">
                <Coords points="275,237 311,235 355,258 392,246 458,259 478,244 561,240 592,251 649,236 704,246 705,213 276,197"/>
                <Baseline points="282,221 308,223 334,225 360,226 386,227 412,229 438,229 464,229 490,230 516,230 542,230 568,230 594,231 620,231 646,231 672,232 698,233"/>
                <TextEquiv>
                    <Unicode>unen ene ene eneenen enen en</Unicode>
                </TextEquiv>
            </TextLine>
            <TextEquiv>
                <Unicode>iebelei
unen ene ene eneenen enen en</Unicode>
            </TextEquiv>
        </TextRegion>
        <TextRegion orientation="0.0" id="r2" custom="readingOrder {index:1;}">
            <Coords points="840,109 840,266 1276,266 1276,109"/>
            <TextLine id="r2l1" custom="readingOrder {index:0;}">
                <Coords points="834,197 889,224 922,213 1074,233 1119,221 1147,234 1184,218 1227,235 1283,211 1283,176 1219,153 1088,148 1022,179 901,149 834,163"/>
                <Baseline points="840,209 865,209 891,209 916,210 942,210 968,211 993,212 1019,213 1045,214 1070,215 1096,216 1122,216 1147,216 1173,216 1199,215 1224,214 1250,212 1276,209"/>
                <TextEquiv>
                    <Unicode>box 12/8</Unicode>
                </TextEquiv>
            </TextLine>
            <TextEquiv>
                <Unicode>box 12/8</Unicode>
            </TextEquiv>
        </TextRegion>
        <TextRegion orientation="0.0" id="r3" custom="readingOrder {index:2;}">
            <Coords points="1408,594 1408,3859 2522,3859 2522,594"/>
            <TextLine id="r3l1" custom="readingOrder {index:0;}">
                <Coords points="1500,628 1549,631 1581,615 1613,638 1648,623 1742,638 1917,635 1918,598 1897,587 1800,589 1745,554 1701,550 1655,577 1615,566 1581,590 1502,575"/>
                <Baseline points="1508,618 1533,619 1558,620 1583,620 1608,621 1633,622 1658,623 1683,623 1709,624 1734,625 1759,626 1784,627 1809,628 1834,630 1859,631 1884,633 1910,635"/>
                <TextEquiv>
                    <Unicode>vastan.</Unicode>
                </TextEquiv>
            </TextLine>
            <TextLine id="r3l2" custom="readingOrder {index:1;}">
                <Coords points="1449,742 2528,749 2421,699 1449,703"/>
                <Baseline points="1456,740 1509,741 1562,743 1615,744 1669,745 1722,746 1775,747 1829,748 1882,749 1935,749 1989,750 2042,750 2095,751 2148,751 2202,751 2255,752 2308,752 2362,753 2415,753 2468,754 2522,754"/>
                <TextEquiv>
                    <Unicode>Donau-Zeitung. Dienstag, den 21. Nov. 1922.</Unicode>
                </TextEquiv>
            </TextLine>
            <TextLine id="r3l3" custom="readingOrder {index:2;}">
                <Coords points="1419,810 2454,847 2523,818 2481,782 1420,775"/>
                <Baseline points="1426,812 1480,815 1535,817 1589,820 1644,821 1698,823 1753,824 1807,825 1862,826 1916,827 1971,828 2025,828 2080,828 2134,828 2189,828 2243,828 2298,828 2352,827 2407,827 2461,826 2516,825"/>
                <TextEquiv>
                    <Unicode>bestimmt, verabreicht. Das Bier würde für diese</Unicode>
                </TextEquiv>
            </TextLine>
            <TextLine id="r3l4" custom="readingOrder {index:3;}">
                <Coords points="1434,870 2437,895 2519,884 2520,817 2349,852 1435,831"/>
                <Baseline points="1441,868 1494,869 1548,871 1601,872 1655,873 1708,874 1762,875 1815,875 1869,876 1922,877 1976,877 2030,877 2083,878 2137,878 2190,878 2244,878 2297,878 2351,878 2404,878 2458,877 2512,877"/>
                <TextEquiv>
                    <Unicode>Insassen jetzt fast 2,5 Mill. Mark im Jahre kosten.</Unicode>
                </TextEquiv>
            </TextLine>
            <TextLine id="r3l5" custom="readingOrder {index:4;}">
                <Coords points="1561,920 2516,934 2516,881 2115,881 2034,909 1951,877 1561,884"/>
                <Baseline points="1568,919 1615,920 1662,922 1709,923 1756,924 1803,925 1850,926 1897,927 1944,928 1991,928 2038,929 2085,929 2132,929 2179,930 2226,930 2273,930 2320,929 2367,929 2414,929 2461,929 2509,928"/>
                <TextEquiv>
                    <Unicode>Landshut, 20. Nov. (Se. Eminenz Kar¬</Unicode>
                </TextEquiv>
            </TextLine>
            <TextLine id="r3l6" custom="readingOrder {index:5;}">
                <Coords points="1423,991 2524,976 2488,933 1646,950 1423,913"/>
                <Baseline points="1430,966 1484,967 1538,968 1593,969 1647,970 1701,971 1756,972 1810,974 1864,975 1919,976 1973,976 2027,977 2082,978 2136,978 2190,979 2245,979 2299,978 2353,978 2408,977 2462,976 2517,975"/>
                <TextEquiv>
                    <Unicode>dinal Dr. v. Faulhaber) ist am Freitag hier ein¬</Unicode>
                </TextEquiv>
            </TextLine>
            <TextLine id="r3l7" custom="readingOrder {index:6;}">
                <Coords points="1421,1040 2462,1045 2518,1038 2519,976 1422,973"/>
                <Baseline points="1428,1023 1482,1022 1536,1021 1590,1020 1644,1021 1699,1021 1753,1022 1807,1023 1861,1024 1915,1025 1970,1026 2024,1028 2078,1029 2132,1029 2186,1030 2241,1030 2295,1030 2349,1029 2403,1028 2457,1026 2512,1024"/>
                <TextEquiv>
                    <Unicode>getroffen. Der Besuch Sr. Eminenz galt der</Unicode>
                </TextEquiv>
            </TextLine>
            <TextLine id="r3l8" custom="readingOrder {index:7;}">
                <Coords points="1432,1073 2415,1097 2527,1087 2528,1036 1432,1037"/>
                <Baseline points="1438,1066 1492,1068 1546,1069 1600,1070 1654,1071 1708,1073 1762,1073 1816,1074 1870,1075 1924,1075 1979,1076 2033,1076 2087,1076 2141,1076 2195,1076 2249,1076 2303,1076 2357,1076 2411,1076 2465,1076 2520,1076"/>
                <TextEquiv>
                    <Unicode>durch den Umbau des Loretokirchleins bedingten</Unicode>
                </TextEquiv>
            </TextLine>
            <TextLine id="r3l9" custom="readingOrder {index:8;}">
                <Coords points="1429,1129 1888,1147 2114,1115 2321,1151 2495,1134 2513,1086 1429,1077"/>
                <Baseline points="1436,1113 1489,1115 1542,1117 1596,1119 1649,1120 1703,1121 1756,1123 1810,1124 1863,1125 1917,1126 1970,1127 2023,1127 2077,1128 2130,1128 2184,1128 2237,1128 2291,1128 2344,1128 2398,1128 2451,1127 2505,1126"/>
                <TextEquiv>
                    <Unicode>Altarkonsekration, ferner der Einweihung der</Unicode>
                </TextEquiv>
            </TextLine>
            <TextLine id="r3l10" custom="readingOrder {index:9;}">
                <Coords points="1423,1159 1480,1182 1615,1176 1646,1208 1884,1210 1885,1140 1843,1122 1818,1138 1760,1127 1739,1141 1700,1121 1423,1128"/>
                <Baseline points="1429,1172 1455,1170 1481,1170 1508,1169 1534,1169 1561,1169 1587,1169 1613,1170 1640,1171 1666,1171 1693,1173 1719,1174 1745,1174 1772,1175 1798,1175 1825,1175 1851,1174 1878,1173"/>
                <TextEquiv>
                    <Unicode>PfarrkirchAchdorf.</Unicode>
                </TextEquiv>
            </TextLine>
            <TextLine id="r3l11" custom="readingOrder {index:10;}">
                <Coords points="1684,1269 1927,1291 1980,1272 2062,1290 2259,1275 2259,1230 2162,1212 2121,1228 2042,1209 1684,1221"/>
                <Baseline points="1691,1266 1719,1267 1747,1269 1775,1269 1803,1270 1831,1271 1859,1272 1887,1272 1915,1273 1943,1273 1971,1273 1999,1273 2027,1273 2055,1273 2083,1273 2111,1272 2139,1272 2167,1272 2195,1271 2223,1271 2252,1270"/>
                <TextEquiv>
                    <Unicode>Musik und Theater.</Unicode>
                </TextEquiv>
            </TextLine>
            <TextLine id="r3l12" custom="readingOrder {index:11;}">
                <Coords points="1432,1313 1678,1345 2439,1320 2521,1361 2522,1301 2465,1277 2196,1280 2150,1314 1980,1271 1884,1317 1699,1264 1433,1257"/>
                <Baseline points="1439,1302 1492,1310 1546,1317 1600,1322 1654,1326 1708,1329 1761,1331 1815,1333 1869,1334 1923,1334 1977,1334 2030,1334 2084,1333 2138,1333 2192,1332 2246,1332 2299,1332 2353,1332 2407,1333 2461,1335 2515,1337"/>
                <TextEquiv>
                    <Unicode>8. Staditheater. „Liebelei“, Schauspiel in</Unicode>
                </TextEquiv>
            </TextLine>
            <TextLine id="r3l13" custom="readingOrder {index:12;}">
                <Coords points="1430,1375 2445,1397 2522,1387 2523,1357 1430,1328"/>
                <Baseline points="1436,1372 1490,1374 1544,1375 1598,1376 1652,1377 1706,1377 1760,1378 1814,1378 1868,1378 1922,1378 1976,1378 2030,1378 2084,1378 2138,1379 2192,1379 2246,1380 2300,1380 2354,1381 2408,1383 2462,1385 2516,1387"/>
                <TextEquiv>
                    <Unicode>drei Akten von Artur Schnitzler. — Ich liebe sie,</Unicode>
                </TextEquiv>
            </TextLine>
            <TextLine id="r3l14" custom="readingOrder {index:13;}">
                <Coords points="1429,1428 2515,1443 2506,1384 1429,1375"/>
                <Baseline points="1435,1423 1488,1425 1542,1426 1595,1427 1649,1427 1703,1427 1756,1428 1810,1428 1864,1428 1917,1428 1971,1428 2025,1428 2078,1428 2132,1428 2186,1428 2239,1429 2293,1430 2347,1431 2400,1432 2454,1434 2508,1436"/>
                <TextEquiv>
                    <Unicode>diese herb=süße Tragödie aus dem Alltagsleben,</Unicode>
                </TextEquiv>
            </TextLine>
            <TextLine id="r3l15" custom="readingOrder {index:14;}">
                <Coords points="1435,1488 2510,1501 2473,1438 1435,1425"/>
                <Baseline points="1442,1475 1495,1475 1548,1476 1601,1476 1654,1476 1707,1477 1760,1477 1813,1477 1866,1478 1919,1478 1972,1478 2025,1479 2078,1479 2131,1479 2184,1479 2237,1480 2290,1480 2343,1481 2396,1481 2449,1482 2503,1482"/>
                <TextEquiv>
                    <Unicode>geschrieben in der Sprache des Alltags und doch</Unicode>
                </TextEquiv>
            </TextLine>
            <TextLine id="r3l16" custom="readingOrder {index:15;}">
                <Coords points="1459,1523 2390,1549 2523,1524 2458,1484 1459,1488"/>
                <Baseline points="1466,1524 1518,1525 1571,1526 1623,1526 1676,1526 1728,1527 1781,1527 1833,1527 1886,1528 1938,1528 1991,1528 2043,1528 2096,1529 2148,1529 2201,1529 2253,1529 2306,1530 2358,1530 2411,1530 2463,1531 2516,1531"/>
                <TextEquiv>
                    <Unicode>umwoben vom Zauber echter Poesie. Ein rasch</Unicode>
                </TextEquiv>
            </TextLine>
            <TextLine id="r3l17" custom="readingOrder {index:16;}">
                <Coords points="1432,1599 1490,1570 2521,1598 2521,1527 2087,1522 2043,1556 1433,1528"/>
                <Baseline points="1439,1575 1492,1574 1546,1574 1600,1574 1654,1574 1707,1575 1761,1575 1815,1575 1869,1576 1922,1576 1976,1577 2030,1577 2084,1578 2137,1578 2191,1578 2245,1578 2299,1578 2352,1578 2406,1577 2460,1577 2514,1575"/>
                <TextEquiv>
                    <Unicode>forteilender Dialog wie im „Anatol“, eine glän¬</Unicode>
                </TextEquiv>
            </TextLine>
            <TextLine id="r3l18" custom="readingOrder {index:17;}">
                <Coords points="1429,1647 1579,1613 1701,1643 2521,1619 2364,1577 1430,1595"/>
                <Baseline points="1436,1623 1489,1623 1543,1622 1597,1622 1651,1622 1705,1623 1759,1623 1813,1623 1867,1624 1921,1624 1975,1625 2028,1625 2082,1626 2136,1626 2190,1627 2244,1628 2298,1628 2352,1629 2406,1629 2460,1630 2514,1630"/>
                <TextEquiv>
                    <Unicode>zende Schilderung der Umwelt verbindet sich mit</Unicode>
                </TextEquiv>
            </TextLine>
            <TextLine id="r3l19" custom="readingOrder {index:18;}">
                <Coords points="1433,1674 2455,1681 2502,1712 2524,1614 2432,1645 1578,1613 1433,1639"/>
                <Baseline points="1440,1670 1493,1670 1547,1670 1601,1670 1655,1671 1709,1671 1762,1672 1816,1673 1870,1673 1924,1674 1978,1675 2031,1676 2085,1676 2139,1677 2193,1678 2247,1678 2300,1679 2354,1679 2408,1679 2462,1679 2516,1679"/>
                <TextEquiv>
                    <Unicode>einer klaren und einfachen Handlung und steigert</Unicode>
                </TextEquiv>
            </TextLine>
            <TextLine id="r3l20" custom="readingOrder {index:19;}">
                <Coords points="1425,1727 2517,1753 2517,1709 2453,1682 1426,1669"/>
                <Baseline points="1432,1715 1485,1716 1539,1717 1593,1718 1647,1719 1701,1720 1755,1720 1809,1721 1863,1722 1917,1723 1971,1723 2024,1724 2078,1725 2132,1726 2186,1727 2240,1727 2294,1728 2348,1729 2402,1730 2456,1731 2510,1732"/>
                <TextEquiv>
                    <Unicode>sich zu erschütternden dramatischen Akzenten. Ja,</Unicode>
                </TextEquiv>
            </TextLine>
            <TextLine id="r3l21" custom="readingOrder {index:20;}">
                <Coords points="1425,1767 2519,1773 2394,1728 1425,1732"/>
                <Baseline points="1432,1766 1486,1766 1540,1766 1594,1766 1648,1767 1702,1768 1756,1768 1810,1769 1864,1770 1918,1771 1972,1772 2026,1773 2080,1773 2134,1774 2188,1775 2242,1775 2296,1776 2350,1776 2404,1776 2458,1776 2512,1776"/>
                <TextEquiv>
                    <Unicode>ich liebe dieses Gemälde aus Alltag und Poesie,</Unicode>
                </TextEquiv>
            </TextLine>
            <TextLine id="r3l22" custom="readingOrder {index:21;}">
                <Coords points="1422,1807 2433,1841 2517,1808 1423,1768"/>
                <Baseline points="1429,1815 1483,1815 1537,1816 1591,1816 1645,1817 1699,1818 1753,1819 1807,1819 1861,1820 1915,1821 1969,1822 2023,1823 2077,1824 2131,1824 2185,1825 2239,1825 2293,1825 2347,1824 2401,1824 2455,1823 2510,1822"/>
                <TextEquiv>
                    <Unicode>das ein Dichter so unnachahmlich schön uns ge¬</Unicode>
                </TextEquiv>
            </TextLine>
            <TextLine id="r3l23" custom="readingOrder {index:22;}">
                <Coords points="1437,1868 2482,1891 2522,1837 1437,1825"/>
                <Baseline points="1444,1864 1497,1865 1551,1866 1604,1867 1658,1868 1711,1869 1765,1870 1818,1870 1872,1870 1925,1871 1979,1871 2032,1871 2086,1871 2139,1872 2193,1872 2246,1872 2300,1873 2353,1873 2407,1874 2460,1874 2514,1875"/>
                <TextEquiv>
                    <Unicode>malt hat, und es hat noch jede gute Darstellung</Unicode>
                </TextEquiv>
            </TextLine>
            <TextLine id="r3l24" custom="readingOrder {index:23;}">
                <Coords points="1433,1914 2382,1938 2523,1911 2524,1874 1433,1866"/>
                <Baseline points="1440,1915 1493,1915 1547,1916 1601,1916 1655,1917 1709,1917 1763,1917 1816,1918 1870,1918 1924,1919 1978,1919 2032,1920 2086,1920 2140,1921 2193,1922 2247,1922 2301,1923 2355,1923 2409,1924 2463,1924 2517,1925"/>
                <TextEquiv>
                    <Unicode>dieses Dramas mich von seinem die Zeiten über¬</Unicode>
                </TextEquiv>
            </TextLine>
            <TextLine id="r3l25" custom="readingOrder {index:24;}">
                <Coords points="1422,1963 2424,1994 2521,1980 2522,1931 1422,1915"/>
                <Baseline points="1429,1966 1483,1965 1537,1964 1591,1964 1646,1965 1700,1965 1754,1966 1809,1966 1863,1967 1917,1968 1972,1969 2026,1970 2080,1971 2134,1972 2189,1972 2243,1973 2297,1973 2352,1973 2406,1972 2460,1971 2515,1970"/>
                <TextEquiv>
                    <Unicode>dauernden Werte überzeugt. — Die Sonntags¬</Unicode>
                </TextEquiv>
            </TextLine>
            <TextLine id="r3l26" custom="readingOrder {index:25;}">
                <Coords points="1427,2021 2523,2027 2523,1991 2463,1976 1428,1972"/>
                <Baseline points="1434,2017 1488,2016 1542,2016 1596,2016 1650,2016 1704,2016 1758,2016 1812,2017 1866,2017 1920,2018 1975,2018 2029,2019 2083,2020 2137,2020 2191,2021 2245,2021 2299,2021 2353,2021 2407,2021 2461,2021 2516,2020"/>
                <TextEquiv>
                    <Unicode>aufführung war ein neuer Beweis von der Treff¬</Unicode>
                </TextEquiv>
            </TextLine>
            <TextLine id="r3l27" custom="readingOrder {index:26;}">
                <Coords points="1433,2071 2328,2088 2520,2048 2360,2019 2261,2051 1434,2021"/>
                <Baseline points="1440,2062 1493,2063 1547,2063 1600,2064 1654,2064 1708,2065 1761,2065 1815,2066 1869,2067 1922,2068 1976,2068 2030,2069 2083,2070 2137,2070 2191,2071 2244,2072 2298,2072 2352,2072 2405,2073 2459,2073 2513,2073"/>
                <TextEquiv>
                    <Unicode>lichkeit unseres Schauspielpersonals. Glänzend</Unicode>
                </TextEquiv>
            </TextLine>
            <TextLine id="r3l28" custom="readingOrder {index:27;}">
                <Coords points="1423,2102 2495,2149 2509,2070 2315,2099 2266,2067 1423,2068"/>
                <Baseline points="1429,2111 1482,2112 1536,2112 1589,2113 1643,2113 1697,2114 1750,2115 1804,2115 1858,2116 1911,2116 1965,2117 2019,2118 2072,2119 2126,2119 2180,2120 2233,2120 2287,2121 2341,2121 2394,2121 2448,2122 2502,2122"/>
                <TextEquiv>
                    <Unicode>von Arnold Weiß-Rüthel in Szene gesetzt, war die</Unicode>
                </TextEquiv>
            </TextLine>
            <TextLine id="r3l29" custom="readingOrder {index:28;}">
                <Coords points="1426,2158 2523,2185 2523,2152 2428,2125 1426,2135"/>
                <Baseline points="1433,2161 1487,2162 1541,2163 1595,2164 1649,2165 1703,2166 1757,2166 1812,2167 1866,2168 1920,2168 1974,2169 2028,2169 2082,2170 2136,2170 2191,2171 2245,2171 2299,2172 2353,2172 2407,2173 2461,2173 2516,2173"/>
                <TextEquiv>
                    <Unicode>Vorstellung wie aus einem Gusse. Alle Rollen</Unicode>
                </TextEquiv>
            </TextLine>
            <TextLine id="r3l30" custom="readingOrder {index:29;}">
                <Coords points="1435,2213 2507,2225 2507,2186 2311,2167 1435,2162"/>
                <Baseline points="1441,2211 1496,2212 1552,2213 1608,2214 1663,2214 1719,2215 1775,2216 1831,2216 1886,2216 1942,2217 1998,2217 2054,2217 2109,2217 2165,2218 2221,2218 2277,2218 2332,2218 2388,2219 2444,2219 2500,2219"/>
                <TextEquiv>
                    <Unicode>waren in den richtigen Händen; auch der Dialekt</Unicode>
                </TextEquiv>
            </TextLine>
            <TextLine id="r3l31" custom="readingOrder {index:30;}">
                <Coords points="1431,2263 2361,2264 2506,2294 2506,2226 2422,2220 1431,2223"/>
                <Baseline points="1438,2261 1491,2263 1544,2264 1597,2264 1650,2265 1703,2265 1756,2266 1809,2266 1862,2266 1915,2266 1968,2266 2021,2266 2074,2266 2127,2266 2180,2266 2233,2266 2286,2266 2339,2267 2392,2267 2445,2268 2499,2269"/>
                <TextEquiv>
                    <Unicode>bereitete den meisten Darstellern keine allzu</Unicode>
                </TextEquiv>
            </TextLine>
            <TextLine id="r3l32" custom="readingOrder {index:31;}">
                <Coords points="1418,2315 1861,2332 2059,2295 2110,2327 2439,2334 2507,2320 2508,2284 1419,2269"/>
                <Baseline points="1425,2313 1478,2313 1532,2313 1586,2313 1640,2313 1693,2313 1747,2314 1801,2314 1855,2315 1908,2315 1962,2316 2016,2316 2070,2317 2123,2317 2177,2318 2231,2318 2285,2318 2338,2318 2392,2318 2446,2318 2500,2318"/>
                <TextEquiv>
                    <Unicode>großen Schwierigkeiten. Jenny Niemecks</Unicode>
                </TextEquiv>
            </TextLine>
            <TextLine id="r3l33" custom="readingOrder {index:32;}">
                <Coords points="1433,2367 1769,2384 1895,2348 1938,2381 2306,2383 2497,2362 2498,2324 1433,2325"/>
                <Baseline points="1440,2360 1492,2360 1545,2360 1597,2361 1650,2361 1702,2361 1755,2362 1807,2362 1860,2363 1912,2363 1965,2364 2017,2364 2070,2365 2122,2365 2175,2366 2227,2366 2280,2366 2332,2366 2385,2366 2437,2366 2490,2365"/>
                <TextEquiv>
                    <Unicode>Strumpfwirkersfrau hätte etwas „ordinärer“</Unicode>
                </TextEquiv>
            </TextLine>
            <TextLine id="r3l34" custom="readingOrder {index:33;}">
                <Coords points="1420,2415 2369,2414 2526,2449 2527,2348 2437,2386 1420,2365"/>
                <Baseline points="1427,2408 1481,2409 1536,2410 1590,2411 1645,2412 1700,2413 1754,2413 1809,2414 1863,2414 1918,2415 1973,2415 2027,2415 2082,2415 2136,2416 2191,2416 2246,2416 2300,2417 2355,2417 2409,2418 2464,2418 2519,2419"/>
                <TextEquiv>
                    <Unicode>sprechen dürfen als Frau aus dem Volke. Sonst</Unicode>
                </TextEquiv>
            </TextLine>
            <TextLine id="r3l35" custom="readingOrder {index:34;}">
                <Coords points="1422,2456 2498,2488 2514,2441 1422,2428"/>
                <Baseline points="1428,2456 1484,2457 1541,2458 1598,2459 1655,2460 1711,2461 1768,2462 1825,2463 1882,2464 1939,2465 1995,2466 2052,2467 2109,2467 2166,2468 2223,2468 2279,2468 2336,2468 2393,2467 2450,2467 2507,2466"/>
                <TextEquiv>
                    <Unicode>blieb auch an ihrer Leistung nichts zu tabeln</Unicode>
                </TextEquiv>
            </TextLine>
            <TextLine id="r3l36" custom="readingOrder {index:35;}">
                <Coords points="1428,2525 2516,2532 2516,2479 2459,2469 1429,2466"/>
                <Baseline points="1435,2508 1488,2508 1542,2508 1596,2508 1649,2509 1703,2509 1757,2510 1810,2510 1864,2511 1918,2511 1972,2512 2025,2513 2079,2513 2133,2514 2186,2514 2240,2514 2294,2514 2347,2514 2401,2514 2455,2513 2509,2512"/>
                <TextEquiv>
                    <Unicode>übrig. Sehr angenehm war ich von der talent¬</Unicode>
                </TextEquiv>
            </TextLine>
            <TextLine id="r3l37" custom="readingOrder {index:36;}">
                <Coords points="1426,2555 2513,2584 2513,2532 2453,2518 1426,2525"/>
                <Baseline points="1433,2559 1486,2558 1540,2558 1593,2558 1647,2558 1701,2559 1754,2560 1808,2560 1862,2561 1915,2562 1969,2563 2023,2564 2076,2565 2130,2565 2184,2566 2237,2566 2291,2566 2345,2566 2398,2565 2452,2564 2506,2563"/>
                <TextEquiv>
                    <Unicode>vollen Wiedergabe der Hauptrolle durch Jose¬</Unicode>
                </TextEquiv>
            </TextLine>
            <TextLine id="r3l38" custom="readingOrder {index:37;}">
                <Coords points="1446,2618 2514,2633 2515,2584 1446,2573"/>
                <Baseline points="1453,2608 1505,2608 1558,2607 1611,2607 1663,2608 1716,2608 1769,2609 1821,2609 1874,2610 1927,2611 1980,2612 2032,2613 2085,2614 2138,2614 2190,2615 2243,2616 2296,2616 2348,2616 2401,2616 2454,2615 2507,2614"/>
                <TextEquiv>
                    <Unicode>phine Wessely überrascht. Fern von allem thea¬</Unicode>
                </TextEquiv>
            </TextLine>
            <TextLine id="r3l39" custom="readingOrder {index:38;}">
                <Coords points="1448,2660 2506,2676 2507,2629 1448,2617"/>
                <Baseline points="1454,2655 1506,2656 1558,2656 1610,2657 1663,2658 1715,2659 1767,2659 1820,2660 1872,2660 1924,2661 1977,2661 2029,2662 2081,2662 2133,2663 2186,2664 2238,2664 2290,2664 2343,2665 2395,2665 2447,2666 2500,2666"/>
                <TextEquiv>
                    <Unicode>tralischen Pathos, wozu sie die Höhepunkte im</Unicode>
                </TextEquiv>
            </TextLine>
            <TextLine id="r3l40" custom="readingOrder {index:39;}">
                <Coords points="1416,2709 2502,2726 2452,2668 1416,2658"/>
                <Baseline points="1423,2702 1476,2703 1530,2704 1583,2705 1637,2706 1691,2707 1744,2708 1798,2709 1851,2709 1905,2710 1959,2711 2012,2711 2066,2712 2119,2712 2173,2713 2227,2713 2280,2714 2334,2714 2387,2714 2441,2714 2495,2714"/>
                <TextEquiv>
                    <Unicode>Schlußakte leicht hätten verführen können, gab sie</Unicode>
                </TextEquiv>
            </TextLine>
            <TextLine id="r3l41" custom="readingOrder {index:40;}">
                <Coords points="1413,2761 2420,2767 2496,2797 2513,2734 1864,2712 1763,2745 1584,2710 1529,2741 1413,2711"/>
                <Baseline points="1419,2755 1473,2755 1527,2755 1581,2756 1636,2756 1690,2756 1744,2757 1799,2757 1853,2757 1907,2758 1962,2759 2016,2759 2070,2760 2124,2761 2179,2762 2233,2763 2287,2764 2342,2765 2396,2766 2450,2767 2505,2769"/>
                <TextEquiv>
                    <Unicode>die „Christine, diese rührende Mädchengestalt,</Unicode>
                </TextEquiv>
            </TextLine>
            <TextLine id="r3l42" custom="readingOrder {index:41;}">
                <Coords points="1413,2800 2503,2832 2504,2795 2422,2767 2353,2801 2310,2765 1414,2774"/>
                <Baseline points="1420,2807 1473,2807 1527,2806 1581,2806 1635,2806 1689,2807 1743,2807 1796,2807 1850,2808 1904,2808 1958,2809 2012,2810 2066,2810 2120,2811 2173,2811 2227,2812 2281,2812 2335,2812 2389,2812 2443,2812 2497,2812"/>
                <TextEquiv>
                    <Unicode>einfach, schlicht, mit warmer Herzlichkeit. Und</Unicode>
                </TextEquiv>
            </TextLine>
            <TextLine id="r3l43" custom="readingOrder {index:42;}">
                <Coords points="1425,2864 1891,2875 1939,2841 1988,2874 2369,2879 2505,2852 2395,2816 1426,2812"/>
                <Baseline points="1432,2855 1485,2855 1538,2855 1591,2856 1645,2856 1698,2857 1751,2857 1805,2858 1858,2858 1911,2859 1965,2859 2018,2860 2071,2860 2124,2860 2178,2861 2231,2861 2284,2862 2338,2862 2391,2862 2444,2862 2498,2863"/>
                <TextEquiv>
                    <Unicode>darum überzeugte sie. Sie war eine Tragödin</Unicode>
                </TextEquiv>
            </TextLine>
            <TextLine id="r3l44" custom="readingOrder {index:43;}">
                <Coords points="1413,2912 2267,2932 2504,2925 2505,2882 1413,2855"/>
                <Baseline points="1420,2902 1473,2903 1527,2904 1581,2905 1635,2906 1689,2906 1743,2907 1797,2907 1851,2908 1905,2908 1959,2908 2012,2908 2066,2908 2120,2908 2174,2908 2228,2908 2282,2909 2336,2909 2390,2910 2444,2910 2498,2911"/>
                <TextEquiv>
                    <Unicode>ohne die zur Schau getragene Pose und Routine</Unicode>
                </TextEquiv>
            </TextLine>
            <TextLine id="r3l45" custom="readingOrder {index:44;}">
                <Coords points="1406,2962 2396,2979 2508,2959 2509,2922 1406,2911"/>
                <Baseline points="1412,2955 1466,2955 1521,2955 1575,2955 1630,2955 1684,2955 1739,2956 1793,2957 1848,2957 1902,2958 1957,2959 2011,2960 2066,2960 2120,2961 2175,2961 2229,2962 2284,2962 2338,2961 2393,2961 2447,2960 2502,2959"/>
                <TextEquiv>
                    <Unicode>einer gefeierten Tragödin. Ich habe vor Jahren</Unicode>
                </TextEquiv>
            </TextLine>
            <TextLine id="r3l46" custom="readingOrder {index:45;}">
                <Coords points="1416,2999 2506,3031 2497,2956 2408,2983 1416,2962"/>
                <Baseline points="1422,3003 1475,3002 1529,3002 1583,3002 1637,3002 1691,3003 1745,3003 1798,3004 1852,3004 1906,3005 1960,3006 2014,3007 2068,3007 2122,3008 2175,3009 2229,3009 2283,3009 2337,3009 2391,3009 2445,3009 2499,3008"/>
                <TextEquiv>
                    <Unicode>in dieser Rolle einmal die berühmte Adele Sand¬</Unicode>
                </TextEquiv>
            </TextLine>
            <TextLine id="r3l47" custom="readingOrder {index:46;}">
                <Coords points="1414,3054 2507,3078 2484,3006 2183,3034 1414,3013"/>
                <Baseline points="1421,3052 1477,3052 1534,3053 1591,3054 1648,3054 1704,3055 1761,3055 1818,3056 1875,3056 1932,3057 1988,3057 2045,3058 2102,3058 2159,3058 2216,3059 2272,3059 2329,3059 2386,3059 2443,3059 2500,3059"/>
                <TextEquiv>
                    <Unicode>rock gesehen, und ich gestehe ruhig, daß sie den</Unicode>
                </TextEquiv>
            </TextLine>
            <TextLine id="r3l48" custom="readingOrder {index:47;}">
                <Coords points="1418,3111 2438,3128 2502,3119 2503,3071 1418,3067"/>
                <Baseline points="1425,3102 1478,3101 1532,3101 1585,3101 1639,3101 1692,3101 1746,3102 1799,3103 1853,3104 1906,3105 1960,3106 2014,3107 2067,3108 2121,3109 2174,3109 2228,3110 2281,3110 2335,3110 2388,3109 2442,3108 2496,3107"/>
                <TextEquiv>
                    <Unicode>Zauber, der von diesem süßen Wiener Musiker¬</Unicode>
                </TextEquiv>
            </TextLine>
            <TextLine id="r3l49" custom="readingOrder {index:48;}">
                <Coords points="1405,3151 2502,3156 2479,3112 1405,3116"/>
                <Baseline points="1412,3147 1466,3148 1520,3150 1574,3151 1628,3151 1682,3152 1736,3152 1791,3152 1845,3153 1899,3153 1953,3153 2007,3154 2061,3154 2115,3154 2170,3155 2224,3155 2278,3156 2332,3157 2386,3157 2440,3159 2495,3160"/>
                <TextEquiv>
                    <Unicode>mädel ausgehen soll, trotz hervorragendem</Unicode>
                </TextEquiv>
            </TextLine>
            <TextLine id="r3l50" custom="readingOrder {index:49;}">
                <Coords points="1411,3207 2506,3220 2507,3181 1411,3166"/>
                <Baseline points="1418,3194 1472,3195 1526,3196 1580,3198 1634,3199 1688,3200 1742,3200 1796,3201 1850,3202 1904,3203 1958,3203 2012,3204 2066,3204 2120,3205 2174,3206 2228,3207 2282,3207 2336,3208 2390,3209 2444,3210 2499,3211"/>
                <TextEquiv>
                    <Unicode>Spiele nicht so lebendig werden ließ, wie Frln.</Unicode>
                </TextEquiv>
            </TextLine>
            <TextLine id="r3l51" custom="readingOrder {index:50;}">
                <Coords points="1416,3265 2500,3258 2465,3209 1417,3214"/>
                <Baseline points="1424,3245 1477,3246 1530,3248 1584,3248 1637,3249 1691,3250 1744,3251 1798,3251 1851,3252 1905,3252 1958,3252 2011,3253 2065,3253 2118,3254 2172,3254 2225,3255 2279,3255 2332,3256 2386,3257 2439,3258 2493,3260"/>
                <TextEquiv>
                    <Unicode>Wessely. Auch nicht recht mehr konnte, weil ihr</Unicode>
                </TextEquiv>
            </TextLine>
            <TextLine id="r3l52" custom="readingOrder {index:51;}">
                <Coords points="1415,3295 2368,3325 2504,3292 2351,3259 1415,3265"/>
                <Baseline points="1421,3296 1474,3297 1528,3297 1582,3298 1636,3298 1690,3299 1743,3299 1797,3300 1851,3300 1905,3301 1959,3301 2012,3302 2066,3302 2120,3303 2174,3303 2228,3304 2281,3305 2335,3305 2389,3306 2443,3307 2497,3308"/>
                <TextEquiv>
                    <Unicode>die Illusion der Jugend fehlte. Vorzüglich in</Unicode>
                </TextEquiv>
            </TextLine>
            <TextLine id="r3l53" custom="readingOrder {index:52;}">
                <Coords points="1408,3361 2453,3366 2508,3348 2508,3304 1408,3313"/>
                <Baseline points="1414,3345 1468,3346 1522,3347 1577,3348 1631,3349 1685,3350 1740,3350 1794,3351 1848,3352 1903,3352 1957,3353 2011,3353 2066,3353 2120,3354 2174,3354 2229,3355 2283,3355 2337,3356 2392,3356 2446,3357 2501,3358"/>
                <TextEquiv>
                    <Unicode>Maske, Spiel und Ton war Ludwig Lejeune als</Unicode>
                </TextEquiv>
            </TextLine>
            <TextLine id="r3l54" custom="readingOrder {index:53;}">
                <Coords points="1420,3410 2494,3412 2494,3364 2398,3354 1420,3364"/>
                <Baseline points="1427,3398 1480,3399 1533,3399 1586,3400 1639,3400 1692,3401 1745,3401 1798,3401 1851,3402 1904,3402 1957,3402 2010,3402 2063,3403 2116,3403 2169,3403 2222,3404 2275,3404 2328,3404 2381,3405 2434,3406 2487,3407"/>
                <TextEquiv>
                    <Unicode>Christines Vater. So habe ich mir den Musiker</Unicode>
                </TextEquiv>
            </TextLine>
            <TextLine id="r3l55" custom="readingOrder {index:54;}">
                <Coords points="1402,3431 1531,3462 2488,3458 2474,3406 1402,3416"/>
                <Baseline points="1409,3448 1462,3448 1516,3448 1569,3449 1623,3449 1677,3449 1730,3450 1784,3450 1837,3450 1891,3451 1945,3451 1998,3451 2052,3452 2105,3452 2159,3452 2213,3453 2266,3453 2320,3453 2373,3453 2427,3454 2481,3454"/>
                <TextEquiv>
                    <Unicode>Hans Weiring immer vorgestellt. Statt des</Unicode>
                </TextEquiv>
            </TextLine>
            <TextLine id="r3l56" custom="readingOrder {index:55;}">
                <Coords points="1412,3500 2475,3511 2493,3441 2390,3472 1412,3461"/>
                <Baseline points="1418,3495 1471,3495 1524,3495 1578,3496 1631,3496 1685,3497 1738,3497 1791,3498 1845,3499 1898,3499 1952,3500 2005,3500 2058,3501 2112,3502 2165,3502 2219,3502 2272,3502 2325,3502 2379,3502 2432,3502 2486,3501"/>
                <TextEquiv>
                    <Unicode>etwas prosaischen Klingelzeichens erscholl diesmal</Unicode>
                </TextEquiv>
            </TextLine>
            <TextLine id="r3l57" custom="readingOrder {index:56;}">
                <Coords points="1415,3543 2486,3560 2486,3518 2388,3506 2004,3503 1919,3535 1803,3500 1415,3505"/>
                <Baseline points="1422,3543 1474,3544 1527,3544 1580,3545 1633,3545 1686,3546 1739,3547 1792,3548 1845,3548 1898,3549 1951,3550 2003,3551 2056,3551 2109,3551 2162,3552 2215,3552 2268,3552 2321,3551 2374,3551 2427,3550 2480,3549"/>
                <TextEquiv>
                    <Unicode>der poetischere Gong. Die bisher übliche Zwi¬</Unicode>
                </TextEquiv>
            </TextLine>
            <TextLine id="r3l58" custom="readingOrder {index:57;}">
                <Coords points="1415,3603 2406,3615 2484,3607 2485,3561 1415,3558"/>
                <Baseline points="1421,3597 1473,3596 1526,3596 1579,3595 1632,3595 1685,3596 1738,3596 1790,3596 1843,3597 1896,3597 1949,3598 2002,3599 2055,3599 2108,3600 2160,3600 2213,3601 2266,3601 2319,3601 2372,3601 2425,3601 2478,3600"/>
                <TextEquiv>
                    <Unicode>schenaktsmusik, die vielleicht, wenn nicht geschmack¬</Unicode>
                </TextEquiv>
            </TextLine>
            <TextLine id="r3l59" custom="readingOrder {index:58;}">
                <Coords points="1408,3644 2499,3658 2449,3610 1408,3603"/>
                <Baseline points="1415,3644 1468,3644 1522,3645 1576,3645 1630,3646 1684,3647 1738,3647 1791,3648 1845,3649 1899,3649 1953,3650 2007,3650 2061,3650 2115,3651 2168,3651 2222,3650 2276,3650 2330,3650 2384,3649 2438,3648 2492,3647"/>
                <TextEquiv>
                    <Unicode>voll gewählt, nur gestört hätte, fiel aus. Ich ver¬</Unicode>
                </TextEquiv>
            </TextLine>
            <TextLine id="r3l60" custom="readingOrder {index:59;}">
                <Coords points="1416,3708 2439,3716 2499,3694 2499,3658 1416,3659"/>
                <Baseline points="1423,3695 1476,3695 1529,3695 1583,3695 1636,3695 1690,3696 1743,3697 1797,3697 1850,3698 1904,3699 1957,3699 2010,3700 2064,3700 2117,3701 2171,3701 2224,3701 2278,3700 2331,3700 2385,3698 2438,3697 2492,3696"/>
                <TextEquiv>
                    <Unicode>mißte sie nicht. Das Publikum lohnte die treff¬</Unicode>
                </TextEquiv>
            </TextLine>
            <TextLine id="r3l61" custom="readingOrder {index:60;}">
                <Coords points="1404,3749 2485,3756 2485,3718 2388,3703 1405,3694"/>
                <Baseline points="1412,3742 1465,3742 1518,3743 1572,3744 1625,3745 1678,3745 1732,3746 1785,3746 1838,3747 1892,3747 1945,3747 1998,3747 2052,3747 2105,3747 2158,3748 2212,3748 2265,3748 2318,3748 2372,3748 2425,3748 2479,3748"/>
                <TextEquiv>
                    <Unicode>lichen Leistungen am Schlusse mit viermaligem</Unicode>
                </TextEquiv>
            </TextLine>
            <TextLine id="r3l62" custom="readingOrder {index:61;}">
                <Coords points="1405,3806 2247,3821 2475,3799 2488,3755 2184,3751 2123,3781 2074,3745 1406,3748"/>
                <Baseline points="1412,3789 1465,3792 1518,3793 1572,3794 1625,3795 1679,3796 1732,3796 1786,3797 1839,3797 1893,3797 1946,3797 1999,3797 2053,3796 2106,3796 2160,3796 2213,3796 2267,3797 2320,3797 2374,3798 2427,3799 2481,3800"/>
                <TextEquiv>
                    <Unicode>Hervorruf des Gesamtpersonals. Es war aber</Unicode>
                </TextEquiv>
            </TextLine>
            <TextLine id="r3l63" custom="readingOrder {index:62;}">
                <Coords points="1401,3844 2237,3852 2237,3815 2198,3800 1401,3806"/>
                <Baseline points="1408,3841 1449,3842 1490,3843 1531,3843 1572,3844 1613,3844 1654,3844 1695,3844 1736,3844 1777,3844 1819,3844 1860,3844 1901,3844 1942,3844 1983,3844 2024,3844 2065,3845 2106,3845 2147,3846 2188,3847 2230,3848"/>
                <TextEquiv>
                    <Unicode>auch ein unvergeßlich schöner Abend.</Unicode>
                </TextEquiv>
            </TextLine>
            <TextEquiv>
                <Unicode>vastan.
Donau-Zeitung. Dienstag, den 21. Nov. 1922.
bestimmt, verabreicht. Das Bier würde für diese
Insassen jetzt fast 2,5 Mill. Mark im Jahre kosten.
Landshut, 20. Nov. (Se. Eminenz Kar¬
dinal Dr. v. Faulhaber) ist am Freitag hier ein¬
getroffen. Der Besuch Sr. Eminenz galt der
durch den Umbau des Loretokirchleins bedingten
Altarkonsekration, ferner der Einweihung der
PfarrkirchAchdorf.
Musik und Theater.
8. Staditheater. „Liebelei“, Schauspiel in
drei Akten von Artur Schnitzler. — Ich liebe sie,
diese herb=süße Tragödie aus dem Alltagsleben,
geschrieben in der Sprache des Alltags und doch
umwoben vom Zauber echter Poesie. Ein rasch
forteilender Dialog wie im „Anatol“, eine glän¬
zende Schilderung der Umwelt verbindet sich mit
einer klaren und einfachen Handlung und steigert
sich zu erschütternden dramatischen Akzenten. Ja,
ich liebe dieses Gemälde aus Alltag und Poesie,
das ein Dichter so unnachahmlich schön uns ge¬
malt hat, und es hat noch jede gute Darstellung
dieses Dramas mich von seinem die Zeiten über¬
dauernden Werte überzeugt. — Die Sonntags¬
aufführung war ein neuer Beweis von der Treff¬
lichkeit unseres Schauspielpersonals. Glänzend
von Arnold Weiß-Rüthel in Szene gesetzt, war die
Vorstellung wie aus einem Gusse. Alle Rollen
waren in den richtigen Händen; auch der Dialekt
bereitete den meisten Darstellern keine allzu
großen Schwierigkeiten. Jenny Niemecks
Strumpfwirkersfrau hätte etwas „ordinärer“
sprechen dürfen als Frau aus dem Volke. Sonst
blieb auch an ihrer Leistung nichts zu tabeln
übrig. Sehr angenehm war ich von der talent¬
vollen Wiedergabe der Hauptrolle durch Jose¬
phine Wessely überrascht. Fern von allem thea¬
tralischen Pathos, wozu sie die Höhepunkte im
Schlußakte leicht hätten verführen können, gab sie
die „Christine, diese rührende Mädchengestalt,
einfach, schlicht, mit warmer Herzlichkeit. Und
darum überzeugte sie. Sie war eine Tragödin
ohne die zur Schau getragene Pose und Routine
einer gefeierten Tragödin. Ich habe vor Jahren
in dieser Rolle einmal die berühmte Adele Sand¬
rock gesehen, und ich gestehe ruhig, daß sie den
Zauber, der von diesem süßen Wiener Musiker¬
mädel ausgehen soll, trotz hervorragendem
Spiele nicht so lebendig werden ließ, wie Frln.
Wessely. Auch nicht recht mehr konnte, weil ihr
die Illusion der Jugend fehlte. Vorzüglich in
Maske, Spiel und Ton war Ludwig Lejeune als
Christines Vater. So habe ich mir den Musiker
Hans Weiring immer vorgestellt. Statt des
etwas prosaischen Klingelzeichens erscholl diesmal
der poetischere Gong. Die bisher übliche Zwi¬
schenaktsmusik, die vielleicht, wenn nicht geschmack¬
voll gewählt, nur gestört hätte, fiel aus. Ich ver¬
mißte sie nicht. Das Publikum lohnte die treff¬
lichen Leistungen am Schlusse mit viermaligem
Hervorruf des Gesamtpersonals. Es war aber
auch ein unvergeßlich schöner Abend.</Unicode>
            </TextEquiv>
        </TextRegion>
    </Page>
</PcGts>
