3436 4320
238 232 781 322 5. Liebelei
849 232 1379 341 box 12/7
463 285 839 364 — Aureee e teeereene
407 598 1479 765 Theiter, Kunst und Aiteratut.
617 742 1267 852 Troppauer Stadttheater.
831 820 1067 898 Liebelei.
435 884 1540 972 Schauspiel in 3 Aufzügen von Arlur Schnitler.
435 960 1558 1021 Je älter dieser erste große Theatererfolg Schnitzlers wird
425 1014 1542 1066 jetzt steht die „Liebelei“ schon vor ihrem 25jährigen Jubi¬
371 1041 1536 1112 läum — desto durchsichtiger wird das abgetragene Kleid ihrer
367 1105 1528 1172 oberflächliche Milleuschulderung, hinter der uns eine recht
371 1144 1537 1194 inhaltlose Leere angähnt. Christine Weiring, eines braven
362 1199 1534 1250 Musikus Tochter die weiland Lüise Milkerin, hat einem jun¬
369 1250 1529 1312 gen Studenten Herz und Leib geschenkt, der sich für eine
370 1299 1535 1349 endere Irau totschießen läßt. Daß das tiefe, liebende Mädchen
360 1346 1526 1408 im ersten fraglosen Liebesglück alles freudig hingibt wie
359 1382 1530 1447 Goethes Klärchen und Gretchen, daß es an dieser Liebe zu¬
362 1450 1530 1501 grunde geht, könnte den Stoff einer Tragödie geben. Aber
362 1493 1539 1539 sie muß lich geliebt wissen, wirklich und echt geliebt, sonst
362 1533 1522 1596 wirft sich ein fs #del gedachtes Geschöpf nicht weg. Diesen Glau¬
356 1597 1534 1647 ben an seine Liebe har Christine aber nie, und wenn er einmal
363 1641 1526 1700 aufkeimen will, wird er raf# wieder zertreten. Auch der freund¬
361 1686 1540 1752 schaftilchen Umgang mit der Mizzi Schlager, einem regelrechten
353 1714 1532 1802 Dirnchen, das aus einer Hand in die andere geht, stimmt nicht
359 1783 1531 1859 zu dem Bilde eines Mädchens, das nur einmal im Leben
363 1836 1526 1894 lieben kann und dann euttäuscht und zerbrochen in den Tol
364 1894 1529 1947 geht. Noch weniger bemühte sich der Dichter bei den anderen
356 1928 1573 1995 Gestalten, eine feelische Vertiefung anzustreben. Es ist beschäl—
353 1992 1525 2049 mendund unheimlich, wie seicht und rein körperlich diese
358 2027 1523 2089 ganze Gesellschaft durch Leben und Tod tänzell — mit ein¬
358 2069 1519 2118 ziger Ansnahme des alten Weiring, in dem etwas stiefere
352 2116 1531 2185 Menschlichkeit zu Worte kommt. Dazu die ganz undrama¬
357 2170 1532 2240 tische, ganz undichterische Lösung von außen her, durch einen
348 2232 1525 2288 Zufall: Fritz fällt im Duell für eine verheiratete Frau —
908 2526 1213 2624 7-DEZ. 19/9
596 2702 1195 2782 Deutsche Post Nr. 342.
520 2757 1692 2825 dadurch wird Chrißtinens Gefühl, das ihr ohnehin immer
517 2820 1689 2883 die Wahrheit sagte, nur bestätigt: es war keine Liche, nur
528 2869 1700 2932 Liebelei. Der darauffolgende Selbstmord des Müdchens, den
535 2926 1692 2977 uns der Dichter ahnen läßt, ist darum keineswegs zwingend
538 2961 1688 3015 motiviert. Wie unendlich erhebt sich selbst im schwächsten
524 3014 1692 3076 Stücke Schönherrs die Tragik über diese seelenlose Theater¬
524 3066 1689 3120 mache, deren Dichter im Verein mit einigen anderen Lieblin¬
529 3107 1700 3195 gen der Presse die „Wiener Note“ in der ganzen literarischen
531 3160 1079 3234 Welt inMiißtrediebenhik.
611 3211 1683 3276 Irau Schartmüller wändte ihren innigen Gefühls¬
525 3260 1684 3322 ton auf, ihr: feine Kunst, das Anschmiegsame, H'ngebungsvolle er¬
527 3306 1698 3370 greifend zum Ausdruck zu bringen, ohne die Figur der Christine
524 3352 1704 3414 ganz reiten zu könnkn. In der letzten Szene stark im harten,
522 3416 1693 3470 starren Entsetzen über die klare Erkenntnis ihrer Entwürbigung
538 3445 1693 3514 fest ganz der Schmerz um den Toten, der doch auch, namert¬
534 3507 1690 3571 lich anfangs, erschütternd aufschluchzen muß. Von ergreifen¬
523 3557 1699 3615 der Echtheit und schlichtester Gesühlstiefe war hingegen in
530 3598 1696 3658 hieser Szene wie im ganzen Stücke Vater Weiring (Herr
525 3642 1696 3709 Hübnèr. Ausgezeichnet war Fräulein Enzinger als
528 3689 1704 3753 leichte Schlagermizzi; von liebenswürdigstem Spiel und leichter
538 3744 1691 3802 Sicherseit die Herren Neuhardt und Lichtenberg, der
527 3782 1703 3852 letztere freilich in den tolien ersten Szenen nicht ohne Ueber¬
532 3835 1685 3901 treibung. Auch Fräulein Proßnitz als neu= und klatsch.
543 3884 1694 3945 gierige Strumpfwirkersgattin war gut, die Inszenierung sehr
1378 3939 1651 4016 Dr. E. H.
533 3941 828 4023 Leschmackvoll.
609 4058 1633 4148 Das Konzert des Troppauer Männergesang¬
1144 4114 1227 4154 ——
