3344 4224
201 33 681 90 Nouc
179 77 1026 115 plastique. On s’est borné à éviter les erreurs.
172 108 1031 148 Le spectateur ne peut s’empécher de songer
172 142 1031 185 à ce que les Viennois, lorsqu’ils sont aussi bien
167 177 1040 214 inspirés que lors de Liebelei on de Muscorade,
160 207 1035 254 auraient pu faire. C’est par üne aceumulation
170 247 1035 293 de petits détails choisis qu’ils nous auraient
164 281 1033 320 montré l'allégresse de Mozart plutôt que par
168 306 1036 354 des bonds désordonnés et par ces danses un
164 342 1045 394 neu ridicnles au'il exécute devant le buffet
159 383 696 422 en compagnie de sa femme.
193 404 1036 458 L’idée philosophique dominante de M.le Ken¬
163 450 1033 488 nedy ne résiste guère non plus à l’examen.
165 486 1027 526 Elie veut nous prouver que Mozart, incompris
160 509 1036 563 des grands et de l’élite, ne réussit qu’auprès
165 554 1023 594 du petit peuple. et que seul, l’accueil popu¬
161 586 1029 626 laire fait à Lo Flüte enchantée détermina son
166 624 1030 670 triomphe. Cela nous parait assez niais et sur¬
156 658 652 706 teut absolument gratuit.
191 682 1045 733 Tont le film est traité avec mollesse. L’écran
159 725 1043 765 anglals n’est pas bien riche en vedettes et les
158 760 1031 806 acteurs qu’on nous présente ici nous parais¬
159 794 1040 836 sent falets. Stephen Haggard, joli garcon,
159 831 1045 873 donne une médiocre idée du charme du cher
167 859 1036 894 Wolfgang. Mile Yvonne Printemps, malgré le
176 892 1036 945 travesti, évoquait tout autre chose dans la dé¬
172 932 1037 973 lieleuse opérette de Sacha Guitry. Victoria
165 968 1044 1008 Hopper, dans le röle de Constance, est char¬
160 999 521 1058 mante sans éclat.
205 1016 1044 1083 La musique accompagne les Images selon un
169 1070 1032 1111 plan chronologique. Comme nous aurions pré¬
158 1102 1041 1145 féré des allusions psychologieges, comme nous
161 1143 1038 1186 aurions vonlu camprendre le relations sub¬
160 1171 1037 1210 tiles qui unissent l’état d’äm de l’anteur
164 1213 1026 1248 avec tel Tragment d’opéra on de symphonie,
170 1242 1045 1291 ainsi qu’Henri Ghéon l'a fait magistralement
170 1277 811 1316 dans son bel onvrage sur Mozart.
198 1309 1029 1355 Tout cela est un pen plat, un pen scolaire.
170 1344 1042 1389 un pen Gémentaire. quelquefois mème assez
171 1379 1026 1427 primaire. Dans notre nafveté. nous avions ima¬
176 1420 1037 1465 giné tant de splendaurs possibles! Le cinéma
175 1449 966 1498 & musical 2 est ercore dans son enfance.
214 1532 989 1602 g Bons pour le service „
187 1592 1039 1650 Laurel et Hardy forment une paire complé¬
180 1631 1042 1680 mentaire inséparable de pitres: l’un, mai¬
171 1670 1041 1717 gre, gaffeur, timide, bredouillant, étourdi;
157 1704 1039 1752 T’autre, gras, important, doctrinal, gonflé de
173 1744 1042 1786 sa supériorité intellectuelle, réprobateur, pon¬
161 1775 1048 1817 tifiant et guère woins sot dans le monde. Nos
169 1814 1032 1857 clowns seraient d 'sez empéchés de renouveler
170 1841 1026 1890 leurs farces, s’ils etaient condamnés à un ge#
166 1879 1037 1920 rigide, à un g ###éro, de music-hall. Ils ontt
169 1920 1032 1956 dü le comprendre et ils sont entrés dans
167 1952 1040 2001 la vole féconde de la parodie. Un scénariol
163 1968 1038 2032 de film dramatique leur sert de tremplin.
176 2019 1026 2060 Dans ce scénario, on n'a pas de mal à recon¬
162 2054 883 2092 naitre celui des Lonciers du Bengale.
198 2071 1045 2130 Pas an début, sans doute. On y volt Stanley
169 2111 1051 2166 Mac Laurel, héritier d’un riche seigneur écos¬
180 2155 1050 2200 sais, débarquant d’Amérique pour se faire
346 2187 1031 2226 par le notaire la cornemuse et
172 2196 344 2238 octroyer
170 2212 1037 2269 la tabatière du défunt Laurel et son insépa¬
166 2251 1047 2308 rable Hardg. plus impécunieux que jamais,
168 2288 1045 2346 s’engager par erreur dans l’armée Ccossalse.
205 2321 1041 2370 Ils seront expédiés aux Indes. C’est la
176 2350 1027 2407 que Hous reconnaissons le famenx film des
172 2387 1035 2447 Lanciers. Nos héros vont dans un fort-frontière
165 2416 1041 2468 menacé par les rebelles. Déguisés en officiers,
171 2456 1045 2504 ils assisteront, pour le tromper, au diner offert
171 2492 1041 2543 par le khan local qui trahit l’Angleterre. Mais,
171 2527 1033 2575 Canjours comme les trois lanciers, ils échappe¬
172 2567 1036 2610 ront au supplice. gräce surtout à des ruches
159 2590 1042 2649 d’abeilles qui leur serviront de projectiles
171 2625 909 2686 improvisés contre les perfides Hindous.
211 2659 1039 2709 Ily a donc un peu de tont lans ce film: de
170 2699 1037 2746 la pure clownerie lorsque s deux amis font
159 2733 1039 2788 euire un poisson sur le sommier de leur lit
166 2762 1033 2817 dhôtel: un pastiche hérof-comique à la fin;
162 2806 1036 2850 une histolre sentimentale à laquelle ils sont
163 2837 1037 2894 d’ailleurs totalement étrangers. Mais il y a
166 2866 1035 2920 surtout deux moments comiques tout à fait
174 2894 1054 2959 remarquables et qui méritent une citation spé¬
166 2953 301 2998 ciale.
212 2952 1056 3025 D’abord la difficulté que Laurel éprouve à
164 2991 1054 3054 se faire au g pas à militaire. Achaque instant,
177 3042 1055 3091 pris de scrupule, il ehange de pied. et provoque
179 3074 1052 3130 dans la troupe une confusion totale. L’effet est
175 3107 1044 3155 d’autant meilleur qu'il répond à une observa¬
173 3149 1062 3196 tion juste. Tons les hommes qui ont été soldats
180 3177 1056 3222 ont éprouvé cette angoisse. Enfin, on a imaginé
177 3212 1048 3271 de développer le grand écran pour nous mon¬
182 3243 1059 3295 trer le désordre qui se propage de rang en rang.
219 3278 1055 3326 Ilyagezcore et surtont le ballet. Laurel et
173 3311 1053 3359 Hardy sont de corvée de quartier et ramassent
182 3350 1051 3405 sans enthonsiaeme, comme des soldats de Cour¬
183 3381 1047 3441 teline, vienx papiers et détritus. Tout à coup,
185 3421 1061 3474 retentit la fanfare du régiment qui répéte un
180 3455 1048 3506 beau morceau de bravoure. Alors nos deux
187 3489 1054 3535 compères, ravigotés par le rythme, dansent tout
186 3533 1048 3573 en halavant les ordrres. C’est une scène cha¬
181 3554 1054 3628 plinesque, d’un comique vraiment extraordi¬
192 3606 320 3656 nalre.
212 3614 1056 3667 Nous les avons beancoup vus, sans doute:
194 3658 1055 3714 leurs mines nous surprennent moins. mais ile
178 3690 1063 3747 n’ont pas cessé de falre des progrès, d’affi¬
188 3742 1049 3781 ner leur jen (Hardy en particulier, qui me pa¬
187 3770 1052 3813 raft iei meilleur que jamais). Et surtout, ils
192 3795 1055 3852 se donnent la peine de monter un vrai film,
194 3840 1049 3880 ils ne se fient pas exclusivement au prestige
186 3868 1054 3912 de leur nom et à qnelques plaisanteries de base.
192 3912 1056 3953 C’est alnsi qu'on les retrouve presque chaque
188 3940 1059 3986 fois avec plaisir et que leur force comique ne
872 3968 1011 4029 J. F.
189 3979 471 4033 s’émousse pas.
1920 133 2264 199 Liebeler
1748 134 2408 235 8. Anen enenen
2429 128 2869 207 box 13/4
