3436 4256
478 163 660 232 ebe
230 154 1372 272 5. Liei box 10/4
1113 1245 1575 1304 Schonbelt eigtne, „
1125 1268 2053 1363 ihren sicheren Wertb in sich selber findet, ein lockendes
1064 1334 1549 1435 Jund prangendes Geläute.
1244 1345 2058 1425 Vom böhmischen Landestheater. Arlbur
915 1379 1058 1455 #
1102 1400 2063 1477 *Schuihler's Schauspiel „Liebelei“ (Milkovänl),
923 1448 1206 1555 (N 9
937 1581 2005 1658 Lonsi=welches gestern bei uns zum erstenmale in Scene
948 1635 1988 1717 Pragsging, arbeitet mit grundehrlichen Mitteln, speculirt
959 1681 1974 1736 Juli nicht auf wohlseile Wirkungen, gibt sich mit redlicher
967 1707 1062 1755 hier
1065 1710 1965 1781 Bescheidenbeit, ohne kokette Prätensionen und kletter
1989 1740 2095 1803 tige
959 1741 1970 1818 Herr nicht mit folscher Begeisterung auf die Galerie. Seine
946 1785 1058 1828 irben.
1994 1786 2084 1851 Mo
1067 1790 1966 1860 reinliche Technik, seine saubere, gewissenhafte Scenen¬
947 1815 2121 1910 ihrenführung muß ohne Rückhalt gelobt werden. Die Ten=sthül¬
938 1847 1059 1901 terie¬
1060 1858 1981 1937 denz des Stückes enthält viel des Verständigen und
944 1889 1048 1940 89 in
1067 1894 2085 1993 Wahren, gibt den klugen Leuten des Porterres berech= Tit
952 1932 1970 2005 Be=stigten Anlaß zu Beifall und versucht, das Nachdenken
945 1962 2082 2046 eits=der oberen Ränge zu beschäftigen. Herr Director Tal
965 2004 1051 2051 ihn
1055 2013 2004 2085 Subert hatte das Stück inscenirt und auch diesmal
951 2039 2076 2121 ##im ein hervorragendes Regisseurtalent bekundet. Es wurde, ssein
1038 2091 2073 2174 weil man gewissenhaft studirt hatte, auch gut gespielt. dar
939 2118 1972 2201 rag Frau Kvapil gab das Wiener Bürgermädchen
959 2170 2063 2241 unb Christine, die sich in eine Liebe eingelassen, ihre Nei= nu
970 2208 2060 2266 8.,igung leidenschaftlich ernst nimmt und daran zu Grundel gez
943 2250 2057 2311 Uhrjgeht, mit immer wachsendem tragischen Ausdruck. Kr
948 2265 1959 2345 luf= Eine geradezu brillante Leistung bot Frl. Wels
1947 2309 2071 2370 hal
946 2306 1977 2390 lka=als Mizi. Sie war eine urwienerische Grisette voll
1029 2352 2070 2429 harben Humors. Gemüthlich stellte Herr Pstrog Gr
938 2381 2061 2462 Die den Vater der Heldin dar, einen Violinspieler inthal
948 2419 1036 2480 Ju¬
1039 2428 2064 2521 einem Vorstadttbeater. Der Studiosus Fritz Lobhei=s#ni
940 2478 2061 2560 abe mer, dem die arme Christine nur ein flüchtiger Zeitekur
1023 2505 2053 2592 vertreib gewesen, wurde von Herrn Vojan darge- der
955 2533 1957 2616 ine stellt. Der Künstler war mit Eiser und Glück um seine
947 2574 1028 2632 Ur
1026 2589 1953 2653 Rolle bemüht, nur wäre im ersten Acte etwas weni¬
1961 2595 2048 2651 B
1036 2623 2059 2707 ger Sentimenlalität am Platze gewesen. Den fröh=Ilog
1027 2659 2060 2753 lichen Junggesellen Theodor Kaiser gab Hr. Sedlä=[In
1030 2693 1961 2775 cek mit könlichem Humor, während Herr Bittner
1014 2731 2060 2807 als beleidigter Ehegatte sich in seiner einzigen beiklenf un¬
1014 2773 2042 2845 Begegnung mit Fritz vortrefflich gab. Arthur Schnitz= i“
1025 2811 2036 2889 ler hat einen schönen Erfolg errungen, der seinemspa
1022 2851 2056 2922 Fleiße und seinem sachlichen Ernste nicht minder zu Fa##
1013 2885 1931 2958 vergönnen ist, wie seiner Begabung, die mau am ge¬
1007 2912 2056 3000 strigen Abende auch bei uns achten lernte. — Morgen nen
1006 2956 2052 3041 findet die zweite Aufführung von Schnitzler's Schau. Cor
1015 2997 2061 3091 spiel „Liebelei“ staft. Für Freitog ist Wagner's Wie
1004 3047 1751 3117 Oper „Lobengrin“ in Aussicht gestellt.
1169 3074 2039 3150 Resanaschule Löwe Destin. Mit B.#i#, der
