3436 4224
434 188 684 258 iebel
888 188 1362 270 box 10/3
246 189 836 293 5. L 1
550 652 1816 728 Es war ein starker Erfolg, in seiner Unangefochtenheit um so
554 708 1838 776 erfreulicher, als in diesem Schauspiel Bühnenvorzüge und
550 750 1828 798 literarische Qualitäten gleich gut vertreten sind. Seit langer
555 778 1837 847 Zeit zum ersten Male eine geist= und kraftvolle Bühnendichtung Wiener
564 841 785 900 Ursprungs.
983 884 1466 954 „Berliner Zeitung“ II:
635 941 1826 987 Was diese Bühne darstellerisch vermag, zeigte die glänzende Vor¬
563 976 1834 1026 führung von Arthur Schnitzler's Schauspiel „Liebelei“. Die Hand¬
563 1008 1838 1065 lung des Stückes ist ganz minimal' aber nur, wer der naiv brutalen
561 1054 1835 1115 dramatischen Kunst widerstandslos verfallen ist, kann sie langweilig
555 1086 1836 1144 finden. Der erste Akt ist ein humorerfülltes, in prickelnder Kleinmalerei
564 1147 1834 1187 vorgeführtes Genrebild, das allein schon den Erfolg des Abends
554 1168 1832 1219 entschied. Eine Scene dieses Aktes, ganz knapp und in verhaltener
566 1209 1831 1259 Leidenschaft, zeigt die dichterischr Macht Schnitzler's bereits in hohem
559 1245 1831 1299 Grade. Mit großer Kühnheit ist der zweite und dritte Att ganz auf
562 1297 1828 1344 psychologische Handlung angelegt. Schnitzler, als feiner Novellist und
561 1343 1853 1381 psychologischer Dichter längst gewürdigt, hat hier eine überraschende
555 1372 1834 1420 Bühnengewandtheit erwiesen, die doch niemals auf Kosten literarischer
569 1409 1827 1460 Qualitäten zur Geltung kommt. Und deshalb ist der unbestrittene
558 1439 1841 1495 Erfolg seines Schauspiels um so erfreulicher. Es ist ein gut
560 1483 1830 1541 realistischer Zug durch das Stück, in dem sich diskrete, auf äußerliche
558 1526 1846 1580 Effekte verzichtende Künstlerschaft ausspricht. Man darf auf die weitere
572 1565 1476 1633 Entwickelung dieses großen Talents gespannt sein.
957 1622 1446 1694 „Berliner Tageblatt“:
649 1661 1829 1729 Gestern wurde im Deutschen Theater das Schauspiel „Liebelei“
567 1718 1846 1773 von Arthur Schnitzler zum ersten Male aufgeführt, mit einem
571 1759 1850 1815 starken, warmen Erfolge; der Beifall war nach dem zweiten Akte
562 1801 1838 1862 am lebhaftesten, am dritten kühlte man sich an einiger Moral etwas
564 1850 1843 1893 ab, war aber dem Verfasser für die lustige, rührende und anregegende
581 1881 1839 1933 Stunde schließlich von Herzen dankbar. Das Schauspiel „Liebelei“
574 1923 1835 1971 hat seinen Erfolgverdient. (Folgt Handlung.) Es geht so wenig vor,
566 1955 1850 2002 daß man oft Lust hätte, ungeduldig zu werden; aber man wird nicht
579 1993 1842 2054 ungeduldig, weil der Verfasser mit raffinirter Technik aus sehr viel
581 2043 1847 2089 Pausen, wenig Worten und einer gewissen sorglosen Anmuth immer
566 2078 1853 2130 wieder aufs Neue Stimmung zu erregen weiß. Im ersten Akte herrscht
569 2122 1845 2179 der Uebermuth der Grisettenliebelei vor, in dem zweiten bringt das
579 2161 1853 2214 Verhältniß zwischen Vater und Tochter einen neuen Ton, der dritte ist
573 2185 1850 2241 ganz Sorge und Schmerz um den Todten. Eine große dichterische
583 2233 1853 2287 Aufgabe vermißte es nicht. Es schien, als ob die ganze saubere Arbeit
579 2272 1849 2317 trotz ihres Modestils tiefere Empfindung verbärge, als ob mitunter
577 2322 1840 2364 ein großes schönes Dichterauge aufblitze. Besonders der Musikus,
585 2348 1855 2409 der seiner Tochter jeden Fehltritt grundsätzlich zu verzeihen geneigt ist,
575 2386 1479 2456 hat sein Herz von einem Poeten geschenkt erhalten.
994 2471 1432 2546 „Gerichts-Zeitung":
658 2521 1848 2578 Zweimal hatte das Deutsche Theater in der Wahl der Stücke einen
585 2566 1846 2634 Fehlgriff gethan; zum dritten Male aber ist es gelungen, ein Meister¬
589 2608 1854 2662 werk ersten Ranges aus Licht der Lampen zu ziehen. Arthur
579 2645 1857 2698 Schnitzlers Schauspiel in drei Akten „Liebelei“, das am Dienstag
589 2686 1851 2751 zum ersten Male in Scene ging, gehört zu jener Art von Kunst,
584 2745 1863 2781 die Herz und Geist in gleichem Maße befriedigen. Der Dichter
580 2764 1860 2821 gehört nicht zu denen, die nur ein naturgetreues Abbild irgend eines
594 2808 1855 2856 Vorganges bieten, die nur, wie er sich räuspert, wie er spuckt, einem
590 2837 1861 2902 Menschen abgeguckt haben und sich mit dieser Leistung bescheiden er hat
582 2888 1859 2931 nicht vergessen, daß die Poesie auch Poesic enthalten soll. und so gelang
588 2918 1862 2968 es ihm, in die scharf realistisch gezeichnete Handlung jenen Hauch zu
586 2963 1860 3010 gießen, durch den ein Kunstwerk erst seinen wahren und unverganglichen
589 3003 1855 3052 Werth erhält. Was in dem Schauspiel vorgeht, ist in wenigen Worten
588 3037 1853 3109 zu sagen. Der Dichter mußte nach jedem Akte vor der Gardine
587 3087 835 3138 erscheinen.
989 3136 1460 3210 „Tägliche Rundschau“
667 3174 1846 3249 Es giebt noch immer Ueberraschungen. Als ich am Dienstag das
600 3229 1857 3288 „Deutsche Theater“ betrat, wurde mir von verschiedenen jener Leute,
596 3269 1859 3329 die im Theater ihre Heimath, ihre Welt, ihre Kirche sehen, versichert,
585 3317 1862 3366 daß das Ereigniß“ des Abends, das Schauspiel „Liebelei“ von
592 3348 1855 3406 Arthur Schnitzler, ein Stück nach ihrem Herzen, nebenbei aber auch
590 3385 1863 3429 ein Stück von literarischem Werthe sei. Und seltsamer Weise haben die
604 3432 1859 3489 Leute, die sonst im Literaturgarten keine Butterblume von einer Colens
595 3460 1871 3521 unterscheiden können, diesmal recht gehabt. Arthur Schnitzler ist
590 3502 1876 3548 kein literarischer Bahnbrecher, und seine Eigenart scheint weder sehr hoch
595 3541 1871 3596 noch sehr tief zu gehen, aber einen Poeten haben wir in ihm, und
590 3585 1865 3636 zwar einen Poeten, der auf der Bühne wie zu Hause ist. Er hat von
602 3637 1865 3677 Allem, was ein Theaterpoct braucht, gerade so viel, um dem Publikum
595 3660 1866 3711 nicht unheimlich zu erscheinen: Geist, Witz, Beobachtungsgabe, Stimmungs¬
593 3704 1861 3755 lyrik, Alles in wohlgemessenen, nicht reichlichen, aber auch nicht ärm¬
603 3741 1868 3796 lichen Portionen, und wohlvermischt mit dem nöthigen Zusatz von Ver¬
593 3780 1863 3834 trauen und Behagen erweckender Trivialität und Alltäglichkeit. In
603 3818 1873 3864 äußerer Form und Sprache gehört Schnitzler der modernen Schule
602 3860 1881 3908 an, aber er verschmäht, wenn er Wirkung davon erhofft, auch altbe¬
593 3896 1874 3944 währte Mache nicht. Seine „Liebelei“ ist ein Stück Gretchen=Tragödie,
605 3937 1870 3977 ins Wienerische übersetzt und aus dem Stil Goethescher Großmenschlich¬
604 3976 1869 4029 keit auf das Niveau des Kleinmenschlichen hinabgeschraubt. Aus der
599 4025 1874 4072 Poesie des Genies in die Poesic des Talentes umgeschmolzen — aber
609 4072 1832 4117 auch so noch immer wirkungsvoll und — mit Schnitzler zu reden
604 4097 1587 4156 von einem Ewigkeitsduft umsprüht. — (Folgt Inhalt).
2226 650 2731 714 „Tägliche Rundschau“:
1930 707 3113 755 Arthur Schnitzler, der Verfasser des Schauspiels „Liebelei“
1847 727 3116 805 das dem Publikum des Deutschen Theaters lebhaften Beifall ent¬
1856 790 3124 834 lockte, ist, wenn auch nicht zum Bühnenherrscher, zum Imperator, so
1860 825 3117 875 doch zum Bühnensieger geboren. Er hat für Männlein und Weiblein
1860 867 3123 915 der Rattenfängerweisen mehr als genug im Vorrath, er hat Alles, was
1859 898 3095 947 man verlangt: Esprit, Lyrik, moderne Effekte und altbewährte Effekte, —
1857 927 3128 995 Alles in dem Maße, wie es für einen Bühnenabend ausreicht. Schnitzler
1861 979 3134 1040 ist halb Dichter, halb Feuilletonist und ganz Wien?. Ueber den Dichter
1857 1027 2645 1092 und Dramatiker morgen einige Worte mehr.
2247 1091 2709 1167 „Freisinnige Zeitung“
1937 1139 3120 1206 „Aus dem Leben des Tages, aus Beobachtung und Erfahrung
1866 1200 3124 1258 geschöpft“, erschien sodann zum ersten Male: „Liebelei“. Schauspiel
1863 1234 3129 1288 in 3 Akten von Arthur Schnitzler. (Folgt Inhalt.) Der Vorhang
1866 1277 3126 1326 fällt und der Tichter kommt noch mehrere Male zum
1864 1313 3124 1368 Vorschein. Der Dialog ist stellenweise sehr frisch und gewandt, und
1865 1354 3128 1406 soll es dem Dichter als besonderes Verdienst angerechnet werden, daß
1869 1387 3140 1450 sein Held zwar kein Held, aber doch wenigstens kein Lump ist. Das
1854 1432 3125 1485 von einem Wiener verfaßte und in Wien spielende Stück wurde von
1857 1469 3127 1526 Wienern vortrefflich dargestellt und erhielt so einen anmutenden
1858 1519 2038 1578 Lokalton.
2270 1562 2717 1638 „National=Zeitung“:
1939 1613 3134 1673 Das Schauspiel „Liebelei“ von Arthur Schnitzler hat im Deut¬
1867 1661 3129 1732 schen Theater einen warmen Erfolg davongetragen, nachdem es
1862 1702 3131 1759 ebenso glücklich vom Wiener Burgtheater aus Licht gezogen war. Ein
1847 1752 3126 1807 Abschnitt aus dieser Welt der lockeren Liebesbande kommt auch in dem
1859 1785 3126 1839 erwähnten Schauspiel zu seinem Recht. Ebenfalls mit frischer Hand
1869 1815 3132 1871 aus der Wiener Luft herausgegriffen, eine kleine, aber wahre Geschichte,
1876 1855 3134 1915 die wie ein Liebesidyll anhebt und wie eine Tragödie endigt. Zwei
1876 1906 3137 1959 junge Leute aus besseren Ständen und zwei Mädchen aus dem Volk
1860 1954 3137 1991 bilden die Handlung. Die Stimmungen hat der Dichter mit großer
1868 1978 3129 2033 Feinheit, frischer Empfindung und reizendem Humor festgehalten. Auch
1868 2032 3133 2074 der Gegensatz zwischen der ärmlichen Musikantenwohnung und dem ele¬
1874 2051 3128 2115 ganten Heim des Lebemannes ist trefflich durchgeführt. Das kleine
1871 2088 3136 2147 Stück ist in seinen drei Akten mit einer Wärme und Wahrheit der
1865 2131 3144 2188 Herzenssprache geschrieben, die das Publikum von der ersten bis
1875 2186 3144 2237 zur letzten Scene gefesselt und ergriffen hat. Es ist starke
1860 2210 3133 2265 Lebenskraft darin und zugleich ein durchgebildetes poetisches und künst¬
1877 2254 2877 2312 lerisches Gefühl. Das Stück wurde vortrefflich gespielt.]
1899 2306 2248 2388 GEI
2203 2323 2784 2406 „Deutsche Tages=Zeitung":
1946 2364 3142 2449 Das Deutsche Theater errang gestern einen glorreichen Doppel
1873 2415 3151 2490 sieg. Sowohl die Neueinstudirung des „Zerbrochenen Krug“ als auch¬
1878 2457 3139 2533 die Première des Schauspiels „Liebelei“ von Schnitzler ernteten
1880 2500 3137 2569 einen durchschlagenden Erfolg. Der Werth der Novität nöthigt
1877 2562 3151 2609 uns, dieselbe eingehender zu besprechen, als dies in der vorgerückten
1882 2582 3142 2648 Stunde, da wir diese Zeilen schreiben, möglich wäre. Wir kommen
1873 2622 3141 2695 deshalb im Abendblatt noch einmal auf den genußreichen Abend zurück.
2320 2703 2695 2778 „Volks=Zeitung“.
1942 2763 3139 2814 Im Deutschen Theater ging einmal wieder eine Novität in Scene,
1878 2805 3152 2861 die ein Kunstwerk ist, nämlich Arthur Schnitzler's „Liebelei“. Dieser
1881 2842 3157 2904 anspruchslose Titel läßt kaum auf den tragischen Inhalt der drei Akte
1883 2880 3156 2940 schließen. Was der Wiener Dichter ein Schauspiel nennt, ist im Grunde
1885 2922 3154 2986 eine tief erschütternde Liebestragödic. Die Handlung ist einfach geplant.
1878 2946 3149 3014 (Folgt Inhalt.) Von da ab verblassen die leuchtenden Farben des Humors
1880 3001 3151 3046 und die Handlung nimmt ihren tragischen Verlauf. Sie besitzt trotz der
1879 3028 3155 3091 einfachen Erfindung echt dramatische Bewegung und reichen Stimmungs¬
1884 3070 3151 3136 gehalt. Die poctische Gestalt der Christine erweckt sofort Sympathie und
1883 3109 3148 3175 diese wird zum tragischen Mitleid gesteigert durch das auf sie fallende
1887 3159 3138 3211 herbe Geschick. Es wirkt stets ergreifend und erschütternd, ein junges,
1890 3191 3147 3247 keusch empfindendes Menschenkind sich in den Gluthen der ersten Leiden¬
1892 3226 3145 3296 schaft verzehren zu sehen. Und hier wirkt der Gegensatz so mächtig
1888 3284 3154 3335 zwischen der Liebelei des Lebemannes und der Liebe dieses tief empfin¬
1882 3308 3161 3369 dengen Mädchenherzens! Das Drama verlangt und fand eine ganz
1876 3337 3161 3409 ausgezeichnete Darstellung. Das ganze Drama wurde im Wienerr
1874 3381 3136 3452 Dialekt gesprochen. Es sand rauschenden Beifall und der Dichie
1892 3434 2697 3507 erschien wiederholt vor dem Vorhang.
2307 3513 2797 3587 „Vossische Zeitung“ I.:
1964 3562 3155 3628 Des Deutsche Theater vermittelte gestern die Bekanntschaft eines
1890 3611 3161 3670 jungen Wiener Poeten, der mit leisen, lieblichen Gewalten die fremden
1895 3648 3163 3707 Hörer zu sich gezwungen hat. Der Poet heißt Arthur Schnitzler;
1900 3685 3168 3747 seine Liebesdichtung heißt „Liebelei“ und ist dennoch eine Liebes¬
1893 3721 3161 3790 dichtung. Denn daß unter Liebeleien eine starke, tiefe und innige, bis
1901 3757 3170 3821 in den Tod treue Liebe entsteht, ist ihr Gegenstand. Daß Liebeleien
1887 3801 3160 3853 dieser Liebe die Hoffnung nehmen, ist die Tragik des Gegenstandes. Es
1885 3846 3165 3903 weht uns in den drei Akten von der Bühne her ein so lyrischer Hauch
1888 3882 3160 3961 an, so warme, weiche Wienerluft, so viel stilles Weh, aus stillen Freuden
1898 3917 3164 3977 entstanden, so viel Herz, am Weltlauf verblutend, daß es wie Ent¬
1897 3961 3160 4016 weihung ist, unter diesen Eindrücken vom unbestrittenen Theater
1891 3989 3172 4059 erfolg und von den Hervorrufen des Autors zu berichten
1904 4033 3198 4082 Das erinnert wieder an die Robustheit des Bühnenapparats, den un
1898 4084 2638 4144 diese zarte Sinnendichtung vergessen half.
