3484 4224
516 151 869 223 Liebelei
332 159 887 268 5. Jaenenenhach
900 3589 960 3661 er
1019 149 1457 238 box 10/4
1472 485 2146 549 tbtropM Mneib berutr
965 516 2151 598 mit einem etwa zwei Kilogramm schweren Steine an den Kopf, daß
947 542 1854 631 derselbe mitzkautem Aufschrei todt zu Boden stürzte.
1246 664 1892 739 * Stadt=Theater in Köln.
941 704 2145 781 # Liebelei. Schauspiel in 3 Acten von Arthur Schnitzler
871 751 2151 813 Erste Aufführung. Der Verfasser der Nenigkeit, die das sonst vornehme und
967 815 1059 860 nr
1121 816 1173 866 W01
1226 805 1780 867 relek Hofburg=Theater zuerst auf
2045 811 2231 877 T
1527 859 2190 907 n Arzt, gleichwie sein berühmter Vater,
1573 892 2035 942 . Arthur Schnitzler hat scho
2161 943 2195 983 30
1528 936 2023 986 Augenblicksbildern als Anatol
1540 974 2085 1020 Das in Rede stehende Schauspi
1497 1005 2187 1055 aus dem Wiener Leben. Die Handlung
1289 1012 1401 1063 taufna
985 1046 1021 1091 1
1175 1050 2193 1100 fach. Zwei junge Herren, Fritz Lobheimer (Herr Monnard)
990 1083 2189 1132 und Theovor Kaiser (Herr Leyrer) haben Liebeleien angebendelt mit
2025 1124 2190 1177 ing, (Fr.
991 1130 1905 1172 zwei kteinen Bürgermädchen, Lobheimer mit Christine
981 1169 1865 1213 Deré), der Tochter eines Orchester=Mitgliedes des Jose
873 1199 1868 1284 98 & (Herr Veck) und Kaiser mit einer Modistin, Mizi Schl
979 1243 1871 1295 Was die Herren eigentlich betreiben — ob sie Sinden
985 1276 1897 1335 sind — darüber kam man nicht in's Klare, indem
977 1314 2107 1364 ührung vielfach wieder sehr undeutlich war. Jedenfalls haben b
982 1361 2194 1413 viel überflüssige Zeit, die sie dazu anwenden, um Eroberungen bei dem
989 1400 2191 1447 schönen Geschlecht zu machen. Lobheimer, sonst etwas ernster angelegt,
988 1443 2189 1492 unterhält neben der Liebelei mit der Musikerstochter noch ein Verhält¬
989 1483 2202 1525 niß mit einer verheiratheten Dame, das ihm viel Sorge bereitet. Um
992 1518 2187 1565 ihm die Grillen zu vertreiben, ladersein noch leichtlebigerer Freund die bei¬
995 1550 2193 1608 den Mädchen in die Wohnung Lobheimer's zu einem improvisirten
987 1593 2205 1637 Abendbrod ein. Die Freude wird aber alsbald gestört dadurch, daß
1535 1641 2193 1683 s ist der Mann der Dame — plötzlich
991 1637 1490 1693 „ein Herr“ (Herr Bohnée) —
1003 1668 2190 1727 erscheint, um den Schleier von Lobheimer zu fordern, den diese bei
992 1704 2190 1761 ihm zurückgelassen und ihm die Briese an seine Frau hinwirft, und
991 1735 2199 1801 dagegen die ihrigen zurückverlangt. In der Exposition erfährt man,
999 1785 2193 1837 daß Lobheimer mit dem Ehepaar am Abend vorher noch im Theater
991 1826 2204 1872 war. Christine, die ihn wirklich liebt, und natürlich etwas eifersüchtig
995 1857 2198 1911 ist, hat ihn in der Loge gesehen und möchte wissen, wer die schwarze
993 1905 2192 1965 Dame gewesen sei. Wie der Herr das Verhältniß seiner Frau sozu¬
993 1937 2226 1997 sagen über Nacht erfuhr, darüber schweigt sich der Verfasser aus. Die
993 1987 2198 2036 Aussprache zwischen dem betrogenen Gatten und Lobheimer endet mit
992 2028 2213 2076 einer Forderung. Lobheimer, der einen schlimmen Ausgang ahnt,
987 2060 2202 2115 fühlt das Bedürfniß, am Abend vor dem Duell Christine noch ein
989 2106 2202 2158 Mal zu sehen und sucht sie in ihrer bescheidenen Dachwohnung auf. Der Dichter
998 2158 2187 2191 hat den Charakter Christinen's in der Art von Egmont's Klärchen gezeichnet.
994 2182 2204 2234 Christine ist eigentlich eine brave Person, wie kommt sie nun zu der
993 2220 2206 2268 Bekanntschaft mit Mizi, die eine sehr leichte Person ist, und wie soll
998 2275 2196 2315 man sich den Besuch in dem Junggesellen=Heim erklären? Wie Suder¬
992 2289 2205 2346 mann seine Heldinnen mit solchen Dingen entstellt, so besubelt auch
997 2334 2212 2379 Schnitzler diese Christine mit ähnlichen moralischen Schmutzflecken.
994 2372 2202 2418 Christine dat keine Ahnung von den Beziehungen ihres Egmont zu
998 2420 2208 2466 der schwarzen Dame, geschweige denn von dem Duell. Lobheimer ist
984 2464 2205 2509 auf dem Alege, Christine, die er bisher nur als Spielzeng betrachtet hat,
985 2492 2203 2542 ernstlich zu lie ben, und glaubt, mit ihr glücklich werdenzu können. Christine
990 2544 2212 2585 ahnt so etwas und ist nun wie vom Donner gerührt, als Kaiser einige
997 2573 2199 2619 Tage später bei ihr eintritt und ihr den Tod ihres Ideals meldel und
999 2616 2197 2661 wie das so gekommen. Die beiden Scenen, die Liebes= und Abschieds¬
997 2648 2201 2703 Scene und die Schluß=Sceue, die Todes=Verkündigung sind dem Dichter
996 2688 2208 2749 gut gelungen und stellen sein Talent, das im Lyrischen gipfelt
994 2728 2203 2782 als Bühnen=Schriftsteller außer Zweifel. Das Schauspiel endet damit,
986 2763 2202 2811 daß Christine verzweifelt davonläuft. Wohin — das ist nicht schwer
997 2805 2207 2852 zu errathen. „Die kommt nicht wieder“, sagt der Varer, und dann fällt
993 2846 2197 2898 der Vorhang! Man kann leider nicht behaupten, daß diese Vorgänge
989 2886 2207 2941 bloß Trugbilder einer ungesunden Phantasie seien. Aber diese Wahrheit ist
996 2922 2208 2969 eine ebenso trostlose wie die Moral, die der Musikus zum besten gibt, eine
993 2964 2208 3010 laxe ist. Zur Zeit der romantischen Ritter=Komödien und spießbürger¬
987 3004 2206 3048 lichen Rührstücke lechzte man nach einem Tropfen Wahrheit und wenn
998 3039 2215 3096 sie uns geboten wurde, dann war es lauwarmes Zuckerwasser. Hente
1001 3082 2203 3134 stürzen uns die Poeten gleich ganze Kübel Lange und Jauche —— die
1586 3118 2213 3175 über den Kopf, daß man vor Ekel
995 3126 1588 3185 man für Wahrheit halten soll —
992 3154 2210 3221 krank werden könnte. Die Darstellung des widerlichen Stückes war
1008 3211 2216 3248 vortrefflich. Das was man zu sehen und zu hören bekam, war keine
991 3245 2207 3299 Komödie. Unnatürlich war nur die Wohnung des Musikers dargestellt,
999 3280 2195 3331 es fehlt uns eben noch immer die Decoration für ein solches kleinbür¬
1008 3322 2207 3374 gerliches Interieur. Das Hauptverdienst fällt Ober=Regisseur Lewinger
1006 3350 2206 3411 zu, der auch die Hauptarbeit hatte. Unter den Darstellern ragte Frau
1010 3392 2207 3452 Doré hervor, sie wächst mit jeder neuen Rolle. Die Schluß=Scene
1004 3436 2215 3483 war in Rede und Mimit ein Meisterstück der Schauspielkunst. Wie
1020 3470 2213 3525 schade, daß wir sie an das Deutsche Theater ziehen lassen müssen.
1004 3510 2226 3565 Dagegen bleiben uns die Herren Beck, Monnard, Leyrer und Bohnte.—
1010 3558 1436 3622 glücklicherweise erhalten.
1342 3782 1629 3842 B
