3436 4352
409 199 788 270 Liebelei
236 183 1393 294 5. LleiSeI box 10/1
1893 972 3345 1023 Preisfrage: Wie wurde die „Vocs della Verita“] fahren sieht, wird es,
818 984 1798 1058 ##. wirde, sagte mir dieses Opfer der Judenpresse.
1795 989 2671 1081 lügen, wenn sie einen anderen Namen trüge?
2934 1007 3343 1067 Es ist sehr zu befürch
632 1043 1789 1107 „Man wird es nicht wagen, in einer Stadt, in der Dr. Lueger
2945 1056 3340 1110 mit Euergie anwende
1798 1152 2938 1213 in's Grab gesunken. Besremdend ist insbesondere der Dichter,
2935 1146 3335 1221 dem einen erfährt n
1018 1145 1448 1262 Feuilleton.
1788 1202 2948 1248 der uns über die Art, in welcher die Ehe zwischen Paul
2947 1201 3347 1261 bereite, von dem an
1799 1247 2950 1312 und Anna entstanden ist, völlig im Dunkeln läßt. Das Stück heißt
2939 1245 3352 1309 jungen Damen sind
1795 1283 2942 1345 Rechte der Seele“. Welches sind diese Rechte? Meinte Giacosa,
2944 1290 3333 1351 Der Antor hat u
1043 1278 1405 1374 Burgtheater.
1789 1321 2946 1386 jede Frau habe das „Recht der Seele“ das Innerste ihres Herzens
2949 1319 3315 1387 seiner Muse mit
638 1350 1792 1424 Rechte der Seele“ Schauspiel in einem Acte von Giuseppe
1802 1367 2949 1431 für sich zu behalten? Meinte er, der Mann habe das Recht,
2947 1361 3316 1439 Don=Inan=Typus
637 1390 1794 1458 Giacosa; deutsch von Otto Eisenschitz. „Liebelei“ Schau¬
1790 1405 2947 1472 durch Ergründung dieser Geheimnisse sich Gemüthsruhe zu
2936 1392 3339 1474 ist vom Stamm
637 1434 1787 1519 spiel in drei Acten von Arthur Schnitzler. Beide zum ersten¬
1794 1457 2934 1520 verschaffen? Wird Paul von seiner Frau verlassen, weil er
2946 1455 3350 1520 sonpiren, wenn sie
883 1487 1574 1542 male aufgeführt am 9. October 1895.
2940 1501 3340 1560 der erste Act, und e
1785 1500 2949 1542 zu sehr Psycholog gewesen und zu neugierig nach den ge¬
722 1520 1793 1601 Paul ist seit fünf Jahren mit seiner Frau ver¬
1796 1541 2943 1602 heimsten Empfindungen forschte? Flieht Anna, weil Paul
2936 1538 3342 1599 Stimmung, daß d
629 1553 1796 1630 heiratet. Ludwig, schöner, jünger, männlicher als der Gatte,
1790 1581 2944 1634 zu wenig Psycholog gewesen und sie nicht rechtzeitig vor den
2935 1577 3345 1646 Garconwohnung de
636 1603 1800 1673 bewirbt sich um die Gunst der Dame. Sie bleibt nicht
1798 1630 2945 1677 Stürmen des eigenen Herzens zu behüten verstand. Das
2940 1623 3337 1691 übrigens eine pika
639 1652 1804 1719 unempfindlich, aber sie ist ihrer Pflicht eingedenk. Der ver¬
1796 1656 2939 1726 Alles sind Fragen, die das Drama auswirft. Keine wird
2937 1665 3323 1728 Freund Fritz aus
639 1703 1800 1759 schmähte Liebhaber erschießt sich. Die Geldtasche des Todten
1798 1701 2941 1762 beantwortet. Es ist ein Thesenstück, dessen grundlegende Be¬
2938 1706 3335 1772 Abenteuer hineinzur
646 1746 1806 1806 geräth in die Hände des überlebenden Freundes; er findet in
1800 1748 2947 1807 hauptung nicht zu fassen ist. Bald scheint es im individuellen
2944 1751 3343 1815 Erholung da. Nein
647 1787 1794 1838 ihr mehrere Briefe Anna's. So weiß er denn um das Ge¬
1790 1785 2938 1851 Leben zu wurzeln, bald schwingt es sich zu allgemeinen
2937 1805 3343 1852 haben nur angenehn
640 1827 1797 1882 heimniß. Paul entnimmt den Schriftstücken, daß die Frau den
1787 1827 2951 1898 Lehren auf und docirt, daß Ehemänner nicht allzu neugierig
2934 1837 3341 1898 nicht die tragischen
646 1876 1797 1926 schmachtenden Seladon abgewiesen habe. Aber er ist grüblerisch
1792 1879 2943 1936 sein dürfen. Nein, man wird aus Giacosa nicht klug. Aber
2940 1878 3340 1939 schaften. Ihn freut
630 1915 1807 1972 genug, zu fragen, warum dies geschehen. Aus Pflicht oder
1789 1919 2943 1983 er weiß durch das Halbdunkel seiner Problematik immerhin
2939 1911 3345 1980 ohne Qualen, ihn lock
632 1958 1786 2006 aus Liebe? Er will von der Pflichterfüllung der Gattin, von
1800 1956 2951 2023 zu fesseln und zu interessiren. Dennoch wird sein Einacter,
2935 1960 3341 2024 lächelnd den ersten
642 1991 1795 2054 grundsätzlicher Ehrbarkeit nichts wissen. Sie müsse aus
1792 1990 2946 2077 so fürchten wir, der Heldin gleichen, erst unverstanden sein
2947 2010 3306 2069 Rührung scheidet.
641 2040 1801 2086 Liebe zu ihm halten, nicht aus Treue. Er möchte um
1788 2043 2392 2110 und dann das Haus verlassen.
2936 2046 3342 2106 nehmen. Da wird uf
645 2080 1798 2137 seiner selbst willen nicht betrogen sein. Ist Anna nur auf
1870 2070 2950 2148 Die Hauptrollen liegen in den Händen des Herrn
2942 2093 3337 2151 Erste ist oder nicht;
637 2129 1792 2183 ihre sittliche Reinheit bedacht gewesen, schlug ihr Herz aber
1794 2114 2941 2184 Hartmann und der Frau Hohenfels. An dem aus¬
2941 2112 3351 2192 denke, daß ein And
635 2167 1788 2221 dem Dritten zärtlich entgegen, dann wäre er ihr keinen Dank
1795 2177 2939 2233 geseichneten Künstler haben sich nachgerade einige Eigenthüm¬
2940 2174 3343 2234 zu pflücken weiß. Di
647 2210 1794 2265 schuldig. Und indeß die Männer sonst nur neugierig sind, die
1791 2214 2952 2271 lichkeiten herausgebildet, die ihn langsam von seiner früheren
2945 2217 3311 2277 Studenten, ist die,
645 2252 1799 2309 Beweggründe zu erfahren, welche die Frauen in die Arme
1798 2246 2952 2316 Höhe herabgleiten tassen. Seine Art, mit den Händen in der
2947 2254 3346 2326 das letztemal sieh
638 2282 1802 2356 Anderer treiben, forscht dieser danach, warum die Genossin ihm
1788 2286 2953 2356 Luft herumzusägen, sie fortwährend fingernd vom Körper
2936 2296 3350 2363 ist die Liebelei. D
634 2337 1792 2392 treu geblieben sei; dieses Wunder sucht er sich zu erklären.
1798 2335 2945 2404 seitwärts wegzuheben, wird durch eine eigenartige Lähmung
2946 2329 3337 2407 monischen Weibe“
634 2380 1798 2434 Nicht ohne eine gewisse Gewaltsamkeit nimmt er Anna die Beichte
1793 2367 2940 2442 ergänzt, welche die Beweglichkeit der Beine beeinträchtigt
2944 2378 3306 2443 wird mit einer
636 2428 1797 2482 ab. Sie erklärt ihm, daß ie ihn nie geliebt, daß ihr
1794 2427 2948 2477 und sie am Boden haften läßt. In Augenblicken der Erregung
2940 2417 3343 2487 nicht außeracht läßt,
643 2455 1796 2509 Herz immer Ludwig gehört habe, daß die Reue ob ihrer
1793 2461 2943 2528 sieht Herr Hartmann aus wie ein Mann, dem die
2943 2473 3332 2527 Schlager Mizzi ist
637 2506 1794 2554 Tugend ihr auf dem Gemüthe brenne. Sie ist empört
1794 2499 2938 2566 Füße dort, wo er steht, angenagelt worden und der
2947 2504 3343 2569 gestellt. Die Beziehu
639 2539 1796 2600 darüber, daß ihr Mann in brutalster Neugierde das Innerste
1787 2547 2947 2614 sich trotzdem bemüht zur Decke emporzufliegen. Geradezu
2944 2547 3351 2622 sind ziemlich einfach
638 2585 1805 2641 ihrer Seele an's Licht zerre. Paul ist ganz zerknirscht. Und
1798 2586 2938 2653 überwältigend spielte Frau Hohenfels. Sie hat Töne in der
2940 2596 3340 2654 lichen Umwelt. „Di
647 2635 1794 2682 Anna verläßt ihn zur selbigen Stunde. Eine italienische Nora.
1796 2635 2937 2692 Kehle, welche in einem Nu ganze Romancapitel voll der
2945 2640 3291 2691 der Doctor sagt:
637 2661 1801 2727 Kaum entdeckt sie, daß der Mann sie nicht begreift, so flüchtet
1795 2679 2935 2730 feinsten Seelenzergliederung ersetzen. In der Scene, in welcher
2943 2674 3346 2745 stärkeren Geschlechtes
644 2715 1795 2770 sie schon in die weite Welt, welche ihr sicherlich kein zarteres
1798 2717 2946 2778 der Ungestüm des Mannes ihr endlich die Zunge löst und
2934 2721 3343 2782 Sie schätzt das M
646 2759 1790 2811 Verständniß entgegenbringen wird; gleichviel, sie überläßt
1795 2767 2949 2831 ihr das sorgfältig gehütete Geheimniß entreißt, entfaltet sie
2941 2755 3344 2823 sich trefflich auf Aufsch
634 2799 1798 2852 den Philister, der ihrer unwürdig ist, der Einsamkeit. Das
2930 2811 3350 2859 die Männer nicht wert
1793 2794 2943 2857 eine Kraft, einen Nachdruck, eine markige Wucht der Dar¬
644 2837 1791 2901 sind sonderbare Gestalten und sonderbare Vorgänge ereignen
2936 2833 3329 2909 macht. So schlürft
1791 2851 2939 2924 stellung, die man diesem zarten Liebreiz kaum zugemuthet
1788 2893 1950 2955 hätte.
652 2890 1795 2953 sich zwischen ihnen. Befremdend ist der Mann, der dort
2945 2881 3351 2955 Da klingelt es plötzl
641 2921 1801 2986 Probleme ausklügelt, wo solche sich in einer für ihn erfreu¬
1875 2924 2948 2988 Das Ereigniß des Abends war die Aufführung eines in
2933 2926 3345 2997 Herr aus einer ande
640 2966 1794 3026 lichen Weise bereits gelöst haben, befremdend die Frau,
1788 2948 2936 3030 Wien handelnden Stückes, welches ein in Wien schreibender
2933 2966 3299 3034 schauungen hegt,
635 3010 1799 3076 welche ihr Liebesglück opfert, um bei dem ungeliebten Gatten
1795 3002 2936 3065 Autor verfaßt hat. Arthur Schnitzler's „Liebelei“ führt uns
2933 3000 3323 3086 gebe, welche wohl
636 3044 3349 3115 bleiben zu können, und diesen verläßt, nachdem der Verehrer zwei Pärchen vor. Die jungen Herren sind Studenten; von Gatte der „Där., onis
316 3205 817 3439 Ia. Gub.
1037 3251 1340 3457 2
