3436 4256
457 152 847 222 Liebelei
299 134 1451 268 5. Mae box 11/6
2945 1134 3407 1202 1 Sonnabend zum Ka
1823 1168 2685 1238 der Tond. Ztg. zufolge 180000 K genannt.
648 1188 1607 1279 unter Eijenrufen auf den König geschlossen.
1810 1240 3404 1361 Sinne und Grade Franz Neumann getan in seinem] auch des betrogenen
2997 1278 3408 1347 schlagenes Buch. Un
1825 1298 2987 1379 nusikalischen Schauspiel „Liebelei". In der Tat haben
3004 1317 3398 1375 sucht nach ddem Ge
867 1317 1634 1407 Rammermusik-Matinee.
1833 1338 2986 1425 wir es hier zunächst mit einem regelrechten Schauspiel zu
3007 1355 3406 1422 Freundin Zweifel 6
1832 1363 2987 1458 tun, genau wie in Schnitzlers gleichnamiger dramatischer
3000 1392 3416 1461 am Hause Fritzens
734 1400 1813 1467 Mit der Vorführung des Brahmschen C-moll=Streich¬
1840 1405 2994 1498 Dichtung; hier also mit einem musikalischen Schauspiel.
3008 1434 3410 1494 er also doch, wie er
656 1437 1821 1520 quartebts am Sonntag mittag haben sich die Herren
1835 1450 2989 1528 Hat ein solches überhaupt eine Berechtigung? Gelingt :8
2997 1474 3408 1531 verständigt uns ein
653 1472 1830 1536 Konzertmeister Darmstadt, Habenicht, Reitz und
1840 1491 2994 1579 dem Tonkünstler vermittelst der Musik, die feineren
3006 1502 3410 1582 Trauermarsch den
659 1507 1834 1584 de Jager eine keineswegs leichte Aufgabe gestellt. Von
1832 1527 2994 1613 Fäden des Kunstwerks bloßzulegen und damit das Werk
3004 1563 3177 1629 sache.
654 1548 1833 1634 allen Kannnermusikwenken des nordischen Meisters ist das
1838 1566 2995 1651 dem Hörer sogleich, oder doch mindestens ungleich schneller
3080 1573 3398 1647 So ließe sich
666 1581 1835 1655 C-moll=Quarbett vielleicht am wenigsten einer äußerlichen
1838 1605 2998 1685 als der reflektierende Verstand das vermag, nahe zu
3011 1623 3411 1702 läuterungen durch d
667 1632 1834 1704 Musihmacherei zugänglich. Nur der wirkliche Künstler, der
1841 1656 3018 1737 bringen; geliggt es ihm, die Psyche des Kunstwerks zu
3012 1668 3417 1731 sich von edler Erf##
672 1670 1821 1736 sich ihm mit warmem Herzen nähert, dem die Ausübung
1851 1683 3003 1766 fassen und dieses damit von innen heraus dem Hörer zu
3013 1709 3410 1776 schöner, harmonisch
675 1695 1829 1776 seiner Kunst ein Herzensbedürfnis gewovden ist, und bei
1854 1721 3000 1808 beleuchten, so schafft er zweifellos neue Werke und die Art
3018 1749 3404 1803 tiger instrumentale
661 1734 1842 1809 dem sich die nicht unbadeutenden technischen Aufgaben spie¬
1850 1773 2779 1859 seiwes Schaffens hat damit ihre Berechtigung.
3024 1795 3233 1844 Teilen de
666 1775 1847 1866 lend lösen, so daß über allem Rhythmus die Seele siegen
1921 1798 3000 1871 Wie sicht es nun, von diesem Gesichtspunkt betrachtet,
3012 1836 3175 1888 Jedens
674 1819 1839 1903 kann, nur er allein kann solcher nach innen gewandten
1863 1847 3011 1923 mit Franz Neumanns „Oper“ aus? Es würde mich
3022 1874 3150 1929 zuneh
678 1852 1844 1936 Musik, die aus übervollem Herzen quoll, ein beredter Für¬
1851 1880 2998 1964 hier viel zu weit führen, wollte ich der an Hand der mir
3022 1917 3121 1966 zu t
682 1898 1837 1985 sprecher sein. Und das waren unsere heimischen Quartett¬
1859 1926 3006 2006 vorliegenden Partitur und in Anlehnung an die gang aus¬
3025 1952 3115 2003 Art
682 1934 1845 2015 genossen in der Tat. Sie gaben den poesievollen Gestalten
1851 1954 3017 2051 gezeichnete, künstlerisch geradezu hervorra¬
3017 1996 3108 2042 ma
674 1983 1840 2060 der B hnischen Phantasie in der stimmungstiefen Ro¬
1855 1996 3015 2081 gende Aufführung des Werks im einzelnen davtun.
3017 2033 3087 2077 60
667 2020 1842 2095 manze Licht und Leben und gestatteten dem Hörer auch
1861 2017 3007 2121 Nur die Hauptsache sei hervorzuheben. Neumanns
3031 2072 3093 2128 D
675 2059 1844 2155 einen vollen Einblick in die wur erbare Kraft dder Har¬
1850 2074 3008 2153 Musik bemüht sich nicht allein, der Charakteristik der ein¬
687 2096 1847 2170 monik, die 6h namentlich in den beiden Ecksätzen offen¬
1860 2115 3013 2202 zelnen Personen beizukommen, sie folgt zugleich dem
690 2130 1847 2210 bart und hier so recht die grüblerische Eigenart Brahm¬
1856 2153 3018 2228 feinen Rhythmus der Szene mit nicht selten geradezu ver¬
686 2169 1843 2261 schen Geistes bennzeichnet. Nur bei einer solchen Dar¬
1865 2191 3019 2273 blüffendem Erfolg. Neumanns Musik leuchtet seinen Men¬
3019 2230 3088 2278 1
683 2216 1854 2292 legung, in welcher alle verborgenen Schönheiten gehoben
1867 2236 3017 2318 schen ins Herz, rafft an entscheidenden Stellen das bereits
3019 2270 3086 2327 01
690 2255 1850 2330 wurden, konnte man einer Gegenüberstellung des tief¬
1876 2269 3018 2356 früher in Tönen gesagte kurz und treffend zusammen und
3027 2312 3088 2353 41
683 2289 1854 2377 gründigen Quartetts mit den schlichten innigen Ton¬
1869 2303 3026 2390 läßt daher nicht allein über die Art der zu charakterisieren¬
3043 2347 3093 2391 E
684 2326 1857 2395 poasien, wie sie ddas Mazartsche Es-dur=Divertimento für
1868 2350 3014 2436 den Situation keinen Zweifel, sondern weiß das Interesse
3046 2384 3098 2428 (9
695 2360 1854 2437 Violine, Bratsche und Cello offenbaven, zustimmen. Auch
1867 2390 3019 2467 der Hörer mit besonderem Nachdruck wachzuhalten. Wenn
683 2399 1855 2496 hienmit erwarben sich die Herren Darmstadt, Reitz
1860 2432 3028 2503 beispielsweise zu Beginn des 3. Abtes Christine über eine
680 2450 1857 2517 und de Jager den Anspruch auf allseitige Anerkennung
1873 2459 3024 2551 Arbeit gebeugt still und scheinbar in seelischem Gleich¬
1661 2494 1821 2556 H—r.
697 2489 1601 2579 seitens des zahlreich erschienenen Publikums.
1867 2514 3026 2589 gewicht am Fenster sitzt, die Musik verrät's uns; das
3035 2530 3087 2585 9
1878 2544 3025 2627 schöne Eingangsthema erzählt's: „All' meine Gedanken,
1874 2573 3029 2662 die ich hab'“ es ist die Weise des Liedes, das das Mädchen
3035 2616 3087 2670 r
959 2590 1598 2691 Hieler Stadttheater.
1885 2625 3036 2706 in froher Stunde dem Geliebten gesungen. Uebrigens
1868 2657 3031 2735 weist gerade die musikalische Thematik der Chvistine ein
704 2666 1860 2757 „Liebelei“, Oper in 3 Akten von Franz Neumann.
1869 2704 3034 2775 ganz reizendes Grundmotiv zu, das in wechselnder Klang¬
702 2713 1861 2806 Text nach dem gleichnamigen Schauspiel von A. Schnitzler.
1880 2742 3041 2825 farbe und Harmonie bei gewissen melodischen Verände¬
780 2765 1859 2842 Die modernen Künstler betonen ein schrankenloses
1870 2776 3042 2855 rungen sie durch das Werk oft begleitet. Oder man nehme
698 2818 1861 2900 Recht der subjektiven künstlerischen Gestaltung. Aber was
1875 2825 3040 2892 die überaus wirkungsvolle vierte Szene des ersten Aktes,
3048 2851 3103 2901 st
698 2858 1858 2915 Richard Wagner, insbesondere veranlaßt durch die
1885 2854 3045 2933 die das Auftreten des beleidigten Herrn bringt. Hier gibt
3051 2894 3128 2938 we
696 2895 1859 2976 heldenhafte Größe seiner Vorwürfe, mit gewaltigen, nicht
1874 2896 3040 2977 die Musik mnit unheimlicher Präzision den Grundton des
3049 2929 3152 2986 man
708 2936 1868 3016 selten übergroßen Mitteln (Tristan) zu fassen sucht, das
1886 2936 3038 3019 ganzen Auftvitts; der anfänglich angenommene leichte
3052 2964 3255 3030 neue Ers.
705 2972 1871 3038 rücken die Modernen gewissermaßen aus höheren Regionen
1867 2971 3042 3042 Konversationston der sich Unterhaltenden erscheint sofort
695 3010 1874 3094 hinunter in die Sphäve alltäglichen Lebens. Ich erinnere
698 3013 3034 3142 in „Butteflu“. an Wobôme“. Das hat in besonderem als Lüge das Innene der beiden Redenden inshesonder¬
1554 3105 2815 3312 Keelen zerine
3373 2960 3422 3013 et
