3436 4256
441 170 806 245 Liebelei
944 176 1394 270 box 10/8
257 176 838 283 5. L MaA
851 191 935 283 1000
848 1015 1254 1083 Telefon 12801.
566 1122 1579 1196 Unternehmen für Zeitungs-Ausschnitte.
1451 1158 1627 1235 Ausschnitt
265 1156 539 1308 6165
730 1198 1736 1330 „OBSERVER“ Nr. 50
346 1327 1726 1397 L. österr. behördl. conc. Bureau für Zeitungsberichte u. Personalnachrich
513 1393 1610 1484 Wien, IX/1, Türkenstrasse 17.
744 1489 1404 1557 Filiale in Budapest: „Flgyelé“ -
426 1547 1691 1624 Vertretungen in Berlin, Chicago, London, Newyork, Paris, Stockholm.
328 1673 878 1757 Ausschnitt aus:
1056 1637 1654 1763 Polibia, Prag
353 1817 936 1907 vom  „
747 2038 1446 2185 Kunst und Literatur.
624 2176 1684 2269 + Nationaltheater (Schnitzler's— „Liebelen
1607 2204 1682 2240 7#
510 2203 1689 2299 Fräulein Ella Dun k als Gast.) Ein oft erwartetes
508 2246 1678 2334 Gastspiel ist fast vor Thorschluß von der alten Theaterleitung
498 2272 1694 2376 verwirklicht worden. Das Auftreten von Frl. Dumek als süßes
500 2308 1681 2415 Mädel aus der Vorstadt im Schnitzler's Stücke. Die Darstellerin
497 2366 1690 2450 ist kein Neuling auf der Bühne und es gelang ihr gleich im ersten
493 2404 1686 2490 Akte ein unanfechtbares Goal zu treten. Der Ausdruck dürfte in
487 2433 772 2493 Referaten nicht
823 2452 1686 2532 lich sein, oder doch noch nicht üblich sein, und
499 2471 742 2526 ich weiß selbe
863 2495 1519 2556 wie ich auf ihn verfallen konnte.
1517 2514 1559 2549 —
1554 2514 1693 2564 Das
499 2512 719 2564 machen die
852 2535 1683 2590 von ihnen hört man auf der Gasse, ihr Lob
608 2547 737 2605 t im S
839 2562 1679 2630 wie in der Kneipe, das Interesse für den Sport
649 2599 1682 2675 unter dem Einfluß ihres hart errungenen Sieges und
721 2636 1669 2717 teus die widerstrebendsten Kreise. Auch das Theater
697 2677 1667 2749 verschont, sie haben dort gleich am Abend ihrer An¬
709 2718 1668 2792 aart der berühmten böhmischen Dörfer und die Sitten
630 2754 1671 2817 Volkes an der Quelle studirt, nämlich an Stroupeznicky's
597 2782 746 2834 furianti
786 2798 1663 2863 und haben dort auch den ersten Eindruck von
588 2824 1662 2914 em Volkswesen durch den Mund der urprächtigen Christine
578 2861 1671 2949 Frau Hübner erhalten. Was Wunder, daß ich fürchten muß,
471 2895 696 2954 den Beifall,
783 2907 1665 2983 Frl. Dumek erhielt, mit den Acclamationen für
461 2933 652 2993 die dänif
785 2956 1668 3021 denten, die tragische Idylle des Hinterhausstüb¬
462 2973 666 3028 chens mit
780 2989 1654 3073 iteren Epopoe des heißen Kampfes auf dem Bel¬
469 3014 693 3079 vedereplatea
789 3025 1033 3079 verwechseln?
597 3055 695 3098 Es i
776 3048 1649 3138 ht leicht für eine Darstellerin auf einer ihr neuen
470 3072 1647 3177 Bühne sich des Balls zu bemächtigen und durch die „Haltbacks“ des
471 3124 609 3177 Hängen
343 3148 458 3210 Für
656 3137 1737 3224 am Gewohnten, der Trägheit und Achtlosigkeit des ive
455 3157 580 3215 Publ
695 3180 1647 3246 — nein, der werthe, freundliche Leser sieht, daß heute
435 3192 564 3255 1 an 1
657 3214 1644 3294 opfen und Malz verloren ist, daß ich aber von Fräulein
432 3237 567 3293 2 Dun
1644 3246 1712 3295 ar
665 3260 1743 3322 ene etwas Gutes sagen möchte, wie es ihre Darstellung aus
427 3281 1655 3357 5 der Christine vollauf verdient hat. Hoffentlich haben wir sie nicht
384 3316 1265 3393 .10 zum letztenmale auf unserer Bühne gesehen.
1343 3362 1635 3445 Ar ti.
1640 3398 1730 3465 es
353 3390 1021 3462 Abonnement durch keins vescme
349 3438 1678 3503 Abonnenten frei die aufgegebenen Themen zu ergänzen oder zu ändern.
2320 1070 2725 1134 Telefon 12801.
1850 1163 3191 1237 Alex. Weigl’s Unternehmen für Zeitungs-Ausschnitte
2860 1221 3056 1283 Ausschnltt
2896 1277 3067 1368 Nr.
2195 1251 2842 1377 „OBSERVER“
1889 1276 1975 1385 7
1812 1361 3240 1457 I. österr. behördl. conc. Bureau für Zeitungsberichte u. Personalnachrichten
1982 1440 3083 1541 Wien, IX, Türkenstrasse 17.
2176 1522 2849 1615 — Filiale in Budapest: „Figyelö“
1796 1590 3258 1675 Vertretungen in Berlin, Chicago, Genf, London, Newyork, Paris, Rom, Stockbolm.
2426 1712 3289 1808 Rasesaln
1796 1728 2336 1820 Ausschnitt aus:
2757 1798 3076 1910 A
1808 1851 2361 1960 vom 3 7%
2601 1884 2879 1976 □ 7#h,
2367 2139 2734 2218 DIVADLO
2182 2251 3077 2327 . 2 Národniho divadla. („Jako to
2034 2297 3079 2360 listi“.) Na sklonku své Zinnosti vytasila se diva¬
2037 2345 3078 2383 delni sprava cennou, kräsnou novinkou a to v pro
2050 2382 3082 2437 vedeni, jemuz nalezi celkem vsechna dest. Vlasky
2041 2413 3097 2461 dramatik G. Giacosa znam jest uz u nas aktovkou
2045 2461 3082 2519 „Prava duse“ hlubokou a silnou — nové jeho dilo,
2033 2477 3085 2534 jimz se po neméné nez deseti letech mléeni pfihlä¬
2034 2537 3073 2596 sil znovu v literatufe, je dilem tiché, bohaté poesie
2040 2574 3076 2628 a zvlästni delikätnosti, jaké je v moderni literatufe
2036 2615 3081 2660 pfes vsechny naladové experimenty poskrovnu. Bez
2036 2650 3085 2702 thematiénosti a bez hesel rozviji se tu pfed námi
2034 2677 3239 2758 „tiché, mékce bolestné drama upadkového rozvratu, nelusive
1962 2693 2036 2749 50
1850 2692 1948 2754 Für
2033 2723 3201 2793 a konéi smirnym akkordem, aniz by pri tom ustu Porto.
1939 2741 2035 2794 100
2027 2756 3216 2828 spovalo citlivosti rozruseného diväka. Novou bru Gia-yghlbar
1937 2778 2042 2832 200
2038 2797 3247 2869 scosovu lze poklädati za jeden z nejvétsich uspéchdg Voraus.
1942 2824 2029 2868 500
2035 2842 3076 2889 moderniho dramatu vlaského — die mého minèni
1876 2867 3074 2934 „ 1000 tim cennéjsiho, ze nejde na trh s bubnem té# skoro
3067 2866 3270 2951 #e ist das
1941 2922 3056 2972 Im jiz protivné reklamy, kterà ted provazi vsechny nu¬
1826 2932 3274 3010 Abonnemen cené a namnoze zcela falesné dramatické exkurse iht es den¬
1828 3001 3117 3053 Abonnenten d’Annunziovy. Vyhrazuji si podrobnéjsi rozhovor M.
2032 3038 3071 3071 0 Giacosové hfe pro pfisti dny. Prozatim zazname¬
2027 3056 3279 3129 navam jeji vnéjsi uspéch na deské scéné, o néjz mä laltend die
1939 3093 3285 3170 Derzasluhu i peélivà rezie pané Seifertova. Zvlasté po-Horgen¬
1836 3135 3274 3201 Inhaltsanfkoj druhého déjstvi dychl do hledisté intimitou, jizr Zeitung“)
1835 3178 3275 3245 blätte Fnesnadno lze dociliti v stodolovych rozmérech nasello iche Leben
1846 3214 3285 3292 wolurch eijevisté. Predstaveni zprvu väzlo v obvyklych roz-ttheilungen
1830 3253 3067 3317 des In- Upacich nedostudované premiery, ale pozdéji nabyvalo
1835 3288 3064 3357 werden in päladovosti a vervy, ja é bohuzel nebyvä nazbyt
3016 3341 3079 3372 74
2082 3344 2742 3378 nasi éinohfe. Nedävné pfedstav
2705 3342 3049 3399 en„Milkovän.
2011 3380 3072 3430 byla zu#nym opakenoneirdefsillo prijemného.redera.
2042 3422 3077 3478 Z posledmi saisony je toto predstäven) nejcennéjsim
2022 3461 3070 3494 odkazem nové divadelni sprävé, ktera bohda s po¬
2016 3497 3050 3547 vdékem pojme hru Giacosovu do sveho repertoiru.
