3344 4224
275 124 688 194 Liebelei
282 184 819 221 —
823 80 1255 198 box 13/4
1252 487 1606 568 N“ pe Dusit —
1056 558 1899 685 Eeteat de PARIC-COIR
1295 657 1946 748 Faub. Mommartie, 10, IXa
1057 706 1258 765 Adresse
1049 799 1268 865 Date:
1325 744 1747 873 24 Mal 1933
1058 896 1418 962 Signalure
1011 1000 1331 1072 B
951 1016 1063 1088 S
1263 1077 1934 1207 NEMA
936 1079 1117 1255 2
1012 1268 1585 1379 Quelques minutes
1676 1265 2416 1397 Programme
976 1367 1631 1461 vec Magda Schneider
1694 1447 2182 1504 Ps: Spectacle permanent.
1692 1478 2098 1520 Sr: Boirée seulomenl.
1695 1501 2186 1560 N. .: Matinée et sofrée.
1015 1451 1544 1568 Tactrice-enfant
1679 1530 2387 1595 Aetnal. Ciné-Paris-solr, 5, av. République. P.
1667 1575 2442 1633 Actualités Ciné Paris-Midl, gare St-Lazare. P.
942 1571 1650 1640 Près de la fenétre, grande ouverte zur
1665 1612 2230 1653 Alhambra, 3 h., 9 h.: Pullman 12.
925 1629 1655 1677 ce tiede et brumenx après-midl de prin¬
1672 1636 2132 1671 Agrienlteurs : Nagana. M.S.
1669 1657 2147 1702 Agora : L'Opéra de 4 sous. P.
921 1659 1649 1706 tempf, 4 Magda Schneider: est assise
1667 1690 2390 1733 Apollo: Harpon rouge, Masques die eire. P.
928 1701 1648 1746 dans un grand fauteuil en velburs vieux
1664 1726 2188 1763 ArtEtie: Bonsoir Vienne. M.S.
924 1733 1658 1767 vert et, avec l’applination d’une éco¬
1670 1745 2308 1784 Aubert-Palace: Ma schur masszase. P.
917 1769 1646 1810 lère, en sugant la pointe de son crayon,
1663 1784 2203 1824 Auteull-Bon-Ciné: Détectivt S.
923 1803 1651 1841 écrit des mots sur deux colonnes.. Mais
1674 1802 2415 1866 Barbes-Pal.: Danseuses p. tdenos-Ayres. M.S.
925 1829 1646 1874 son professeur interrompt, en ma fa¬
1671 1841 2336 1877 Batignolles: Mlle Josette mr. femme. M.S.
1670 1871 2063 1909 Bonaparte: Nagana. P.
918 1866 1651 1914 veur, la leçon de français, et Magda en
1673 1889 2266 1938 Boulvardia: La petite vendeuse. M.S.
893 1904 1657 1950 beignoir rose, ses pieds nus chausses de
1667 1931 2189 1962 Caméo : Professeur Cupidon. P.
911 1939 1648 1979 petites mules bleu de ciel me regoit et
1661 1942 2376 1994 Capitole-Pathé: Mile Josette ma femme. S.
913 1965 2201 2042 ferme son grand carnet noir sur le Japucines: Les prisonnières. M.#.
925 1999 1662 2050 mot: g modérés, qu’elle répête une ou
1667 2010 2010 2058 Carillon : Tarzan. P.
916 2033 1664 2089 deux fois, en riant d’un air tétu, com¬
1665 2022 2378 2088 Chantecler : Express, Of va l’Allemagne. M.B.
1658 2067 2358 2109 Cigale-Ciaé: Ctesse de Monte Tristo. M.S.
913 2067 1468 2116 me si c’était trös difficile!
1675 2104 2371 2158 Ciné-Ch.-Ely##es : Si Javal tu million. P.
941 2099 1656 2158 Magda Schneider nous est tombée du
1679 2133 2067 2173 Ciné-Opora : Nagana. P.
912 2143 1650 2186 clel, car, depuis quelques semaines, on
1682 2159 2110 2201 Ciné-Pathé Topaze. M.S.
923 2186 1652 2226 donne Liebelei au Studio de l’Etoile et
1672 2183 2356 2241 Clichy-Palate: Seigneurs de la Jungle. P.
1674 2221 2238 2261 Cluny-Palace: Je suis un évadé. P.
915 2216 1648 2256 quand on a vu Liebelei, on n’oublie pas
1668 2246 2236 2282 Colisén: La vole sans disque. M.S.
921 2249 1661 2292 le petit visage d’oiseau de Magda...:
1672 2276 2253 2321 Convention : Touchone du böis. M.S.
917 2277 1651 2321 un visage enfantin, avec un petit nez
1669 2309 2270 2339 Corso-Opéra : Le chant d’une nuft. P.
919 2309 1658 2367 un peu retroussé et qul. parfois, quand
1672 2319 2342 2383 Courcelles : Le champion du régiment. P.
926 2355 1663 2409 elle vous parle, se fronce pour donner
1674 2368 2327 2402 Delta : Comtesse de Monte-Cristo. M.S.
922 2369 1472 2429 plus de poids à ses paroles.
1673 2391 2413 2435 Demours-Pathé: Les 2 -Monsieurs de Mme. M.S.
943 2411 1465 2466 Est-elle jolle, très jolie?
1660 2430 2422 2471 Edouard-VII: Foire aux illusions (s.-t. fr.). M.S.
1668 2457 2236 2494 Eldorado: Touchons du bois. M.S.
940 2449 1658 2503 Oui, si le charme, si la dou#eur timi¬
1668 2465 2407 2532 Elysée-Gaumont: Le couché de la mariée. M.S.
1542 2495 1661 2552 chose
932 2495 1535 2552 de d’un visage avec ce quelque
1664 2513 2395 2566 Fol.-Dram.: Oncie Moses (parl. yiddish). M.S.
1672 2546 2210 2595 Galté-Rochechouart: Fanny M.S.
1665 2568 2200 2614 Gambetta: Rome-Expresso. 2ö. S.
1664 2597 2314 2641 Gaumont-Palace: Le mart garçon. M.S.
1662 2632 2317 2677 Gd Ciné Aubert: Touchons du bois. M.S.
1671 2667 2293 2697 Grenelle-Aubert: Rome-Express. M.S.
1664 2691 2380 2740 Imperator, 113, r. Oberk.: Maquillage. M.S.
1666 2725 2344 2769 Imp.-Pathé: Testament du Dr Mabuse. P.
1662 2754 2239 2793 Kinérama: Enfant de ma scur. P.
1653 2771 2339 2817 La Pagode: La chanson d’uns nuit. M.S.
1646 2815 2314 2850 Lord Byren: The Kid Trom spain. M.S.
1651 2842 2383 2894 Louzor-Pethé: Mile Josette ma femme. M.S.
1652 2874 2247 2913 Les Ml#cies: Don Quichotte. M.S.
1654 2904 2313 2953 Lutétla-Pothe: Silence on tourne. M.S.
1660 2931 2226 2983 Madeleine: La Belle de Salgon. P.
1657 2957 2413 3001 Malllot-Palace: Prenez garde à la peinture. P.
1669 2996 2345 3039 Mareadet-Palace: Touchons du bois. M.S.
1754 3026 2340 3061 nan-Paché: Moi et l'Impératrice. P.
1673 3026 1755 3067 Maris
1784 3052 2163 3100 y: Jui a raison 7 M.S.
1676 3058 1754 3093 Mari
1665 3070 2332 3138 Marlvanx-T’athé: Théodore et Cie. 2 M.S.
1652 3113 2280 3152 Max-Linder : Pas besoln d’argent. P.
1667 3144 2413 3186 Métropole-Pathé: Mile Josette ma femme. S.
1667 3181 2364 3211 Montrouge-Aubert : Touchons du bois. M.S.
1657 3210 2265 3247 Montrouge-Théatre: Maquillage. M.S.
1662 3237 2382 3289 Moulin-Rouge: Dame de chez Maxin s. M.S.
1660 3275 2166 3315 Mésange: Fasseport jaune. S.
1675 3297 2318 3356 Mozart-Pathé: Silence on tourne. M.S.
1672 3330 2138 3366 Oiympla: Une idée folle. P.
1674 3343 2424 3414 Omn.-Pathé: Perdus en mer, Pompiers Paris. P.
1664 3393 2221 3426 Palace: Bas fonds (Le piege). P.
1357 3427 1426 3459 S
1667 3426 2154 3468 Palace-Italie: Maquillage. 8.
1663 3434 2361 3483 Pal.-Croix-Nivert: Allo Berlin, ict Paris. S.
1672 3479 2439 3525 Palais-Rochechouart: Touchons du bois. M.S.
1662 3508 2079 3552 Panthéon: Trenck. M.S.
1665 3545 2083 3588 Paramonnt: La poule. P.
1660 3560 2171 3611 Raspall 216 : Lady Lou. M.S.
1108 3572 1493 3643 Magda Schneider
1666 3596 2248 3633 Régina-Palace: Rome-Express. M.S.
1672 3628 2248 3673 Rex: La mille et deuxième nuft. P.
1667 3656 2282 3691 Royal-Pathé: Touchons du bois. M.S.
915 3642 1663 3707 dhésitant dans la voix sont plus émou¬
1659 3676 2375 3725 Salnt-Marcel: Mlle Josette ma femme. S.
925 3694 1537 3738 vants que la classique beauté.
1667 3715 2271 3754 Saint-Paul : Touchons du bois. M.S.
1672 3729 2418 3790 Sélect-Pathé: Les 2 & Monsteur , de Mme. M.S.
957 3737 1658 3800 Alaide de cette étonnante femme¬
1673 3777 2374 3807 Studlo Caumartin : 25, Back Street. 2 M.S.
928 3776 1655 3828 enfant le monde particulier de
1668 3808 2421 3851 Studlo Diamant: Fllms amateurs: Extase. M.S.
927 3808 1505 3867 Schnitzler nous a été révélé.
1676 3835 2329 3878 Studlo Etolle: Liebelei (sit. fr.). 2 M.S.
949 3843 1651 3902 Ce monde de douceur et de passions
1674 3862 2207 3903 Studlo Parnasse: Amitié. 2 M.S.
1669 3884 2336 3928 Studlo Pigalle: Les hommes maudits. P.
914 3887 1661 3929 contenues ou les étres aiment avec dis¬
1667 3915 2412 3964 Studlo 28 : Million dollars legs, Le Pélerin. M.S.
924 3929 1664 3970 crétion. Un monde désuet et chargé de
1675 3950 2180 3989 Tivoll.: Touchons du bois. M.S.
920 3960 1657 3999 mélancolie ou toute grande aventure, à
1671 3978 2243 4013 Uraulines : Président Fantöme. M.S.
911 3994 1659 4034 peine ébauchée, finit mal, comme dans
1681 4014 2254 4050 Victor-Huge: Touchons du bois. S.
914 4030 1657 4070 la vie, mais plus töt que dans la vie.
1667 4044 2281 4087 Washington : 42d, street (s.-t. fr.). P.
932 4059 1662 4096 Un monde ou le passé vient surprendre
