3436 4256
313 169 692 243 Liebelei
166 178 717 280 5: Aennennnnn
842 164 1282 256 P 12//8
1042 980 1588 1041 in der lieblichen Kinderszene
1005 1007 1670 1093 R. Backhaus staus „ls an ##
931 1093 1073 1247 7
1197 1158 1931 1246 Dr. Max Goldschmidt
1201 1238 1834 1321 Büro für Zeitungsausschnitte
1561 1288 2024 1377 Teleion: Norden 3051
1025 1303 1312 1376 BERLIN N 4
1127 1448 1922 1546 Ostdeutsche Morgenpost, Beuthen
1379 1561 1795 1661 9. Nov. 1926
1183 1810 1765 1895 Stadttheater Gleiwitz
1228 1875 1696 1955 Schnitzler: „Liebelei“
1056 1946 1944 2025 Ein Hauch =Wertheit und Elegie liegt über
1003 1991 1937 2062 Schnitzlers bunter Welt, über dieser Welt, die in
1005 2025 1928 2099 ihrer Schönheit immer ein wenig traurig und in
1014 2064 1940 2136 ihrer Traunigkeit immer schön ist. Es ist wie das
1009 2102 1945 2174 Vergleiten eines müden, eines übermüdeten
994 2146 1925 2217 Sommerabends. Es liegt jene Sensibilität, die
992 2170 1922 2248 aus jedem Geschehen den Stimmungsgehalt er¬
990 2219 1929 2293 tastet, die in den grauen Tönen des Alltags leise,
995 2260 1923 2317 versteckte Melodien findet. Vertönendes Saiten¬
991 2287 1928 2368 spiel, leicht welkende Rosen haben etwas von die¬
995 2332 1921 2414 ser Stimmung, die aus einer stillen Freudigkeit
992 2372 1933 2452 dünn aufklingt und in Elegie vergleitet. Immer
1063 2417 1931 2480 Schnitzler diese Stimmungen lang aus¬
981 2450 1919 2521 tönen, überdeckt sie mit scherzhafter Grazie und
983 2493 1918 2569 macht noch Sentimentalitäten durch spielerische
981 2522 1309 2590 Grazie wertvoll.
1023 2576 1915 2653 Nicht sein bestes Werk ist die „Liebelei“ Aber
981 2613 1905 2683 sie bringt jenes Ineinandergleiten von Stim¬
972 2645 1914 2730 mungen, jenes spielerische Aufklingen Verschwin¬
976 2689 1902 2760 den und Wiederauftauchen elegischer Motive, jene
971 2732 1906 2805 seelischen Erschütterungen, die halb tragisch sind
970 2752 1917 2843 und halb scherzhaft, deren Jnnigkeit und Ver¬
970 2806 1910 2887 lorenheit in der Welt des Alltags zart und fein¬
