3484 4192
465 205 850 275 Liebeler
294 211 858 311 9. Klhennennn
989 177 1422 278 box 12/6
1138 477 1366 582 Aussehy
1527 499 2214 586 icher Anzeiger, Hannover
1358 509 1567 594 19
1159 582 1308 641 vom:
1483 758 1640 852 197
1848 716 3044 853 1. Beilage zu Nr. 227 des
2942 840 3040 907 1
2011 898 3023 950 spielerische Fähigkeiten, die beträchtlich über den
2027 941 2996 982 Durchschnitt herausragen müssen. Das „Deutsche
1215 898 1924 1009 Theater und Musik.
2021 968 2980 1020 Theater“ kann sich solcher darstellerischen Kräfte rüh¬
2025 1008 2993 1042 men und durfte daher getrost an die Aufgabe heran¬
1317 986 1744 1067 Deuisches Theater.
2023 1039 2994 1087 treien, die es denn auch mit vollem Erfolg gelöst hat.
1111 1042 2002 1105 Literarischer Abend: „Liebelei“, Schau¬
2019 1075 2997 1116 Der ganze Stimmungszauber, der über dem Werk
1042 1087 1823 1147 spiel in 3 Aufzügen von Arthur Schnitzler.
2029 1108 2982 1149 ausgebreitet liegt, die ungemein feine Seelenmalerei,
1096 1114 2009 1171 Ein Rückblick auf die Geschichte unseres Runstrem¬
2027 1141 2981 1184 mit der der scharfe Kenner der menschlichen Psyche
1035 1156 2007 1194 pels in der Reuterstraße (der am verflossenen 16. Sep¬
2025 1172 2983 1214 seine Charaktere gestrichelt hat, die tragische Steige¬
1036 1191 2009 1231 tember in das 39. Jahr seines Bestehens eingetreten
2032 1209 2985 1249 rung bis zur Katastrophe — das alles kam in kaum
1036 1225 2001 1267 ist) zeigt einen sehr wechselvollen Schickcksalsweg dieser
2025 1239 2987 1288 übertrefflich naturwahren Worten von erstaunlichster
1038 1259 2008 1305 seinerzeit durch Umbau der Rejtbahn des Königlichen
2027 1275 2988 1320 Einfachheit (auch beim elementaren Aufschrei der Ver¬
1036 1292 2014 1336 Marstalls entstandenen Bühne. Eine schematische Dar¬
2026 1305 2994 1352 zweiflung), in unsäglich tiefen Blicken, die den Grund
1042 1328 2011 1369 stellung ihrer Entwickelung bis zum heutigen Tage
2031 1342 2988 1388 des Herzens mit seinen seelischen Schmerzen schauen
1032 1360 2012 1403 nach Art der ärztlichen Fieberkurve würde eine sehr
2025 1374 2999 1428 ließen und in einer Skala differenziertester Gebärden
1033 1397 2007 1443 windungsreiche Linie sein müssen, bei der, getreu dem
2028 1399 2755 1451 und Bewegungen zu packender Wirkung.
1043 1428 2009 1474 physikalischen Gesetz, auf jeden Wellenberg ein Wellen¬
2078 1434 2989 1488 Ida Wüst (Christine) und Ewald Schind¬
1041 1466 2002 1508 tal zu folgen hätte, je höher jener, desto tiefer dieses,
2031 1469 3021 1536 ler (Fritz) wetteiferten als Hauptträger der Hand¬
1039 1493 2002 1539 Durch eine schroff absteigende Linie wäre auch die
2026 1513 2991 1553 lung in dem Bestreben, den Absichten des Dichters bis
1034 1527 2006 1577 jüngste Vergangenheit des Deutschen Theaters zu
2021 1548 2989 1587 ins kleinste gerecht zu werden. Beider reifes Können
1035 1561 1998 1602 kennzeichnen, wobei als Ursache auch die den drama
2018 1582 2998 1619 sicherte ihnen einen Gesamtsieg auf der ganzen Linie,
1036 1601 2002 1640 tischen Künsten ungünstige Kriegszeit gebührend
2034 1617 2988 1661 der vielleicht noch vollständiger sich gestaltete haben
1026 1632 2006 1681 berücksichtigt werden müßte. Gleichwohl ist. obschon
2021 1651 2986 1691 würde, wenn Fräulein Wüst außerlich nicht auf Kosten
1037 1668 1996 1713 der Weltenbrand noch lodert, der tiefste Stand bereite
2021 1684 2995 1717 ihrer jugendlichen Erscheinung Christinens soliden
1043 1704 2008 1749 überschritten und von neuem beginnt die Kurve zu
2030 1707 2982 1755 Charakter zu stark betont hätte. Von den übrigen
1042 1725 2001 1779 steigen, seitdem als neuer Leiter der alte Besitzer wie¬
2029 1753 2986 1795 Darstellern verdienen an erster Stelle lobend erwähnt
1037 1765 2007 1810 der die Zügel der Regierung in die Hände genommen
2022 1783 2984 1827 zu werden Toni Rupprecht als fesche Modistin
1039 1798 2011 1844 hat. Und alle bisherigen Anzeichen lassen die freudige
2024 1823 3023 1868 Mizi Schlager und Leopold Murauer, dem der
1042 1837 2006 1883 Hoffnung keimen, daß für geraume Zeit die neue
2026 1840 3039 1896 leichtlebige Wiener Lebemann — wie das nach seiner!!
1030 1870 2011 1914 Kurvenfortsetzung stetig sich aufwärts bewegen wird.
2026 1887 3009 1928 bisherigen Tätigkeit hier nicht anders zu erwarten
1083 1907 2002 1945 Diese Hoffnung, die durch die ersten Vorstellungen
2030 1923 2998 1979 war — ganz besonders lag. Die kleineren Rollen
1034 1934 2009 1980 der neuen Spielzeit geweckt wurde, erhält neue, ge¬
2028 1952 2987 2002 lagen bei Meta Harden (Katharina Binder),
1038 1977 2009 2033 sunde Nahrung durch die Wiederaufnahme der
2029 1991 2982 2028 Robert Taube (Christinens Vater) und Gustav
1039 2016 2003 2055 „Literarischen Abende, die vor etwa elf Jahren an
2025 2021 3005 2057 Semler (Herr) in besten Händen. Arg störend
1034 2041 2002 2088 gleicher Stätte Direktor Hubert Reusch mit einem Er¬
2033 2064 3004 2107 wirkte jedoch Herrn Taubes mangelnde Dialektbeherr¬
1038 2071 2007 2117 folg ins Leben.gerufen hatte, der in der hannoverschen
2026 2091 2994 2144 schung, doppelt störend, da die übrigen Darsteller sich
1046 2105 1999 2152 Theaterwelt noch heute in starker Erinnerung fortlebt
2025 2123 2990 2166 ganz vortrefflich mit dem Wiener Idiom abfanden.
1043 2144 2014 2184 Neben dieser Tat an sich begrüßen wir auch die Wahl
2021 2162 2989 2201 Es ist dringend zu raten, daß bei Wiederholungen
1041 2175 2006 2219 des Stückes für diesen ersten litergrischen Abend mit
2021 2191 2990 2255 diesem Uebelstand abgeholfen wird, was nicht allzu
1035 2209 2003 2255 hoher Anerkennung, entspricht es auch seinem Inhalt
2022 2224 2396 2282 schwer fallen dürfte.
1034 2250 2010 2292 nach nicht den lauten Forderungen des Tages nach der
2063 2243 3003 2313 Die Spielleitung (Herr Direktor Leo W. Stein)
1027 2284 2010 2333 neuen deutschen Bühnenkunst, die von den Umwälzun¬
2025 2291 3017 2339 hatte in jeder Beziehung müsterhaft gearbeitet. Die
1031 2319 2000 2354 gen des Weltkrieges auch auf ethischem Gebiete er¬
2021 2330 2999 2373 Ausstattung war m ersten Aufzug reich und gediegen,
1036 2351 1999 2390 wartet werden. So berechtigt diese Forderungen an
2020 2359 3012 2416 in den beiden anderen Akten durchaus stilgerecht.]
1035 2388 2006 2446 sich auch sind, so soll man sich doch vor Fanatismus
2028 2388 3037 2450 Vielleicht ließe sich erwagen, ob nicht gegen Schluß sich!
1031 2411 1649 2456 hüten, der keine Grenzen kennt.
2020 2440 3006 2477 einige Kürzungen als vorteilhaft erweisen würden.
1094 2449 1997 2494 Schnitzlers „Liebelei“ erscheint uns als eines jener
2020 2461 3010 2522 Bei Wiederholungen ist auch dem Mann im Kasten
1031 2485 2002 2539 Stücke, die kaum je an Altersschwäche kranken werden.
2032 2503 2695 2555 größere Zurückhaltung zu empfehlen.
1704 2522 1766 2552 h
1036 2505 2001 2566 Die Geschehnisse, die in dem Schauspiel geschildert
2066 2522 3004 2585 Das Haus war leider nicht so gut besetzt, wie es
1041 2558 2012 2597 werden, sind so einfach, so menschlich, so kebenswahr
2025 2553 3006 2617 die wohlgelungene Aufführung verdient hätte. Die
1038 2592 2012 2640 und ungekünstelt, die Menschen handeln so natürlich,
2026 2602 3000 2640 Anwesenden gaben aber durch starken Beifall nach
1037 2625 2003 2665 im Rahmen der Ereignisse so zwingend, in ihren Wor¬
2021 2635 3003 2674 jedem Aufzug, besonders am Schluß zu erkennen, daß
1042 2658 1683 2705 ten so überzeugend, daß wir bald ¬
1710 2655 2004 2706 eine gute Dar¬
2026 2673 2994 2718 sie von dem Verlauf des Abends vollauf befriedigt
1034 2691 2007 2737 stellung vorausgesetzt — das Theater ganz vergessen:
2029 2706 2987 2743 waren. Den weiteren literarischen Gaben des Deut¬
1030 2726 2007 2765 so nahe rücken wir den Personen, die da vor uns lieben
2018 2742 2990 2781 schen Theaters dürfen wir nach diesem viel versprechen¬
1040 2759 2009 2796 und leiden, daß wir schließlich ganz in sie hinein¬
2029 2772 2972 2832 den Anfang erwartungsvoll entgegensehen. S.-L.
1033 2789 2007 2836 wachsen und die Wucht der Tragik auf uns selbst un¬
2475 2822 2519 2868 3
1032 2823 2009 2868 abwendbar herabstürzen fühlen. Und wie stark ist diese
1027 2858 2007 2905 Tragik im Höhepunkt des Dramas, im zweiten Aufzug
1030 2896 2020 2927 (den wir für den gelungensten und tiefst eindrucks¬
1031 2928 2022 2977 vollen halten) gesteigert! Fritz hat sich aus einer un¬
2011 2947 2088 2998 In
1029 2962 2000 3005 erlaubten Liebelei, die zu ernsten Konflikten zu füh¬
2018 2991 2084 3039 A
1034 3001 2016 3046 ren und ihn physisch und seelisch zu vernichten droht,
2030 3026 2076 3067 K
1023 3028 2009 3074 retten wollen durch eine der wienerischen leichten
2025 3059 2083 3104 Ie
1036 3064 2008 3103 Lebensauffassung gemäße erlaubte Liebelei, die ihm
1033 3092 2011 3143 gewissermaßen nichts weiter sein sollte als eine will¬
1028 3124 2008 3175 kommene Entspannung seiner Nerben, eine Genesung
1037 3164 2008 3216 versprechende Erholung. In dem Augenblick aber, in
2013 3167 2073 3205 11
2013 3196 2074 3236 k
1032 3195 2009 3239 dem er von Christ'ne Abschied nimmt. Abschied — er
2018 3229 2067 3270 b
1027 3237 2020 3275 fühlt, daß ihm in dem bevorstehenden Duell die Todes¬
1029 3267 2071 3307 kugel bestimmt ist — für immer, in diesem Augenblickin
2014 3305 2064 3338 e
1039 3301 2008 3342 wird ihm die untröstlich schmerzliche Gewißheit, daß
1031 3335 2020 3391 dieses junge, reine, ihm allein anhängende Weib, das
2011 3367 2043 3403 t
1035 3373 2008 3414 für ihn bisher nur eine Liebelei bedeutete, die wahre
1033 3396 2014 3449 Liebe, sein echtes Glück verkörperte. Und Christine?
2021 3438 2067 3472 11
1042 3437 2020 3489 Dieses wienerische „Käthcher von Heilbronn“ muß
1034 3476 2069 3532 natürlich ihrem Geliebten in die ewigen Schatten
1037 3498 1199 3549 folgen.
1097 3509 2041 3605 Meisterlich hat es Schnitzler verstanden, diesen nach
1039 3560 2007 3607 Adalbert von Hansteins wohl nicht ganz unberechtig¬
2008 3604 2056 3644 2
1041 3605 2008 3649 tem aber doch zu geringschätzigem Urteil „für ein
1027 3635 2054 3686 wirkliches Schauspiel etwas zu dünnen und zu be¬
1041 3667 2062 3715 deutungsarmen Stoff“ von Anfang bis zu Ende soln
1036 3697 2062 3733 fesselnd zu behandeln, daß kein Zuhörer mit offenemsg
1031 3732 2070 3774 Gemüt und fühlendem Herzen sich dem tiefen Ein=n
1030 3762 2018 3808 druck wird verschließen können. Allerdings verlangt
1031 3801 2011 3850 die Wiedergabe gerade wegen der „bedeutungsarmen“
1040 3841 2064 3889 aber doch menschlich so ergreifenden Handlung schau¬r
1117 3972 1318 4024 Nr. 227
1077 4008 1363 4062 Telephion 7062.
1462 3994 2072 4105 —AandI
1052 4029 1109 4094 —
3001 1260 3040 1326 4
