3436 4352
199 842 229 886 ei
190 881 239 928 ten
172 1727 247 1793 gers
175 1783 262 1831 enen
181 1824 238 1877 ur“
188 1873 265 1929 den
179 1924 262 1969 lern
176 1971 210 2020 eh
173 2010 252 2079 oßes
183 2067 257 2112 echt
188 2109 245 2163 ihn
194 2159 226 2211 1
179 2344 272 2397 Ein
165 2389 265 2449 ude,
165 2452 262 2498 igen
173 2490 274 2552 esem
158 2546 263 2600 gung
180 2587 268 2640 Die
183 2629 261 2683 eite
176 2728 219 2787 n
188 2817 230 2875 8 e
190 2863 268 2925 Er
176 2921 264 2971 e er
161 2957 265 3024 lück
173 3015 266 3074 eines
161 3056 263 3112 haben
157 3109 267 3165 fnecke
164 3146 261 3211 hrheit
167 3199 269 3258 diesen
185 3251 271 3299 , er
182 3292 271 3349 ritte
181 3344 269 3396 icht;
184 3385 260 3437 Ge¬
223 3438 269 3487 sie
172 3479 283 3547 alles
183 3534 276 3586 der
289 3635 394 3713 #
449 174 805 243 Tebelei
252 170 823 285 57 Snnenen
968 161 1377 249 box 10/1
1667 496 2067 567 Theater=Bericht: Wien.
1878 685 2810 730 vor sich gesehen und als ein echter Dichter wiedergegeben,
919 681 1851 747 Vater steht dabei, hilflos mit ihr klagend, ohne ein Wort
1874 731 2815 784 in Anlage und Durchführung unübertrefflich. Dazu
913 745 1857 793 zu sprechen, das sie zurückhalten könnte. Und das wäre
1872 781 2812 828 aber hat er eine Exposition in zwei Akten vorangeschickt,
918 783 1848 837 in den Augen des Zuschauers durchaus nicht unmöglich:
918 830 1859 874 denn es besteht keine Notwendigkeit eines tragischen Aus¬
1868 835 2805 889 die er sich konstruiert hat und die den Stempel des Un¬
1878 872 2820 923 beobachteten in jedem Worte trägt. Um den Charakter
922 881 1858 926 gangs. So was sagt man, aber man thut es nicht,
1873 923 2828 987 der Baronesse dem Zuschauer zu entwickeln, zeigt er sie
914 928 1858 985 das gilt vor allem für die Selbstmordgedanken eines
921 973 1854 1030 Wiener Mädels. Um den heroischen Entschluß glaub¬
1875 971 2819 1010 in ihrem Wiener Milieu. Jeder einzelne Zug, jede
913 1021 1853 1074 lich zu machen, hätte Schnitzler einer Gabe bedurft, die
1873 1014 2822 1071 Nebenfigur, wie die vorlaute Schwester, der brummende
917 1067 1852 1117 ihm zu fehlen scheint: eines großen Temperaments. Er
1875 1067 2806 1121 Dienstbote, sind an und für sich richtig gedacht; aber
1878 1114 2814 1163 die Absicht, dem Zuhörer ja jede Wendung klar zu
914 1115 1848 1166 hat aber nur das schöne Wiener Talent immer „lieb“
1879 1174 2818 1214 machen, verwischt die im Dialoge so notwendige schein¬
919 1161 1859 1222 zu bleiben, selbst in der Tragik. So, in seiner Totalität
1872 1211 2819 1258 bare Absichtslosigkeit. Ein Konversationsstück ist ein
924 1208 1851 1260 aufechtbar, in der Technik der Aktschlüsse stereotyp, ist
923 1258 1855 1302 das Stück in seinen Einzelheiten eine der erfreulichsten
1879 1252 2811 1310 grüner Rasen, auf dem die B'ümlein sprießen: man
1882 1296 2819 1358 weiß nicht woher sie kommen, man sieht sie nicht einmal,
921 1311 1849 1350 Leistungen, die seit Jahren über die Bretter gegangen.
924 1364 1867 1405 Der intime Reiz hätte noch viel gewonnen, wenn es in
1875 1340 2822 1408 man fühlt nur, daß sie da sind. David aber fährt auf
1883 1403 2819 1449 eine Ebene mit einer Schubkarre Sand, lädt ihn vor
914 1399 1858 1449 entsprechendem Dialekte ausgeführt worden wäre; aber
1870 1443 2814 1486 den Augen des Publikums ab und stampft ihn zu
911 1440 1866 1503 die Rücksicht auf das Burgtheater legte hier Einschrän¬
1880 1504 2813 1550 Hügeln zurecht. Der zweite Akt führt dies noch greller
914 1491 1860 1542 kungen auf, die vielleicht auch die Handlung selbst ge¬
924 1543 1861 1592 troffen haben. Ich habe hier nicht den Raum, die Frage
1879 1531 2825 1590 fort: wie schwer und klotzig sind die Dienerseenen, die
1879 1581 2825 1644 nur einleiten sollen. Var Allem mißglückt aber die
920 1588 1858 1635 zu diskutieren, ob derartige Stücke der Hofbühne, dem
921 1637 1859 1687 deutschen „Theätre-français“, wie man zu sagen pflegte,
1887 1628 2825 1682 Figur der Mutter des Gutsherrn: so viele graue Theoric,
1878 1680 2817 1720 salbungsvoll vorgetragen, verträgt kein Theaterpublikum.
913 1677 1863 1736 gehören: ich meinesteils sehe darin Uebergriffe in das
1879 1731 2817 1781 Durch den Ueberfluß an Charakterisierung hat der Dichter
927 1736 1862 1784 Gebiet der Vorstadtbühnen, die sich noch schwer an dem
1882 1780 2818 1825 es zuwege gebracht, daß der dritte Akt nun keinen rechten
917 1775 1867 1815 künstlerischen Geiste des Hauses rächen werden. Jeden¬
1879 1822 2818 1881 Anschluß findet: denn ein Mädchen, wie Kitty, bedarf
930 1821 1866 1876 falls aber hätte das Volkstheater das Stück besser gespielt.
1873 1875 2828 1918 nicht erst des Regens um überdrüssig zu werden, die liefe
919 1873 1860 1927 Frl. Sandrock, welche den letzten Akt virtuos durchschluchzte,
917 1918 1864 1969 hat in ihrer Individualität weder etwas träumerisches
1882 1915 2822 1955 dem Freier schon nach acht schönen Tagen aus Lange¬
1884 1960 2822 2006 weile davon. Das Publikum hielt sich an diese Fehler
920 1967 1864 2019 noch das einfach=sinnige, wie es die Christine erfordert,
1886 2008 2820 2064 des Stückes und wurde ungeduldig; aber nur wenige
918 2006 1868 2058 Frl. Kallinas Mizi war trotz geschickter Mache von
1877 2058 2831 2108 Kenner bemerkten, daß hier auf einem schlechten Stoffe
931 2057 1855 2114 den Grazien des Wortes und der Geberde verlassen,
1880 2100 2818 2169 kostbare, echte Spitzen aufgenäht waren. Die Charak¬
938 2103 1824 2159 selbst Sonnenthal fühlte sich als Vater ganz unsicher.
1877 2150 2829 2205 teristik der Hauptfigur ist ihren Intentionen und auch
979 2166 1859 2211 Während man Schnitzler gerne in's Volkstheater
1879 2207 2827 2256 teilweise in der Aufführung geradezu glänzend und
919 2203 1857 2260 versetzt und sein Stück in Dialekt übertragen hätte, wäre
1892 2250 2823 2308 offenbart eine neue und entwickelungsfähige Seite von
933 2259 1855 2310 für Davids mit großer Spannung erwarteten „Regen¬
1886 2286 2826 2332 Davids Talente. Schon aus diesem Grunde ist mir das
922 2302 1863 2358 tag“ nur das Burgtheater der geeignete Boden und das
1884 2344 2821 2393 Stück im höchsten Grade bedeutsam. So belanglos es
932 2351 1626 2411 Hochdeutsch die richtige Sprache gewesen.
1882 2390 2820 2434 scheint, es steckt in ihm ein wichtiger Versuch, der für
986 2406 1858 2458 Mit „Hagars Sohn“, das die erste Nummer dieses
927 2457 1862 2503 Blattes kurz würdigte, hat David große Hoffnungen er¬
1877 2490 2822 2538 such, das feine Lustspiel Paillerons auf Wiener Boden
926 2494 1856 2546 weckt, die er diesmal für die überwiegende Mehrheit des
1879 2537 2825 2585 zu übertragen. Dieses Wagnis konnte auf den ersten
931 2541 1869 2581 Publikums nicht erfüllte. Er hat sein Stück nicht als
1888 2585 2822 2631 Ansturm Niemand gelingen, am wenigsten David, der
929 2598 1866 2641 Drama oder Lustspiel, sondern als „Charakterstudie“ be¬
1890 2624 2813 2678 ein ihm ganz neues Gebiet mutig betrat. Das unter¬
928 2646 1868 2692 zeichnet. Damit wollte er schon andeuten, daß er selbst
1885 2670 2815 2720 scheidet ihn von Schnitzler, der mit seinem alten Apparate
929 2685 1858 2742 gefühlt, kein eigentliches Theaterwerk gegeben zu haben;
1889 2728 2830 2775 hantierte. Am schwersten geschädigt hat David sein
929 2739 1867 2779 aber der Zuschauer sieht im Schauspielhause immer nur
1891 2775 2825 2822 Werk, daß er, offenbar durch die reizenden Comtessen¬
927 2783 1859 2835 ein Stück, und beschaut die Auslage, nicht die Firma¬
1892 2823 2822 2872 Geschichten der Ebner inspiriert, den Jargon der Wiener
932 2824 1863 2871 tafel. Der Dichter hat sichtlich Ausgang genommen von
1884 2866 2832 2917 Aristokratie nachzusprechen versuchte. Aber diesen Dialekt
936 2874 1863 2921 der Stimmung, welche ein unabhörlich herabrinnender
1887 2905 2820 2962 muß man im Ohre haben, um ihn zu beherrschen. Die
936 2916 1867 2968 Regen im Menschen erweckt. Das ist für den Lyriker
1881 2963 2820 3014 Wiener Comtessen mögen wie Wiener Wäschermädchen
930 2963 1860 3019 David außerordentlich bezeichnend. Ein bekanntes
1879 3012 2832 3065 reden, sie sind aber deshalb noch keine, und diese Grenze
921 3018 1870 3072 Liedchen singt: Es regnet, regnet Tropfen, es regnet
1890 3047 2826 3098 muß man genau kennen, wenn man sie nicht über¬
930 3064 1866 3103 naß. Es hat mich was verdrossen, ich weiß nicht was;
1886 3111 2833 3150 schreiten soll. Das hat der Dichter schon gethan, und
934 3102 1868 3168 und Goncourt zeichnet sich in seinem Journal auf, daß die
1877 3142 2833 3185 die Darstellerin der Kitty, Frau Odilon, ist, so hübsch
935 3154 1862 3202 Geliebte seines Freundes, die demselben auf ihrem Land¬
1886 3188 2833 3249 sie die Rolle angelegt, noch weiter in das Gebiet des
929 3202 1868 3255 aufenthalte untreu geworden, zur Entschuldigung nur
1892 3233 2828 3300 Volkstümlichen vorgeschritten, das ihr als Berlinerin
936 3250 1862 3290 vorzubringen weiß: Es hat so viel geregnet. Hier be¬
1891 3295 2831 3343 noch dazu fremdartig und ungewohnt geblieben. Das
932 3295 1868 3343 wirkt der unaufhörliche Guß, daß Baronesse Kitty,
1883 3330 2828 3386 Beste wäre: die beiden Theater tauschen „Liebelei“ und
935 3349 1864 3395 ein verwöhnter Wiener Sprudelkopf, reich an Launen,
1885 3387 2826 3431 „Ein Regentag“ gegenseitig aus: dann hätte das Volks¬
924 3393 1870 3440 wie an Gutmütigkeit, mit einem reichen Gutsbesitzer sich,
1896 3425 2822 3483 theater ein vorzügliches Volksstück, und das Burgtheater
931 3444 1862 3491 fern von ihrer Heimat, beinahe schon verlobt und am
1898 3472 2311 3538 eine feine Lustspielstudie.
932 3484 1864 3531 Ziele ihrer Wünsche, Heirat, Zukunft, Alles im Stiche
2511 3526 2817 3594 A. v. Weilen.
1962 3532 2113 3589 Wien.
929 3535 1874 3592 läßt und auf und davon läuft. Diese Seene hat David
2822 3627 2933 3716 #
2853 492 2920 567 57
2837 569 2924 643 *
