3532 4224
464 208 838 279 Liebelei
288 203 1419 296 5. box 12/1
2481 139 2791 195 Vertretungen
2092 173 3169 246 in Berlin, Brüssel, Budapest, Chicago, Cleveland, Christiania,
2083 218 3162 279 Cenf, Kopenhagen, London, Madrid, Mailand, Minneapolis,
2086 248 3160 313 New-Vork, Paris, Rom, San Francisco, Stockholm, St. Peters¬
2479 292 2765 347 burg, Toronto.
2420 331 2812 386 Gellenangabe ohne Gewähr.)
2071 374 2458 444 Ausschnitt aus:
2317 420 2600 504 Nordesee
2984 435 3147 530 #ung,
2071 487 2218 551 vom:
2353 488 2852 598 —1.M1911
2270 646 2838 739 Theater und Musik.
2022 718 3151 781 K. H. In der Komischen Oper erzielte die erste Auf¬
1937 766 3153 842 führung der neuen Oper Liebelei, nach A. Schnitzlers
1948 830 3156 884 gleichnamigem Drama komponiert von Franz Nelmann,
1950 859 3156 923 am Freitag von seiten des zahlreich erschienenen Publikums
1947 924 3152 964 einen großen und glänzenden Erfolg, der schon nach dem
1949 952 3152 1016 zweiten Akte einen zwölfmaligen Hervorruf verlaßte und sich
1941 989 3161 1063 beim Schluß der Oper noch steigerte. Das Sujet dürfte zwar
1942 1034 3146 1101 als ziemlich bekannt angenommen werden, doch wollen wir
2804 1073 3148 1145 Fritz Lobheimer,
1943 1082 2807 1155 kurz rekapitulieren. Ein junger Wiener,
1951 1121 3145 1203 unterhält ein ernstes Liebesverhältnis mit einer ver¬
3064 1168 3168 1225 er¬
1954 1178 3050 1234 heirateten Frau. Sein Freund Theodor Kaiser
1945 1200 3164 1268 kennt die Gefahren und unausbleiblichen Folgen der Ent¬
1958 1254 3163 1322 deckung und versucht, Fritz zur Aufgabe des Verhältnisses zu
1954 1297 3159 1350 überreden. Als bestes Mittel dazu dünkt ihm, seinem Freund
1952 1352 3155 1413 eine Freundin seiner Geliebten — beide einfache Bürgers¬
1960 1388 3158 1452 mädchen — zuzuführen. Fritz fängt auch bald Feuer, auf
1956 1427 3155 1495 Seite Christinens aber — eben jener Freundin — entsteht eine
1947 1481 3159 1533 wahre, wachsende Liebe. Sie ahnt Geheimnisse, die sie von
1949 1517 3156 1601 ihrem Geliebten trennen, deren Aufklärung er indessen schroff
1948 1558 3170 1621 ablehnt, und so gibt sie sich traurig und resigniert ihrem Liebes¬
1960 1602 3177 1674 glück hin. Der Ehemann hat unterdessen Kenntnis von den
1964 1644 3175 1714 Beziehungen Fritzens zu seiner Frau erhalten, stellt ihn unter
1955 1685 3170 1771 Ueberreichung der Briefe an seine Frau zur Rede und verlangt
1960 1753 3168 1799 Satisfaktion, die ihm von Seite Fritzens zugesagt wird,
1955 1799 3170 1851 der sich von Christine in einer langen Szene ver¬
1968 1828 3178 1896 abschiedet unter dem Vorwande einer Reise zu seinen
1964 1874 3178 1945 Eltern. Das Duell findet statt, und Fritz wird
1968 1923 3185 1974 erschossen. Mittlerweile hat Christine ihrem Vater ihre Liebe
1971 1964 3174 2026 zu Fritz gestanden; der alte Mann, der den Tod Fritzens schon
1967 2020 3177 2066 erfahren hat, sucht hülflos und händeringend seiner Tochter
1963 2038 3171 2110 ihre Leidenschaft auszureden, aber erst Theodor und seine
1962 2107 3174 2150 Freundin haben die Kraft, ihr das Schreckliche mitzuteilen.
1963 2135 3179 2203 Mehr, als der Tod selbst, ergreift sie die Verzweiflung in dem
1971 2176 3182 2235 Gedanken, daß ihr Geliebter, für den sie ihr Leben hingegeben
1969 2239 3183 2280 hätte, für eine andere starb. Sie stürzt davon, und der alte
1974 2256 3194 2340 Vater bricht mit der Ahnung zusammen: sie kommt nicht
1967 2308 3187 2364 wieder. Man sieht, das Stück hat große dramatische Wirkung
1971 2356 3186 2412 und wäre an sich für eine Vertonung nicht ungeeignet. In
1979 2403 3215 2477 unserem Falle wirkt aber die glatte=Benutzung des Prosatextes
1972 2539 3191 2587 von seiten des Komponisten für unsere bisherige Opernanschauung
1985 2568 3203 2637 ziemlich befremdlich und streift manchmal ans unfreiwillig
1979 2615 3189 2670 Komische. Es mag das eine Sache der bis jetzt geltenden
1983 2668 3196 2719 Uebung sein; ja bei einiger Reflexion käme man ganz leicht
1981 2712 3197 2766 zu der Ansicht, daß es einheitlicher wirken muß, wenn eben
1974 2764 3192 2804 alles gesungen wird (die Oper an sich dabei als feststehendes
1972 2791 3196 2841 Kunstwerk betrachtet), als wenn die Abwechslung zwischen Dialog
1972 2833 3200 2884 und Musik z. B. in den Auberschen Spielopern, ja selbst in
1980 2878 3198 2931 der Zauberflöte, zu Unzulänglichkeiten und komischen Eindrücken
1977 2931 3196 2982 Veranlassung gibt und geben muß. Aber mußte denn der an
1980 2973 3197 3022 sich so reizende Dialog Schnitzlers beibehalten werden? Die
1979 3016 3183 3067 Gefahr liegt doch ziemlich nahe, daß eben diese entzückende
1982 3055 3197 3106 Diktion durch die Musik verlieren muß, die Musik aber dabei
1969 3103 3195 3167 nichts gewinnt, sondern als aufgepfropftes Reis einer
1982 3141 3188 3199 an sich schon künstlerisch fertigen Sache erscheinen muß.
1983 3185 3195 3237 Und nun zur Musik. Der jugendliche Komponist zeigt großes
1987 3229 3196 3282 Talent für das leichte, liebenswürdige Genre, und deshalb sind
1992 3268 3190 3323 die Szenen im ersten Akte mit dem bewegt fließenden, an¬
1986 3315 3193 3372 genehm klingenden Orchester als vorzügliche Leistung auf dem
1989 3369 3185 3419 Gebiete der komischen Oper — der Oper unserer Zukunft, wie
1988 3421 3195 3460 sie schon Richard Wagner bezeichnete — anzuerkennen. Auch die
1993 3446 3202 3492 Einleitung zum zweiten Akt und die gemütvolle Charakterisierung
1981 3491 3202 3541 des alten Weiring zeigen den Komponisten auf dem richtigen
1994 3533 3195 3589 Weg, der freilich verlassen wird, sobald es sich um seelische
1990 3582 3201 3637 Vorgänge ernsterer Art handelt. Hier hat sich Neumann die
1988 3617 3194 3675 neuitalienischen Komponisten, vor allem Puccini zum Muster
1987 3666 3193 3724 genommen, und er scheut nicht vor der Phrasenhaftigkeit,
1994 3720 3189 3772 Hohlheit und Gewöhnlichkeit zurück, die uns das Anhören jener
1994 3752 3190 3807 Werke der Italiener auf die Dauer so unleidlich machen. Ein
1992 3800 3196 3852 Anlehnen an diese Art von Kunstgattung kann zu nichts Gutem
2002 3846 3194 3895 in der Kunst führen; ihre süßliche Sentimentalität, in den ersten
1993 3879 3202 3945 Augenblicken bestechend, wird langweilig in den steten Wieder¬
2003 3926 3203 3985 holungen, die Phrasen klingen abgeschmackt und unwahr. Möge
1994 3963 3201 4024 ein guter Genius unseren talentvollen Kunstjünger vor weiteren
2002 4016 3197 4066 Versuchungen bewahren, möge ihm vor allem mehr Herbheit und
2002 4059 3201 4121 Männlichkeit zu teil werden! Frau Maria Labia war,
2002 4100 3208 4162 soweit es ihr italienisches Wesen vermochte, eine sehr gute
1998 4146 2314 4206 Darstellerin der
2394 4156 3194 4213 Mrol Inn Soi Anerdehmmrih In Kaitien
