3484 4224
283 200 691 274 Liebelei
767 197 1268 300 box 13/3
2468 339 2725 393 I. Oesterr.
2009 336 2813 420 SIOBSERVER Benerdt, konz.
1930 356 2001 435 5
2065 408 2808 460 Büro für Zeitungsnachrichten
2022 401 2060 459 5
1957 436 1996 478 —
2011 450 2056 502 2
2071 443 2812 489 WIEN I, WOLLZEILE 11
1984 487 2063 581 25
2187 508 2597 604 Reicnspost, Wien
2009 561 2101 660 8
2394 560 2672 664 E8.1933
2282 589 2337 675 2
2054 763 2820 852 Schnitzlerabend in der Josefstadt.
1953 826 2907 917 „Der kabseke Cassian“ — „Liebelei“.
1951 909 2988 974 Kleiner Auftakt: „Der tapfere Cassian“ ein Puppen¬
1865 939 3000 1024 spiel (bei Schnitzler zu finden in einem Zyklus von Ein¬
1879 993 3001 1060 aktern, die den gemeinsamen Namen „Marionetten“
1876 1041 3012 1093 führen). Und es ist in seinem ewas bizarren Witz, mit
1868 1090 3003 1144 seiner nachdenklich bis an die Grenze der Lächerlichkeit
1871 1129 3002 1171 hingeführten Tragik, namentlich aber mit seinem grotes¬
1874 1168 2997 1235 ken Schluß wahrhaftig einem Marionettenspiel näher als
1875 1214 3003 1262 einer Angelegenheit der großen Menschenbühne. Wenn
1863 1254 3003 1316 der tapfere Cassian der kleinen Sophie, die eben aus dem
1870 1300 3004 1363 Fenster in die Tiefe gesprungen ist, beherzt nachspringt,
1866 1351 3012 1403 sie im Fluge auffängt, rettet und sich mit ihr triumphie¬
2929 1387 3000 1442 in
1875 1391 2924 1436 rend aus dem Staube macht, so kann kaum noch
1874 1427 3003 1473 Zweifel darüber obwalten, daß man auch den Tod es
1874 1470 3010 1526 inzwischen an einem Degenstich verblutenden Marte# n.hi
1870 1514 3011 1563 weiter tragisch zu nehmen braucht, wenngleich er dieses
1866 1554 3005 1605 Sterben mit tiefsinniger Rede begleitet: „Es ist bitter.
1875 1611 3014 1659 allein zu sterben, wenn man eine Viertelstunde vorher
1872 1650 3001 1702 noch geliebt, wohlhabend und der herrlichsten Hoffnungen
1871 1689 3008 1747 voll war.“ Der Tod des betrogenen Betrügers: E verriet
1865 1717 3017 1787 die reizende Sophie, sein Herz gehörte einer anderen, der
1874 1777 3012 1855 er in die Arme eilen wollte. Und jählings eilte er dem
1868 1817 2247 1888 Tod in die Arme.
1953 1837 3005 1919 Ein für allemal: Wir lieben Spässe nicht, die sich um
1868 1894 3018 1970 das traurigste Ding im Leben, das Sterben noch so witzig
1867 1952 3013 2016 ranken. Aber Schnitzler liebte ja dieses nahe Neben¬
1871 1981 3012 2043 einanderstellen spassiger Lebens= und Todesszenen und
1875 2031 3022 2082 bezog daraus wiederholt jene Kontraste, die in Wirklich¬
1864 2079 3026 2138 keit zwar schon manchmal bestehen, aber humoristisch
1874 2127 3010 2178 niemals sind. Freilich gab er diesem Humor immer einen
1860 2155 2438 2225 bitter mahnenden Unterton.
1963 2204 3015 2254 Eine Aufführung dieses Puppenspieles im Theater
1865 2252 3016 2310 ist ein nicht ungefährliches Wagnis. Der Regisseur Zaui
1866 2304 2919 2353 Kalbeck findet den einzig möglichen Stil dafür.
1867 2334 3025 2390 gibt der Dichtung eine zarte Spieldosenmusik mit auf den
1869 2386 3016 2433 Weg und läßt sie „zwischen Trug und Wahrheit“ hin¬
1874 2418 3012 2483 gaukeln wie einen windgetriebenen Schmetterling. Die
1874 2463 3015 2534 drei Schauspieler, welche die Aufführung tragen, gehen
1867 2506 3005 2577 mit feinem Verständnisse auf diesen Ton ein, auf den
1868 2544 3003 2597 Ton der tragischen Grotesfe. Prachtvoll Herr Neu¬
1874 2603 3006 2653 gebauer als der breit bramarbasierende, brutal nach
1878 2641 3002 2697 seinem Glück greifende Cassian, von einer süß ver¬
1880 2682 3017 2735 träumten, dabei verderblich lockenden Anmut Fräulein
1881 2725 3009 2773 Czepa als Sophie. Hans Thimig aber, außerlich
1872 2770 3011 2824 wie innerlich zunächst auf „Harlekin“ kostümiert, zahlt mit
1884 2813 3013 2870 ergreifender Wehmut die Zeche des ganzen Spasses.
1872 2855 3030 2904 Unbeschreiblich, wieviel Leid und Trauer doch im Antlitz
1872 2903 2403 2961 dieses „Komikers“ wohnt.
1957 2946 3021 3005 Dann folgte, als weitaus bedeutsamerer Teil des
1879 2986 3015 3043 Abends, das Schauspiel „Liebelei“ von unterschied¬
1889 3033 3015 3097 lichen Aufführungen des Burgtheaters und des Deutschen
1891 3079 3001 3124 Volkstheaters her bekannt. Schwerlich aber sah man es
1885 3116 3010 3174 je in einer so schönen, wie nun die des Josefstädter
1885 3161 3011 3210 Theaters ist (Regie Kalbeck). Oft erhobene Einwände
1880 3189 3024 3267 gegen das verspielt an der Oberfläche der Gefühle ver¬
1890 3230 3016 3306 weilende (erst zum Schlusse jäh und tödlich in die Tiefe
1886 3295 3011 3349 stoßende) Schauspiel mögen hier unterdrückt werden. Der
1887 3331 3019 3392 Vorübergang von vier Jahrzehnten hat bewirkt, daß selbst
1890 3381 3028 3440 Dinge, die damals auf kühne Weise neu schienen, heute
1882 3416 3029 3480 versöhnlichen Altersstaub tragen. Stark an diesem Schau¬
1886 3464 3001 3525 spiel ist immer noch seine wienerische Atmo häre,die
1906 3508 3031 3650 Zeichnung seiner Figuren. Was für ein echtpulsierendes
1912 3570 3039 3701 Blut diese in sich haben, wird in so großer, erster Be¬
1909 3612 3037 3737 setzung doppelt offenbar. Da ist der alte Musiker Weyring
1923 3674 3042 3773 (ein Verwandter von Schillers Musikus Miller). An der
1915 3697 3042 3817 Burg spielte ihn als letzte seiner Rollen Girardi. Jetzt
1922 3729 3056 3878 stattet ihn Hugo Thimig mit einer unerhörten Fülle
1928 3792 3045 3911 menschlich echtester und theatralisch wirksamster Züge aus,
1928 3817 3051 3943 die Angst und der Schmerz des Vaters um sein leis¬
1926 3849 3061 3997 gesoltertes Kind sind atembeklemmend. Was verschlägt es,
1924 3912 3057 4039 daß der sächsische Tonfall dieses Künstlers sich in das
1930 3955 3060 4080 Wiener Stück nicht einfügen will? Hans Thimig
1930 4006 3067 4118 bringt für den jungen Fritz die zunächst nötige Leicht¬
1962 4044 3068 4152 lahigfeit und Unbekümmertheit nicht auf, um so schöner
2591 4085 3071 4146 Todesahnung, den schon
