3484 4320
249 184 804 277 5. Liebelei
904 161 1415 285 box 10/5
441 225 847 283 LSDSTEI
1416 1030 1638 1109 S
389 1055 621 1143 —
393 1101 3325 1170 nehmen scheint, stehen wir seinen letzten Werken zwar noch Liebe mit Füßen getreten, und das hat sich an ihm ge=seiner alten Pflegemutter sein. Er will genießen unt
2327 1092 3312 1174 geht mit einer jungen Wittwe auf und davon. Dami.
2331 1129 3309 1202 stürzen die Hoffnungen der Mutter in sich zusammen
396 1116 2347 1221 mit der geziemenden Achtung gegenüber, die einem rächt. Er hat Ella Rentheim geliebt, aber um die Un¬
1373 1159 2339 1230 erstützung eines Advokaten für seine ehrgeizigen Pläne
2329 1163 3318 1235 Borkman seinerseits wird durch das Erscheinen Ellas aus
387 1184 1394 1257 großen Dichter immer gebührt, aber die alte Begeisterung
1367 1197 2345 1269 zu erlangen, hat er sie preisgegeben und ihre Zwillings¬
2332 1204 3318 1289 seinen Träumen geweckt. Er will nicht mehr thatenlos
388 1239 668 1314 ist verflogen.
1371 1232 2338 1314 schwester Gunhild geheirathet. Ella aber weist die Be¬
2340 1237 3319 1318 träumen, er will sein Leben von Neuem anfangen und
476 1247 1385 1324 Den Vorkman sollte nur eine Bühne vorführen, die ihr
1380 1280 2341 1344 werbungen Hinkel's ab und dieser, in der Meinung, daß
2331 1276 3326 1369 sich wieder emporarbeiten. Der Sohn will ihn nicht auf
395 1291 1380 1365 Publikum mit Ibsens früheren Werken bis zur Wildente und
1382 1313 2339 1380 Borkman ihm im Wege steht, stürzt den Bankdirektor, in¬
2342 1324 3321 1397 seinem Wege begleiten. Da verläßt er mit der Geliebten
395 1326 1384 1405 Rosmersholm vertraut gemacht hat. in deren Repertoire
1386 1345 2335 1420 dem er, was Vorkman ihm anvertraut hat, verräth, daß er
2341 1366 3320 1441 das Haus, das er seit 8 Jahren nicht verlassen hat, und
395 1387 1384 1462 diese Stücke feste Bestandtheile sind, wie sie es verdienen.
1381 1385 2348 1460 Depots angegriffen hat, um eine großartige Spekulation ins
2348 1402 3318 1473 in einem letzten Aufwallen seiner Kraft zieht er in die
405 1412 1387 1486 Nur dann ist das Publikum so weit geschult, daß es auch
1378 1425 2346 1496 Werk zu setzen. Borkmans Macht bricht zusammen. Er wan¬
2340 1432 3322 1513 Winternacht hinaus. Die alte Sehnsucht, die Schätze der
408 1457 1383 1526 die eigenthümlichen Schönheiten dieses Stückes genießen
1380 1458 2337 1538 dert ins Zuchthaus. Sein Vermögen geht zu Grunde, wie
2338 1482 3331 1556 Berge zu erschließen, erwacht noch einmal in ihm, aber
411 1482 1393 1572 kann, und nur dann sind die Schauspieler so weit ge¬
1385 1522 2346 1577 das derer, die ihm vertraut haben. Nur Ella rettet ihr
2345 1521 3324 1595 die kalte Winterluft tödtet ihn und über seiner Leiche
407 1524 1382 1613 schult, daß sie das Stück so spielen können, daß seine
1379 1560 2339 1613 Eigenthum: denn Borkman hat das Vermögen der Ge¬
2341 1554 3337 1632 reichen sich die beiden Schwestern, die nun Alles verloren
411 1581 1393 1653 Schwächen nicht beleidigend klar zu Tage treten. Für
1387 1591 2344 1656 liebten bei seinen Spekulationen geschont. Ella nimmt
2342 1590 3333 1672 haben, die Hände. Ist das Werk in seinen Grundgedanken
411 1607 1386 1678 die Hosbühne treffen beide Bedingungen nicht zu. Ihr
1394 1640 2351 1701 sich der Schwester und ihres Knaben an, und als Bork¬
2339 1635 3332 1709 klar und sicher aufgebaut so ist es höchst ungleichmäßig
414 1653 1396 1728 Stammpublikum ist an Ibsen nicht gewöhnt, und ihre
1386 1665 2350 1735 man das Zuchthaus verlassen hat, findet er, wie seine
2353 1675 3332 1747 in der Ausgestaltung. Namentlich der dritte und vierte
404 1694 1390 1761 Schauspieler sind einem Drama wie Borkman absolut
1384 1706 2348 1772 Familie, auf einem Gute Ellas eine Zuflucht. Acht
2354 1711 3329 1787 Akt fallen stark ab, und hätten auch bei besserer Dar¬
405 1736 1391 1816 nict gewachsen. Es muß rund heraus und mit aller
1394 1745 2357 1817 Jahre hat er nun dort verbracht, gemieden von der
2350 1749 3329 1835 stellung keinen großen Eindruck machen können. Groß
415 1768 1394 1850 Schärfe gesagt werden, daß die Darstellung des Vorkman
1387 1774 2347 1848 Welt und gemieden von seiner Frau, die die Schande
2343 1793 3332 1881 und mit das Beste, was Ibsen je geschrieben, ist der
421 1814 1400 1884 durchaus ungenügend war, sie war ungenügend im
1399 1829 2353 1890 des Hauses hart gemacht hat. Die Sehnsucht nach
2346 1837 3334 1905 erste Akt, die Exposition des Stückes, und ihm ebenbürtig
420 1844 1395 1920 Ganzen und ungenügend im Einzelnen. Es rächt sich
1397 1869 2354 1929 Macht hat ihn auch jetzt noch nicht verlassen, aber in
2355 1879 3330 1951 sint einige Szenen des zweiten Aktes. Gleich nach den
416 1865 1387 1957 hier die Gewohnheit der Direktion, von der modernen
1400 1912 2354 1971 der Einsamkeit hat sie krankhafte Formen angenommen.
2346 1906 3327 1987 ersten Sätzen des ersten Aktes ist die düstere Stimmung
418 1916 1393 1995 Theaterliteratur nur die Geschäftstalente der Fulda,
1393 1950 2350 2012 Noch immer hofft er, daß die Stunde schlagen wird, wo
2347 1951 3340 2020 da, die uns ahnen läßt, daß bald das Schicksal mit
422 1953 1393 2046 Schönthan, Koppel, Lothar, Philippi zu Worte kommen
1398 1980 2358 2051 er wieder ein König im Reiche des Kapitals werden
2351 1986 3335 2060 schwerem Tritt durch diese Wohnstätte verpfuschter Exi¬
428 2000 1403 2083 zu lassen. Die Schauspieler der Hofbühne sind auf
1400 2011 2353 2093 wird, wo man ihn holen wird, da man ohne ihn nicht
2362 2030 3340 2101 stenzen gehen wird. Im zweiten Akt ist die Szene zwi¬
418 2041 1400 2122 wirklich moderne Stücke, die literarischen Werth
1401 2057 2364 2127 auskommt. Sein einziger Umgang ist ein Schreiber, der
2350 2066 3336 2140 schen Vorkman und dem Schreiber, dem Borkmann den
422 2090 1400 2159 haben, nicht eingespielt. Man stelle nur jetzt ein¬
1406 2099 2359 2173 sich für einen Dichter hält und gleichfalls hofft, daß ihm
2357 2101 3343 2177 Glauben an seine Dichterkraft nimmt, von grandioser
432 2118 1403 2205 mal einen Vergleich zwischen der Hofbühne und dem
1408 2143 2358 2208 einmal die Stunde der Anerkennung schlagen wird. Bork¬
2359 2129 3335 2216 Wirkung. Aber im dritten Akt, in dem Erhard mit
429 2168 1404 2253 Deutschen Theater an. Wie wollte denn die Hofbühne
1404 2180 2360 2246 man's Frau hat auch ihre krankhafte Hoffnung. Sie baut
2360 2172 3338 2257 der jungen Wittwe davon geht, fehlt die überzeugende
432 2203 1407 2268 ein Stück wie Schnitz'ers Liebelei herausbringen? Ganz
1404 2189 2357 2283 auf ihren Sohn und erwartet von ihm, daßer einst die Ehre
2358 2226 3340 2296 Gestaltungskraft, und es war nur zu billigen, daß die
437 2242 1412 2307 abgesehen davon, daß die Hofbühne keine Schauspielerin
1397 2248 2364 2325 der Familie wieder herstellen wird; das soll seine Mission
2368 2271 3343 2338 Regie am Schlusse einige Sätze gestrichen hatte, die auf
430 2287 1405 2363 hat, die mit gleich elementarer Kraft wie Frl. Renier
1402 2295 2358 2365 sein, für die sie ihn erzieht. In den Kreis dieser
2366 2302 3338 2377 der Generalprobe stark komisch wirkten. Der letzte Akt,
439 2316 1413 2395 die Christine im dritten Akte spielen könnte, hat sie keine
1414 2323 2364 2403 Menschen, die ihr Leben mit kranken Hoffnungen fristen,
2362 2319 3340 2418 in dem Borkman ins Gebirge geht, ließ mit seinen
433 2349 1415 2438 Schauspielerin, die wie Frl Heböel die Mizi Schlager bewäl¬
1401 2358 2368 2452 tritt nun eines Tages Ella Rentheim, die lange Jahre
2370 2373 3352 2463 symbolistischen Motiven ganz kalt. Mehr denn je treten
429 2397 1408 2470 #tigen könnte, und die andern Kräfte des deutschen Theaters
1413 2413 2373 2480 nicht mit ihnen verkehrt hat, und das Drama beginnt,
2367 2413 3349 2492 im Borkman einige Eigenthümlichkeiten des Ibsenschen
444 2445 1415 2499 sind jetzt so gut eingespielt, daß die Hofbühne von dem
1414 2448 2371 2519 das einen einzigen kurzen Winterabend währt und in
2362 2457 3351 2546 Dialogs störend hervor, und es war kein Zufall, daß
438 2481 1417 2546 Zusammenspiel dieser Kräfte zweiter und dritter Ordnung
1407 2482 2382 2563 dieser kurzen Spanne Zeit die Zerstörung aller Hoffnungen
2372 2492 3343 2574 mehr als einer der Zuschauer sich an Hartlebens Ibsen¬
445 2520 1416 2590 lernen könnte. Es ist das eine bittere Wahrheit, aber
1414 2530 2377 2606 zeigt. Ella hat lange Zeit Berkmans Sohn bei sich
2373 2527 3355 2618 parodie „Der Frosch“ mit ihren drolligen Tiefsinnigkeiten
432 2550 1421 2631 wer die Aufführung des Borkmann mit der der Liebelei
1418 2578 2379 2637 gehabt, ihn erzogen und als den Sohn des einstigen
2368 2582 3347 2655 erinnert fühlte. Daß sie so hervortreten wie am Samstag,
441 2597 1420 2666 vergleicht, wird sich ihr nicht verschließen können. Wenn
1418 2616 2374 2674 Geliebten ihn herzlich liebgewonnen. Dann hat ihn die
2366 2620 3344 2685 daran war allerdings sehr viel die Darstellung schuld,
436 2631 1418 2712 dem Deutschen Theater eine stetige Weiterentwicklung be¬
1411 2645 2386 2722 Mutter wieder reklamirt, um ihn für ihren Plan zu er¬
1415 2648 3355 2764 ziehen. Ella merkt aus seinen Briesen, daß er ihr all= über die hier weiter kein Wort verloren werden soll. Es
438 2673 1419 2753 schieden wäre, so würde der Hofbühne, was die künst¬
2370 2695 3361 2765 war ein Labsal, Tags darauf ein schlichtes Trauerspiel
442 2711 1425 2786 lerisch werthvollen modernen Stücke anlangt, eine gefähr¬
1407 2730 2393 2798 mählig fremd wird, und da kommt sie, als sie
2388 2747 3349 2813 ohne symbolistische Flecken wie die „Liebelei“ in einfacher,
450 2758 1088 2835 liche Konkurrenz geschaffen werden.
3153 2777 3327 2842 G. M.
1414 2766 2377 2838 die Gewißheit erhalten, daß sie bald sterben wird,
2375 2789 2909 2870 natürlicher Weise gespielt zu :
521 2773 1420 2869 John Gabriel Borkman hat wie alle Ibsen'schen
1415 2804 2389 2867 um Erhard wieder für sich zu gewinnen. Zwischen
452 2829 1430 2908 Stücke der letzten zwanzig Jahre eine komplizirte Vor¬
1421 2847 2396 2913 den beiden Schwestern kommt es nun zu einem
455 2867 1441 2947 geschichte, aus der im Drama selbst die letzten Schlüsse
1430 2884 2394 2952 leidenschaftlichen Kampfe um den Sohn. Aber der Kampf
456 2905 1427 2985 gezogen werden. Borkman ist Bankdirektor gewesen.
1424 2924 2405 2990 ist aussichtslos. Der junge Mann hat den Egoismus!
450 2944 1435 3013 Sein Traum ist es gewesen, ein König in der kapitalist¬
455 2948 2419 3054 ischen Gesellschaft zu werden. Sein einziges Ziel ist die der Jugend, und will sich weder der Mission weihen,
445 3008 2403 3094 Macht gewesen. Um diese zu erreichen. hat er seine die seine Mutter für ihn bestimmt hat, noch die Stütze
