3344 4256
441 136 804 212 Liebelej
283 132 894 260 5. 1
989 134 1406 234 box 11/2
1224 350 2573 478 New Vörkerdin Mitzi Schlager, John Dean als
1680 410 2562 474 SienFritz Sommer, Robert Conneß als
1827 461 2570 529 Theodor Raiser, Sarah MeVickar
1123 524 1229 572 —
1223 491 2570 582 paziergältge als Frau Binder, G. H. Trader als
1826 553 2563 620 Hans Wehring und vor allen Dingen
1558 564 1819 654 M2
1831 605 2578 655 Albert Bruning in der kleinen Rolle
1127 642 2563 695 ichnitzler's „Liebelei“ als „The Reckon=des in seiner Ehre gekränkten Duell¬
1156 693 2566 754 ing“ auf der englischen Bühne. —gegners Sommer's waren sämmtlich
1162 713 1833 782 Eine vorzügliche Uebertragung in
1832 737 2559 797 durchaus am Platze und boten sehr
1156 757 1830 840 trefflicher Besetzung im Berkeley
1826 769 2569 846 anerkennenswerthe Leistungen. Gu¬
1153 806 1498 879 Lyceum Theater.
1810 813 2565 892 stav v. Seyffertitz, der nun nicht mehr
1148 870 2576 918 Ein ganz eigenartiges Publikum bei Savage ist, hatte gemeinsam mit
1103 911 2577 990 hatte sich am Dienstag in dem kleinen Frederick Sullivan die Bühnenleitung
1107 959 2574 1039 Berkeley Lyceum Theater in der West und jedenfalls hat sich Seyffertitz mit
1813 1013 2553 1078 dieser Vorstellung ein Verdienst er¬
1103 1032 2567 1128 44. Straße versammelt. Ein jeder worben. Denn die Erfassung des
1104 1078 2571 1167 kannte sich und grüßte einander und Charakters des Stückes und der
1111 1139 2569 1218 dabei war es ein Publikum, wie es Handlung wird auf seinen Einfluß
1108 1194 2565 1245 kritischer nicht gut gedacht werden zurückzuführen sein. Es würde mich
1103 1238 2566 1308 kann. Von der englischen Kritik war durchaus nicht wundern, wenn wir
1845 1289 2561 1351 dieser interessanten Vorstellung dem¬
1100 1294 1835 1363 die erste Garnitur erschienen, die sich
1832 1331 2551 1413 nächst auf einer großen Broadway¬
1085 1336 1840 1418 sonst nur selten in dieses Theaterchen
1832 1382 2321 1456 Bühne begegnen würden.
1105 1395 1841 1459 hineinverirrt, eine Anzahl Manager
1103 1446 1837 1515 vom nahen Broadway waren da, um
1838 1450 2567 1520 Auf dem Umweg über reichsdeut¬
1109 1488 1834 1539 vielleicht eine werthvolle Atträktion zu
1829 1520 2558 1583 sche Zeitungen erfährt man die merk¬
1099 1536 1816 1592 entdecken, denn man kann nie wissen,
1870 1570 2559 1625 ürdigsten Nachrichten über hiesige
1099 1571 1799 1640 seitdem Alla Nazimova, die Russin
1873 1607 2556 1673 erhältnisse; so geht jetzt folgende
1103 1622 1659 1687 einen so glänzenden Erfolg
1881 1660 2562 1716 eldung von Berlin aus: „Aus New
1105 1674 1586 1734 und sich als ein Kassenn
1912 1700 2554 1767 k wird mitgetheilt: Es ist bei An¬
1098 1715 1494 1783 Ranges erwiesen ha
1864 1751 2566 1806 unft der großen Ozeandampfer im
1104 1756 1414 1821 war viel Th
1880 1796 2556 1853 ew Yorker Hafen (bei den Deutschen
1101 1795 1393 1869 Schauspielerin
1875 1850 2552 1900 Hoboken) Sitte, daß die amtiren¬
1101 1855 1404 1919 Künstler aller
2177 1890 2569 1944 nach beendetem
1815 1875 2122 1957 den Zollbeam
1100 1897 1434 1965 ein Jeder, der an
1847 1931 2059 2001 Dienst zu e
2353 1937 2562 2010 eingeladen
1103 1942 1589 2007 ter saß, hat irgendetwe
2439 1986 2561 2046 fand
1109 1989 1433 2066 Kunst zu thun.
1148 2033 1502 2099 Und sie Alle, die
1101 2081 1482 2145 waren gleich mir g
1099 2130 1465 2191 genehm überrascht
1096 2176 1459 2236 kommt man in die
1097 2216 1425 2280 ter nur Vorstell
1096 2263 1412 2342 Versuche sind,
1096 2308 1394 2373 immer mißli
1111 2360 1433 2421 Schauspielerine
1099 2404 1402 2472 sein, so miethet
1102 2451 1371 2510 für ein paar
1100 2493 1330 2555 einem mög
1106 2535 1285 2598 auf daß
1093 2587 1279 2649 ein Stü
1093 2631 1268 2695 enthält,
1096 2678 1293 2738 einige M
1092 2721 1318 2781 mierenaben
1090 2767 1403 2840 hat die betrefft
1529 2754 1675 2833 ünstleri
1088 2808 1682 2887 den zweiten Abend Mühe, das
1082 2857 1698 2920 ter auszuverschenken. Denn die
1073 2910 1696 2976 wandten, Freunde und Beka
1075 2960 1698 3015 waren ja schon am ersten Abe¬
1082 2994 1707 3058 und zweimal kriegt sie nichte
1088 3044 1720 3119 die größte verwandtschaftliche
1076 3087 1265 3155 hinein.
1150 3116 1728 3203 So, wie ich es eben schilderte
1091 3152 1760 3249 es gewöhnlich sonst. Dieses Mal
1099 3221 1778 3279 es erfreulicher Weise ganz, ganz al
1085 3273 1801 3330 ders. Das Drama, das von der Die
2490 3277 2540 3329 1¬
1092 3305 1833 3382 rektion Robert Hunter ausersehen
2382 3322 2556 3392 Schiffe
2152 3323 2267 3385 chis au
1091 3362 1905 3420 war, den Besuch dieses Theaters zu insp
1912 3370 1964 3429 zir
2032 3366 2551 3434 Es fiel ihm ferner auf,
1086 3414 2548 3486 einem Vergnügen zu machen, heißt daß er den übrigen Angestellten, die
1090 3461 2543 3519 „The Reckoning“ ist in Wirklichkeit auf den Dampfern verweilten, vorsich¬
1097 3510 2558 3574 jedoch nichts Anderes, als eine sehrtig aus dem Wege ging. Erssetzte sich
1097 3557 2558 3617 gute englische Uebersetzung von Ar= daher telephonisch mit dem Hafenauf¬
1094 3593 2560 3649 thur Schnitzler's Drama „Liebelei", seher in Verbindung, von dem er er¬
1092 3634 2562 3687 das wir vor Jahren schon in deut=fuhr daß die Regierung kein= Aerzte
1098 3689 2552 3758 scher Sprache im Irving Place Thea=auf die Dampfer schicke, folglich auch
1097 3738 2549 3778 ter kennen gelernt haben. Von wemfkeinen Dr. Rice. Als dieser sich nun
1096 3780 2539 3846 die Uebersetzung herrührt, ist auf demlkürzlich wieder zum Frühstück ein¬
1088 3823 2554 3863 Theaterzettel nicht gesagt. Der Chas. stellte wurde er zu seiner großen Ue¬
1090 3871 2539 3936 H. Meltzer von der Oper, der fein=berraschung verhaftet und dem Rich¬
1094 3909 2542 3986 sinnige Hauptmann= Uebersetzer, wärster vorgeführt. Der Inspektor wollte
1090 3966 2540 4038 auch im Zuschauerraum. Sollte er keine Klage erheben. Er erklärte, es
1087 4012 2537 4072 vielleicht auch für diese treffliche sei ihm nur darum zu thun, den
1100 4057 2534 4121 Uebertragung der Verantwortlich Herrn „Doktor“ zu veranlassen, sich
