3436 4224
204 187 312 268 5.
350 185 598 251 Lrebe
321 170 1294 280 l box 13/2
1555 296 2177 365 Ambrostne
2250 331 2708 406 S
2281 449 2950 517 CRONACA TEATRALE
2261 573 2975 658 &Cristma) di A. Schmtzler
2362 653 2866 730 al Filodrammatiei
2286 711 2970 784 Nella galleria delle donne di Schni¬
2253 766 2978 815 #tzler — il grande scrittore austriaco
2267 800 2973 842 morto mesi or sono fu particolar¬
2269 834 2979 876 mente attratto dallo studio delle ani¬
2271 875 2977 914 me femminili ; cösi varia e, per mol¬
2263 899 2971 946 ti aspetti, incantevole, Cristina ha
2260 937 2970 978 un posto a se. Ripensando all’epoca
2260 971 2960 1028 in cui essa nacque — verso i1 1890 —
2264 997 2979 1052 e alle mode detterarie d’allora, vien
2270 1040 2976 1086 fatto di considerare questa dolce, ac¬
2252 1086 2977 1125 corata e appassionata fanciulla, sul¬
2263 1100 2976 1158 la quale si impernia il dramma inti¬
2262 1143 2975 1180 tolato al suo nome, al tempo stesso
2263 1176 2982 1221 dentroe fuori la tradizione romanti¬
2271 1213 2978 1249 ca e verista. C’e chi la riaccosto su¬
2274 1249 2981 1292 bito alle donne di Goethe — piene di
2278 1286 2979 1327 verità e di poesia — echi, piu tardi,
2271 1311 2988 1355 a quelle di lbsen. Certo che qualcosa
2268 1345 2980 1389 del divino dono goethiano di dare
2275 1388 2983 1427 alle creature il loro naturale respi¬
2279 1420 2973 1463 ro sembra sopravviva nello Schnit¬
2272 1452 2985 1498 zler migliore e che in luj il modo di
2266 1488 2951 1532 illuminare l'anima di und donna -
2265 1522 2987 1562 con rapidi ed esperti tocchi poetici
2273 1551 2985 1597 — sia, come intensità e profondità,
2270 1583 2991 1628 pari a quello di lbsen. Tuttavia non
2275 1628 2991 1659 ci sentiremmo di metter Cristina al
2274 1651 2981 1698 fianco, poniamo, di Mignon o di No¬
2273 1695 2985 1733 ra. Tanto Mignon è misteriosa quan¬
2273 1725 2985 1764 to Cristina & chiara e limpida; e se
2285 1755 2984 1798 in Nora colpisce sopratutto il con¬
2275 1786 2986 1834 trasto tra la complessa e loica na¬
2277 1825 2988 1867 uura e l’infantilità delle azioni, in
2281 1857 2983 1899 Cristina (almeno nei primi due atti
2283 1887 2991 1942 del dramma), invece, la natura
2273 1921 2992 1981 ha piena rispondenza gelle azio¬
2483 1953 2983 2007 e una fanciulla inna¬
2279 1991 2994 2038 morata per cui l’amore é insie¬
2270 2020 2997 2062 me vita e poesia, gioia e canto. Ma
2283 2060 2977 2101 sarebbe troppo lungo — e quj fuor
2276 2096 2932 2146 di luogo — riprendere in esame,
2289 2130 2967 2173 dume dell’estetica, il personaggio d
2288 2163 2994 2207 Schnitzler. La commedia che lo con¬
2272 2191 2994 2236 tiene ha, ripeto, quasi quarant’anni
2277 2232 2989 2269 di vita; in Italia fu tradotta e recita¬
2289 2267 2981 2310 ta sin dalla fine dell’ottocento e nel¬
2285 2309 2980 2348 la letteratura drammatica tedesca
2287 2343 2986 2379 gia fa testo. Esaminarla particolar¬
2280 2369 2987 2409 mente comporterebbe un lungo di¬
2275 2403 2989 2441 scorso. E, purtroppo, il tempo stringe.
2323 2437 2996 2482 Vediamo piuttosto di dir qualcosa
2291 2470 3000 2518 della nuova interpretazione. Nella
2283 2497 2993 2551 parte di Cristina — cara a una gran¬
2269 2544 2987 2602 de attrice mostra — ieri sera si ci¬
2289 2571 2982 2613 mentó una giovanissima attrice del¬
2281 2602 2992 2661 la quale, fin da quando esordl pochi
2273 2638 2992 2695 mesi or sono, avevo sentito dire un
2280 2680 2995 2727 gran bene. Mi ero preparato, percio,
2287 2709 3005 2751 a una delusione, che, per fortuna,
2289 2736 2997 2784 non ebbi. La signorina Palmer ha
2295 2774 3001 2814 un temperamento vivo e genuino.
2287 2815 2995 2854 Forse per sostenere parti di tanta
2291 2842 3000 2885 importanza ella à ancora immatura
2289 2885 3003 2923 (ieri sera qua e là mi parve la sua
2295 2917 2993 2956 recitazione desse nel dilettantesco)
2287 2953 2990 2994 ma non so quante attric d’oggi po¬
2292 2990 2996 3028 trebbero starle a paro per grazia e
2299 3015 3005 3053 spontaneità di stile. Ese nel primo
2299 3050 2983 3094 atto la trovai un po' troppo esagi¬
2296 3083 2992 3126 tata, un tantino falsa e fuor di to¬
2296 3126 2992 3161 no, nei secondo e nei terzo ella eb¬
2295 3148 2997 3192 be accenti, gesti ed espressioni cosi
2289 3188 2994 3235 appropriati al personaggio e felici
2297 3228 2999 3265 da stupirmi. La fortuna di questa
2294 3259 3001 3297 giovine attrice é di non risentire di
2300 3290 3001 3334 nessuna scuola e di nessun modello
2298 3328 2999 3365 (eccetto, forse di Emma Gramatica
2302 3358 2998 3409 alla quale assomiglia un po' nel fi¬
2295 3388 3004 3434 sico e nelle intonazioni) di avere
2306 3424 2995 3468 una personalità sua, inconfondibile.
2305 3461 3010 3506 Si guardi dal guastara, si studi di
2288 3493 3003 3556 recitare con maggiore semplicitä e
2293 3529 3001 3567 mondi il suo stile di certe scorie che
2297 3561 3001 3607 ne turbano il nitore. Per 11 resto la¬
2291 3598 2995 3658 sci fare al tempo e all’esperienza:
2301 3634 3011 3683 col suo cuore e col suo ingegno an¬
2302 3672 2558 3719 drà lontano.
2313 3702 3004 3760 Degli altri i meglio mi parvero il
2296 3742 2999 3782 Geseri e la Riva. Quello nella par¬
2303 3777 3002 3821 te del padre, questa di una donnetta
2296 3813 2987 3850 melliflua e ficcanaso furono sponta¬
2304 3844 3006 3888 nei insieme ed efficacissimi. L’Oppi,
2296 3885 3005 3920 invece, e i1 Biliotti, li avrei voluti
2914 3909 3017 3956 pin
2666 3911 2847 3952 funerei
2299 3914 2613 3963 meno caricati
2294 3943 3005 3996 giovani. Nel dramma Fritz é uno
2470 3973 3014 4028 (personaggio caro allo
2295 3988 2469 4030 asnob„
2304 4015 3019 4062 Schnitzler, sul quale moltj critici gli
2302 4050 3009 4102 rimproverarono di aver froppo insi¬
2294 4072 3013 4141 stito) e und esnobn, anche nei casi
2714 4116 2923 4152 (esempi ce
2560 4115 2687 4153 lla vit
2451 4118 2542 4154 vi d
