3344 4256
447 166 815 246 Liebelei
962 170 1401 262 box 11/2
262 173 834 275 3. Tennnnn
1129 530 1521 608 Telephon 12801.
356 695 457 760 2
790 688 1503 801 TPTIETATSINN
460 701 761 799 LInL
360 749 440 805 —
367 812 1519 866 O l. österr. beht dl. konz. Unternehmen für Zeitungs-Ausschnitte
378 830 460 884 6
543 850 1419 929 Wien, I., Concordiaplatz 4.
385 907 463 968 4
753 908 1200 985 Vertretungen
396 961 1516 1041 0 in Berlin, Budapest, Chicagn, Christiania, Genf, Kopen¬
352 997 1526 1065 hagen, London, Madrid, Mailand, Minneapolis, New-Vork,
468 1056 1489 1120 Paris, Rom, San Francisco, Stockholm, St. Petersburg.
772 1098 1177 1143 (Quelienangabe ol ne Gewähr.)
362 1061 420 1138 a
946 1121 1262 1208 208191907
363 1122 854 1217 6 Ausschnitt aus:
1180 1187 1290 1245 ichte
656 1193 1362 1296 Horliner Ronaste Wachitonted
360 1248 588 1304 E vom:
653 1323 1344 1421 Theater und Musik
773 1401 1204 1473 (Siehe auch Beilage)
474 1438 1494 1547 Kammerspiele des Deutschen Theaters
445 1510 1610 1578 Zum ersten Male: „Liebelei“, Schauspiel in drei Akten
370 1551 943 1627 von Artur Schnitzler.
449 1615 1604 1695 Der Herr Regisseur hätte die Einsicht haben müssen, Seinz
370 1656 1617 1727 Gestrengen, den Herrn Theaterleiter, etwa folgendermaßen zu
376 1709 1608 1761 apostrophieren: „Halten zu Gnaden, Herr Direktor, aber das
359 1747 1609 1810 geht nicht. Die Kammerspiele sind nicht eingerichtet worden als
367 1780 1596 1844 Probierstub. Wer hier hineinkommt, muß das Gefühl mitbringen:
363 1820 1605 1885 es wird nur das beste vom besten serviert, und wer zum Beispiel
358 1867 1602 1927 einen Oesterreicher Wein fordert, kriegt keinen Grüneberger,
362 1906 1609 1956 Wollen wir also Schnitzlers „Liebelei“ in den Kammerspielen
363 1945 1602 2014 bringen, so muß Wiener Luft wehen, Wiener Blut gespürt werden,
364 1982 1607 2031 in der lustig charmierenden Mundart der Wienerstadt geredet
359 2014 1603 2107 werden, oder — halten zu Gnaden, Herr Direktor — wir lassen's
358 2055 513 2112 lieber.“
436 2097 1595 2163 Leider sand zwischen Regisseur und Direktor diese Aussprache
362 2144 1603 2209 nicht statt. Die Folge: zwei Drittel der Aufführung kamen nicht
363 2185 1606 2259 über das Niveau der gewohnheitsmäßigen Provinzaufführung
360 2223 1599 2295 hinaus, in der jeder Mime kontraktlich verpflichtet ist, sämtliche
353 2246 1591 2314 Dialekte der Welt zu beherrschen. Nicht nur das: man legte die
360 2297 1598 2370 Axt an die Wurzel des Stückes, man schied den Charme aus, die
352 2337 1596 2421 fröhliche Leichtlebigkeit, die dem Stück und seinen Menschen die
348 2383 1601 2445 versöhnende Note gibt, die Erklärung. Der ganze erste Akt, von
366 2425 1594 2479 Schnitzler gesättigt mit echtem Wienertum, ging der Natur
348 2459 1601 2514 meilenweit aus dem Wege und blieb nichts als geschraubte
359 2512 1602 2575 Theaterspielerei. Man ließ selbst die Pointen unter den Tisch
354 2550 1592 2612 fallen, in gerechter Trauer über den nicht aufzubringenden
350 2585 1599 2654 Humor. Eugen Dumont hat sicherlich eine Entwickelung
350 2622 1588 2684 vor sich. Weshalb wartet die Regie sie nicht ab? Als junger
346 2682 1596 2737 Lebemann Fritz verfügte er nur über Jugend, und das genügt
354 2720 1583 2770 nicht für die Rolle. Er hat ein hübsches Organ, aber er muß es
350 2760 1604 2833 noch verwenden lernen, er hat eine hübsche Figur, aber
326 2800 1567 2892 noch gehen und stehen lernen. Die Anfängerschaft sitzt ihm nocht
330 2854 1560 2928 in den Knochen — das ist bei einem talentvollen Ansänger kein
326 2906 1558 2971 Fehler — aber in den Kammerspielen darf sie nicht heimisch wer¬
330 2936 1562 3011 den. Grete Berger als fesche, übersprudelnde Modistin
333 2994 1552 3066 Mizi blieb die frische Grazie schuldig, die einer Grisette zur Ver¬
323 3009 1564 3103 zeihung gereichen muß. Das war schlechtweg eine Grisette. Gott
328 3073 1548 3143 verzeih's ihr. Alexander Eckert als zweiter junger Lebe¬
333 3107 1571 3168 mann spielte einen sehr guten Leutnantstyp an Stelle des von
334 3145 1558 3226 ihm verlangten Allerweltswieners. Sobald die Geschichte seriös
335 3198 1563 3255 wurde, stand er auf der Bühne seinen Mann. Selbst Pagay,
332 3236 1565 3292 der so oft die Fahne aus der Schlacht gerettet, kam über den
344 3273 1574 3338 bürgerlichen Theatervater nicht hinaus. Das wundervolle
339 3314 1581 3375 Menschentum des alten Orchestergeigers, den das Alter die Liebe
347 3355 1581 3425 zum Frühling gelehrt, brach nicht in den tausend zitternden Re¬
353 3403 1589 3469 flexen durch, die diese Gestalt umspielen. Albert Steinrück
339 3419 1581 3489 nur gab als fremder, seine Ehre suchender Herr eine Vollnatur,
344 3484 1566 3548 die Verkörperung einer eiskalten Wut, die heißer brennt als das
342 3514 1564 3579 höllische Feuer. Und Lucie Höslich als „süßes Mädel“
340 3569 1582 3628 Christine.... Die Süßigkeit versagte, das mädchenhafte Herbe
349 3583 1587 3651 war in Unliebenswürdigkeit vertauscht, schon glaubte man auch
360 3638 1589 3707 hier eine Enttäuschung zu erleben: da brach im letzten Akt ein
348 3665 1578 3750 Weibsnaturell durch, das das lange Warten vergessen machte.
349 3706 1582 3778 Eine Tragödin entstand aus dem gedrückten kleinen Mädel, und
352 3768 1591 3822 ein Schrei kam bei der Erkenntnis vom Tode des Geliebten, der
350 3798 1583 3866 nur mit ihr gespielt, über ihre Lippen, der durch Mark und Bein
360 3845 1578 3919 ging, die Seelen aufrüttelte und ins Gewissen traf. Das war
366 3883 1585 3951 ein künstlerischer Abschluß des Abends. Und trotzdem: ein paar
355 3915 1586 3976 Einzelleistungen, ein paar hübsche Zimmerinterieurs genügen
358 3953 1591 4031 nicht für „Kammerspiele“ wollen sie in der Theatergeschichte
354 4021 1325 4081 Berlins mehr bedeuten als — ein Theater mehr.
1115 4024 1555 4117 Rudolf Herzoc
2023 1060 2454 1226 orpssesocnn
2710 1093 3123 1191 ephon 12801.
2256 1252 3079 1359 SENS
1978 1311 3099 1410 I. österr. behördl. konz. Unternehmen für Zeitungs-Ausschnitte
2097 1376 2981 1492 Wien, I., Concordiaplatz 4.
1924 1439 2024 1498 4
2326 1461 2749 1540 Vertretungen
1957 1505 3081 1599 0 in Berlin, Budapest, Chicago, Christiania, Genf, Kopen¬
1925 1543 3078 1652 hagen, London, Madrid, Mailand, Minneapolis, New-Vork,
1928 1598 3041 1676 0) Paris, Rom, San Francisco, Stockholm, St. Petersburg.
1937 1621 2008 1670 00
2328 1648 2732 1703 (Quelienangabe ohne Genähr.)
1917 1664 2391 1776 & Ausschnithfaue
2337 1706 2956 1845 ce Wiener lournal
1901 1782 2129 1845 E vom:
2392 1814 2740 1901 B907
1782 1819 2494 1939 „Besongurng der t
2106 1921 2750 1993 Berliner Premieren.
2049 1979 2804 2045 Die Eröffnung der Kammerspiele.
1895 2026 3054 2112 Berlin, 19. September. (Privat=Telegramm des
1795 2087 3054 2158 „Neuen Wiener Journal“.) Die Kammerspiele des
1784 2141 3037 2209 Deutschen Theaters nahmen heute Artur Schnitzlers
1785 2192 3039 2255 „Liebelei“ in ihr Repertoire auf und erzielten dälst eiten
1776 2231 3061 2283 außerordentlichen Erfolg. In der stimmungsvollen Regie Rudolf
1780 2285 3051 2354 Bernauers, die den wechselvollen Stimmungen des Stückes voll¬
1785 2321 3051 2400 ständig gerecht wurde, war die Wirkung eine erschütternde.
1780 2382 3050 2434 Namentlich Fräulein Höflich als Christine ergriff das Publikum.
1783 2424 3051 2489 Ein Debütant aus Wien, Eugen Dumont, führte sich sehr
1781 2483 3048 2542 gut ein. Von den übrigen Darstellern, die sämtlich. Ausge¬
1781 2551 3050 2599 zeichnetes boten, seien besonders Fräulein Grete Berger,
1791 2577 2873 2641 Herr und Frau Pagay und Herr Eckert hervorgehoben.
1906 2626 3081 2691 Im Neuen Theater gelangte heute das in ein¬
1786 2670 3064 2739 indisches Kleid gehüllte Stück „Javatrahe“ von Berstle
1789 2728 3051 2786 zur ersten Aufführung. Es behandelt die Liebe einer Prinzessin
1780 2768 3050 2832 zu einer Sklavin, aber in so öder und geschwätziger Weise, daß
1787 2816 3040 2870 das Publikum vollständig gelangweilt und unbeteiligt der Auf¬
2553 2868 3053 2936 besserte sich durch
1792 2867 2548 2934 führung folgte. Die Stimmung
1800 2916 3051 2980 das darauffolgende Stück „Liebe“ von Wied, einer
1794 2960 3050 3022 kleinen, leider etwas zu weit ausgesponnenen Satire auf
1781 3019 3047 3073 die Liebe. Um ein halbgebildetes Mädchen bewerben sich der
1796 3049 3060 3123 Dorftrottel und der Schwerenöter des Dorfes. Ersterer weiß
1790 3113 3032 3166 durch einen fingierten Selbstmord das Mädchen zu rühren, daß
1788 3151 3039 3214 es sich für ihn entscheidet. Die Darstellung war in beiden Stücken
1783 3210 3041 3280 eine vorzügliche, vermochte aber den ziemlich verlorenen Abeny
1796 3258 2100 3339 nicht zu retten.
