3484 4256
442 164 804 239 Liebelej
962 171 1401 260 box 12/7
271 167 874 288 8. enenn
824 781 1158 874 7400 1978
533 849 1272 985 Der Tiroler Bozen
383 1016 1362 1086 Liebelei. Schauspiel in 3 Akten von Arthur
315 1049 1348 1133 SchnitlenSpielleitung: Leo Bowacz. Eine gar all¬
319 1091 1366 1191 tägliche Geschichte ist es, die Schnitzler in diesem seinem
311 1140 1450 1230 Drama uns vorstellt, die Geschichte einer ersten Liebe, 1
312 1178 1356 1255 welche ein armes, liebes tiesveranlagtes Wienerkind er¬
312 1208 1356 1290 faßt. Und diese Geschichte erzählt von süßer Maien¬
310 1254 1360 1328 seligkeit, von kummervoller Angst vor dem Verlust des
308 1302 1379 1376 Geliebten und von den herzzereißenden Folgen dieses
309 1335 1352 1409 Verlustes. „Sie kommt nicht wieder — sie kommt nicht
311 1370 1348 1454 wieder,“ meint laut aufschluchzend der alte Weiring, da
309 1412 1350 1485 er sein Kind, die Christin' davoneilen sieht, nachdem sie
306 1461 1341 1523 vom Tode ihres geliebten Fritz erfahren. Eine alltüg¬
304 1502 1350 1559 liche Geschichte, aber wie fein und zart und süß, wie
302 1543 1341 1611 einfach und schlicht wird sie uns vom Dichter geboten.
302 1565 1336 1652 Fein, süß und zart die Stimmung, in welche die Hand¬
288 1612 1348 1692 lung eingesponnen ist; einfach, schlicht und doch so wahr
295 1647 1341 1720 die Worte, mit denen diese Handlung erzählt und die
288 1693 1339 1766 Charaktere klar umrissen und lebensvoll gezeigt werden.
296 1738 1332 1811 Ein Meisterwerk moderner dramatischer Kleinkunst. 2
290 1768 1344 1843 Dieser Schnitzler=Abend hat schier durchwegs türhtige
290 1814 1329 1881 Einzelleistungen gezeigt. Da nenne ich vor allem Frl.
289 1846 1327 1939 Smereker als einfache, stille Christine, die ihre rüh¬
282 1895 1329 1960 rende Herzensgeschichte mit schlichten, doch eindringlichen
284 1936 1333 1998 darstellerischen Mitteln vor uns hinstellt. Wenn jedoch
288 1979 1331 2051 die Darstellerin am Schlusse bei ihrem Schrecken und in
286 2015 1422 2103 ihrer Verzweiflung statt der Schriftsprache die warme, sel
280 2053 1265 2118 liebenswürdige Wiener=Mundart gesprochen hätte,
278 2100 1336 2167 hätte sie da wohl noch rührender und erschütternder ge¬
280 2130 1406 2211 wirkt. Leo Bowacz war ein lieber Fritz, der still „8
280 2167 1432 2243 schöffes, keusches Liebesglück genießt und still und w
301 2296 1384 2378 schmerzlich bewegt von ihm und dem Leben Abschied
305 2352 1351 2409 nimmt. Heinz als sein stärkerer, nüchterner Freund
309 2398 1367 2452 Theodor und Frl. Heimberger als possierliches
313 2433 1361 2487 Poussierkätzchen Mizzi haben ebenfalls Hübsches gebo¬
312 2480 1354 2521 ten. Ueberragendes jedoch Kneidinger als Weiring,
302 2511 1359 2562 der die zärtliche Vatersorge um sein über alles geliebtes
301 2554 1353 2612 Kind, um dessen Jugendglück und Liebesschmerz herzens¬
307 2590 1354 2648 warm und lebenswahr gestaltet hat. Also wie gesagt: tüch¬
312 2635 1364 2685 tige Einzelleistungen, die aber aneinander vorbeigespielt
307 2669 1364 2717 worden sind, so daß keine einheitliche Stimmung auf¬
299 2708 1356 2770 kommen konnte, auf der Bühne nicht und nicht im Zu¬
300 2766 1344 2801 schauerraum. Es fehlte die sorgsame Vorbereitung —
309 2784 1355 2841 man sah das auf den ersten Blick —, die gerade hier un¬
320 2836 1369 2882 bedingt nötig gewesen wäre, um ein gegenseitig abge¬
310 2865 1366 2914 stimmtes Zusammenspiel zu schaffen. Deshalb wohl fan¬
302 2922 1359 2962 den Drama und Aufführung beim leider schwach be¬
316 2947 1406 3004 suchtem Hause nicht den Anklang, dessen dieses Dichtwerk
293 2982 667 3072 sonst so sicher ist.
1172 2986 1329 3076 #ßl.
1400 2003 1439 2035 4
2707 392 3002 481 29 M. 18 18
2126 457 2723 579 Grazer Tagblatt, 8#
2285 554 2632 645 Abendblatt
2030 668 2859 758 Theater und Kunst.
1954 732 2991 826 Schauspielhaus.) ArturSch####
2006 809 2943 899 enging wieder mit sichtlicher Wirkung über
1924 857 2993 937 dühne. Als verdienstvoll für diesen Erfolg ist !
1916 906 2993 986 b#föndecs das Spiel Herrn v. Pindos zu nen¬ c
1905 949 2959 1036 nen, Fr ein lebenswahr besorgter Vater Weiring!
1914 1005 2965 1067 war, sowie die gute und teilweise sogar starke Ge¬
1904 1043 2939 1113 staltung der irregegangenen Liebe durch Grete
1898 1076 2937 1175 Imle. Frau Imle ist heute noch keine vollendete
1908 1147 2939 1224 Christine, aber in Ansätzen ist jedenfalls zu diesem
1907 1176 2926 1267 schönen Endziel vieles bereits vor####den. An der
1912 1236 2936 1318 Auffüihrung nahmen auch zwei Gäste teil: Frau
1899 1270 2942 1378 Kovacs=Schürmann, die uns ihre samose
1904 1322 2931 1421 Mizi Schlager abermals in unterhaltender Weise
1901 1387 2934 1475 zum besten gab, und ein Herr Huber vom Wie¬
1900 1431 2925 1511 ner Hofburgtheater, der als ein ziemlich unbedeu¬
1904 1470 2936 1563 tender und farbloser Fritz Lobheimer zwar nichts
1889 1531 2933 1610 verdarb, aber ebensowenig die Aufführung zu för¬
1894 1575 2928 1659 dern wußte. Man fragte sich verwundert und un¬
1900 1625 2938 1714 befriedigt, wozu dieses Gastspiel nötig sei, da man
1888 1671 2921 1759 ja doch in Graz einen mindestens gleichwertigen
1904 1721 2921 1793 Darsteller der Rolle hätte aufbringen müssey
2636 1776 2906 1885 Dr. J. 91,
2214 2083 2896 2198 Hamburger Nachrichten
2207 2150 2705 2261 RAUdie Hamburg.
1941 2315 3062 2419 (Kunst, wissenschaft, Theater und munik.
1966 2374 3135 2452 Th. H. Schiller=Theater. „Liebelei", Schauspiel in drei
1893 2416 3116 2515 Akten von Arthur Schnitzler. „Liebelei“ ist vielleicht unter
1897 2453 3119 2556 den Gaben, die uns der WienerBühnendichter geschaffen hat, die
1896 2499 3109 2598 reichste. Die beiden Paare, die uns zeigen, wie Liebelei und
1895 2551 3115 2618 echte Liebe zwei getrennte Welten sind, hat er meisterlich aus dem
1892 2565 3107 2667 Leben gegriffen und auf die Bühne gestellt; und hai damtt eine
1890 2612 3109 2708 Saite unseres sozialen Lebens angerührt, derem Klange wir neu¬
1891 2652 3106 2745 zeitlichen Kulturmenschen unser Ohr nicht verschließen sollten.
1893 2685 3105 2774 Unsere altonaische Bühne hat sich ein Verdienst erworben, indem
1895 2726 3111 2827 sie dieses Schauspiel in ihren Spielplan einstellte. Und sie cat auch
1883 2768 3105 2848 unter der Leitung von Julius Haller, eine Aufführung zustande
1887 2808 3114 2911 gebracht, die sich sehen lassen kann. Es wird durchweg ganz aus¬
1889 2848 3104 2939 gezeichnet gespielt. Die beiden Gegenpole, die beiden jungen
1877 2876 3101 2977 Paare, werden hier durch Herrn Endlein und Frl. Zorn, dort
1881 2922 3094 3018 durch Herrn Schmitz und Frl. Döscher überaus lebenswahr,
1886 2963 3100 3061 aber ohne jede unkünstlerische Aufdringlichkeit, verkörpert. Nur,
1877 3003 3095 3087 daß namentlich Frl. Zorn den nicht sehr günstigen Schallverhält¬
1882 3037 3088 3127 nissen des Theaters ausgiebiger Rechnung tragen müßte, ohne na¬
1870 3084 3087 3173 türlich die Innigkeit ihres schönen Spieles zu beeinträchtigen. Den
1876 3113 3085 3209 prächtigen Vater Christinens stellte der Spielleiter Julius
1877 3161 3090 3252 Haller warm und mit großem Bühnengeschick dar; auch die
1872 3193 3083 3284 Nebenrollen (die Klatschbase und der beleidigte Ehegatte, finden in
1861 3236 3085 3322 Frau Karl und Herrn v. Roggenhausen untadelige Vertreter. Und
1869 3262 3092 3367 so verdient die ganze Aufführung uneingeschränkte Anerkennung.
1857 3295 3074 3392 Doch sei eine Bemmerkung noch gestattet: Es tst richtig, daß die Dar¬
1856 3354 3088 3446 steller, die die Wiener Mundart nicht beherrschen, gar nicht erst
1853 3393 3075 3465 den Versuch machen. Man kann es ohne Störung des Gesamt¬
1862 3424 3080 3518 einduucks hinnehmen, daß Herr Haller, Frl. Döscher und Frau Karl
1853 3459 3070 3552 ein tadelloses Wienerisch sprechen, während z. B. die Tochter des
1866 3504 3067 3599 alten Musikers, Frl. Zorn, bei ihrer natürlichen Sprache bleibt.
1858 3532 3079 3619 Aber dan sollte man da, wo nicht Wienerisch gesprochen und,
1862 3578 3079 3676 auch die eigentlich wienerischen Ausdrücke durch norddeutsche er¬
1858 3609 2993 3685 setzen; wo das unterlässen wird, merkt man die Unstimmigkeit.
1848 3656 3065 3750 wäre gut, wenn Herr Haller (für diese Besetzung) den Text
1853 3686 2643 3775 des Fritz LLovheimer einmal durchavbeitete.
1910 3753 3096 3859 „„ „ OlEETAmi.
