3436 4256
294 223 694 300 Liebelei
151 213 703 356 5. S
826 216 1276 318 box 13/6
1515 183 2997 241 1 Programmet indrommer Over-Jakkerygge ude af Stilen, men Scene¬
2242 215 3001 290 arrangementerne modvirkede hinanden
1473 220 2232 298 setteren Mogens Dom, der har gjort
2131 281 2232 330 — ab
2246 279 3000 347 og besverliggjorde Kontakten mellem
1478 279 2099 358 sit Arbejde „efter Onske“
1474 345 3000 408 „Liebelei“ ingenlunde kan overseet-Fde Sgugendene Orkestret. Instruktio¬
2243 384 3007 458 nen var til Tider nesten komisk „gam¬
1474 385 2229 472 tes ved det uskyldige „Svermeri“.
1471 453 3008 516 Og det skal han have Ret i. Imelmodisk“: ved Ordet „op“ peges
2243 499 3020 585 op, ved Ordet „ned“ ned, ved Ordet
1474 501 2233 573 Schnitzlers Mund beted „Liebelei“ en
1470 553 3014 627 megét koldsindig Form for Letsind, „Hjerte“ peges paa Hjertet, ved Or¬
1471 620 3019 699 et tomt Rekordjageri paa Kareste- det „Smil“ smiles, tre Skridt til hefre,
1478 676 3006 749 riets Omraade, og hans „Liebelei“, er Frundt om hinanden, tre Skridt til ven¬
1476 717 3016 799 Historien om en kynisk Lejtnant, derstre. De aldste Piger paa Bakken
1482 784 3014 858 bukker under for denne temmelig stu-har altsaa ikke forgaves bevaret de
1485 839 3017 934 pide Kasernesport, og derfor er saa hundredaarige Traditioner. Dilettant¬
2253 901 3027 982 revyerne i Handels- og Kontomstfor¬
1482 905 2257 977 edelagt af Pigehistorier, da han
1492 966 3034 1037 endelig moder den, det burde have jeningerne virker helt banebrydende
1485 1016 2738 1113 veret — at Lykken ikke kan reali-ved Sammenligningen.
2293 1046 3032 1136 Midt i al denne kunstneriske Jam¬
1491 1080 2254 1165 seres, Fortiden udelukker Frem¬
2268 1120 3035 1205 mer gik Holger Reenberg rundt i en
1494 1123 2256 1228 tiden. Hvilket udmarket finder sit
1495 1188 3025 1272 Symbol deri, at han — da han ende-gammel Musiklarers Lignelse og spil¬
1504 1236 3037 1329 lig har vundet den Ene, den Udvalg-lede et Menneske. Hver Gang han
2264 1293 3031 1364 som en Stemmegaffel gav Tonen C rent
1490 1310 2261 1409 te — desvaerre maa afvikle sin sidste
1503 1349 3044 1447 Karlighedsaffere med en Duel, hvoris og klart, brelede Stykket, Sceneriet
1505 1408 3038 1498 han falder. Det er en lille besk og de Medspillende et falsk G. Erling
1494 1469 3039 1544 Novelle. Og ynaar man nu beten-Schreder klarede dog den fade Tin¬
1504 1529 3051 1608 ker, at Schmitzler var en af Realis-soldat-Lejtnant helt flinkt, og Heury
1500 1609 3042 1667 mens modigste Pionerer, og at han Schmidt sekunderede ham bravt. Cla¬
1510 1637 3048 1710 aldrig blev tret af at pege paa den! ra Oste, der jo ikke synger stort be¬
1505 1703 3044 1776 Verden, han som Lage dagligt hav-f hageligere end en Kniv, der skrider
1500 1751 3052 1820 de for Oje, denne Pandoras Eske paa en Tallerken, har et aegte Koloni¬
1513 1820 3050 1902 af brutal Seksualitet, Konssygdom-havehumer og maatte ofte sige Afte¬
1515 1863 3049 1957 me og anden Elendighed, som sej-nens bedste Vittighed. Den led kort
2193 1932 2653 2006 —og godt: „s’gu“!
1508 1936 2200 2008 lede under Etiketten Svermeri
1519 1967 3087 2070 saa forekommer det Indfald at ville —Enung og fager Dame, Frk. Flas
2288 2056 3097 2124 Jarlback, debuterede — tror vi da —
2297 2113 3084 2198 i Stykkets kvindelige Horedrolle som
2296 2167 3066 2249 den troskyldige Christine. Hvad hun
2302 2220 3080 2309 ellers rummer, maa Tiden vise, men
2300 2274 3076 2350 hun var som fundet til Partie“. An¬
2294 2329 3070 2420 sigtsovalen som en. gammel D##re¬
2298 2391 3083 2461 otypi-Ramme, lige til Ius#ertel-
2296 2452 3070 2535 kransen, Profilen en Kamé, Totalind¬
2294 2503 3075 2593 trykket: Psyke fra Kommoden i en
2292 2560 3070 2648 peen Borgerstue kunde ikke bare en
2294 2685 3092 2763 var ved sin Entré lidt nerves oglangst!
2302 2739 3095 2820 for at andre det Ansigtsudtryk, hun#
2296 2793 3071 2876 lige harde sikret sig i Garderobespej¬
2298 2853 3079 2933 let, men efterhaanden figurerede hun
2299 2908 3082 2990 rigtig net og aabenbarede et stort og.
2295 2967 3070 3048 pregtigt Stemmemateriale, som hun
2304 3017 3070 3106 ubetinget maa kunne udnytte, naar
2290 3080 3116 3167 hun blot kan blive enig med sig selv!
2295 3133 3081 3207 om Stemmelejet. Hun virkede i evrigt
2292 3192 2753 3270 nobelt og sympatisk.
2348 3245 3073 3334 Men som Helhed var Aftenen direk¬
2297 3309 3065 3394 te ubehagelig. Om det saa var Kla¬
2294 3364 3077 3446 ken, virkede den i Aftes dilettantisk
2304 3423 3070 3499 og slet instrueret. Enhver Mistanke
2299 3471 3072 3556 om, at den skulde vere professionel,
2300 3544 3082 3612 bortfaldt. Ferst til allersidst forstod
2295 3589 3072 3672 den, at det var Alvor: nu skulde der
2300 3650 3079 3744 klappes. Og det blev der saa. Men
2301 3718 3078 3778 det er usandsynligt, at denne Verdens¬
2300 3767 3086 3849 Ur-Première paa Wienerschnitzler à la
2297 3826 3077 3908 red Sodavand indleder nogen Ur¬
2315 3878 2648 3966 Verdens-Sukces.
2662 3922 3030 4017 Svend Borberg.
