3248 4320
132 206 674 302 5. Liebelei
330 198 1276 320 aLuLeT box 10/1
1194 342 1432 435 nselben
731 394 1219 498 der zenen Gegenstand.)
628 656 837 746 elEchAI
512 813 772 936 Bersin
786 1058 1049 1138 1200
1372 1179 2431 1241 heimniß ihres Herzens, hat die Todesbotschaft vor ihr
524 1168 1207 1266 Vor den Coulissen.
1369 1223 2413 1305 empfangen, er kämpft aber vergebens mit sich selbst,
401 1215 1306 1306 Unser wiener Correspondent schreibt uns:
1373 1267 2414 1341 um sie ihr zu hinterbringen. Ueber leise Andeutungen,
420 1281 1371 1353 erengt sind die Fesseln, die mehr als ein Jahr¬
1373 1305 2406 1377 die der gemüthvolle Alte fast immer sofort widerruft,
331 1312 1375 1389 hundert, so lange nämlich besteht das Burgtheater, dem
1378 1346 2411 1424 bringt er es nicht hinaus, bis Christine aus dem
342 1355 1377 1429 Repertoir Gewalt anthaten, die Berührung der Bühne
1375 1387 2413 1464 Trauerkleide und der Miene des eintretenden Theodor
334 1405 1373 1477 mit der Strömung der Zeit hinderten und, wie ja
1371 1434 2409 1504 alles erräth und dann aus seinem Munde die traurige
332 1446 1377 1509 Laube in seinen Burgtheater=Erinnerungen klagt, das
1370 1470 2411 1554 Wahrheit erfährt. In tiefer Ergriffenheit eilt dann,
329 1477 1373 1556 Amt des Directors zu einem so sauren machten. Es
1367 1505 2412 1598 ihrer Sinne taum mächtig, das tiefgebeugte Mädchen
336 1517 1366 1602 bleibt immerhin ein unbestrittenes Verdienst, oder
1376 1555 2401 1634 von hihnen, um das Grab des Verblichenen zu be¬
327 1562 1376 1637 richtiger, das eine Verdienst des derzeitigen Leiters
1380 1591 2403 1672 suchen; der Vater indeß sinkt weinend hin mit dem
323 1602 1376 1684 unseres vornehmsten Schauspielhauses, daß er den
1372 1637 2398 1720 Jammerrufe: „Ich fürchte, ich werde sie nimmer
334 1648 2293 1734 Muth hatte, der Freiheit in der Dichtung eine Gasses sehen . ..“ Die Komödie ist zu Ende. .
2279 1695 2390 1747 Die
319 1684 2402 1776 zu bahnen, der neuen Zeit Einlaß zu gewähren in Scenen zwischen Vater und Tochter und dann zwischen!
316 1713 882 1797 das kaiserliche Theater. Es
868 1736 2402 1830 ist ja längst nicht mehr, dieser und Theodor sind mit nicht gewöhnt der Kraft
330 1775 715 1839 wie Laube es
702 1781 2403 1879 ironisch nannte, ein „Com= geführt. Alles in Allem aber kein regelrecht gebautes
319 1827 2392 1920 tessen=Theater", ein Theater in usum del-Theaterstück, sondern mehr eine — Liebelei mit der
325 1846 2403 1938 phini, und die Comiessen von heute sind auch Muse. Die einheitliche, höchst realistische Darstellung
323 1884 998 1959 bei weitem nicht mehr so
985 1899 1228 1964 zimperlich
1255 1913 2397 1996 wieließ indeß die Schwächen des Werkes den Augen des
322 1932 1360 1997 ehedem. Dennoch saßen die Burgtheater=Besucher
1361 1959 2397 2032 Publikums gelinder erscheinen, die unleugbaren Vor¬
313 1969 1361 2036 gestern Abend wie versteinert da, als mit einem Male
1364 2006 2390 2066 züge dafür um so leuchtender hervortreten. Son¬
323 2016 1359 2082 ein breiter Strom echter wiener Luft vom Podium
1366 2036 2404 2124 nenthal bot echte Natur, ungekünstelten Realismus.
321 2056 1362 2132 herab in's Parquet drang und sie bekreuzigten sich
1358 2084 2404 2157 Er sprengt auch die verschlossensten Herzen durch die
317 2095 2403 2193 förmlich, als vom Klavier ein Gassenhauer erklang Zaubergewalt seines Gemüthes. Adele Sandrock
313 2135 1357 2207 einer der Darsteller vom Orpheum und vom Theater
1359 2165 2389 2243 hat die sympathische Gestalt der Christine mit meister¬
319 2182 1354 2242 in der Josefstadt sprach und ein Fenster statt auf die
1351 2205 2391 2276 licher Charakteristik über das Niveau emporge¬
313 2218 1346 2289 Pyrenö= oder auf Lesbos die Aussicht auf den
1356 2243 2403 2321 hoben, auf welches der Dichter sich stellte. Man kann
317 2255 1356 2328 Kah' nverg erschloß. Man denke: Clownspäße aus
1357 2284 2404 2363 das aufquellende Gefühl nicht zarter, den Schmerz
306 2297 1355 2372 dem Orpheum, Anspielungen auf wiener Localverhält¬
1354 2328 2392 2409 nicht ergreifender und überzeugender darstellen. Ihr
306 2336 1349 2413 nisse und die Rebengelände des Kahlengebirges im
1348 2370 2388 2437 sinnlich=heiteres Gegenstück, eine Gestalt von Tempera¬
301 2389 1349 2452 aristokratischen Burgtheater — welche Profanation,
1352 2414 2399 2477 ment und Lebenslust zeichnete Fri. Kallina mit
303 2418 1347 2493 welche Verwegenheit! Aber dem Muthigen gehört die
1353 2449 2384 2525 wirklichem Talent. Die Herren Kutschera (Fritz)
308 2461 1354 2529 Welt. Das Experiment, welches das Burgtheater mit
1350 2492 2378 2545 und Zeska (Theodor) waren äußerst wirksam, ins¬
311 2508 2383 2600 dem aus dem Volleu des wiener Liebeslebens ge=besondere bildete das mondscheinhafte Wesen des
300 2545 1359 2609 schöpften Sittenbilde „Liebelei“ von Arthur
1345 2571 2393 2633 Ersteren einen guten Contrast zu der burschikosen
314 2593 1347 2660 Schnitzler, dem Begabtesten und Uiserschrockensten
1350 2609 2387 2704 lautvergnügten Art Zeska's. Schnitzler darf denn
299 2617 1342 2698 unter den wiener „Modernen“ gewagt hat, es ist nicht
1347 2655 2393 2726 mit seinem Publikum, welches ihm viel Wohlwollen
300 2664 2391 2765 mißlungen. Das Stück fängt allerdings erst dort an entgegensrachte und erst gegen Schluß wider die
297 2701 1320 2784 dramatisch zu werden, wo das Publikum anfängt —
1344 2738 2380 2826 allzulaute Freundesclaque protestirte, vollauf zu¬
294 2747 1332 2818 unruhig zu werden, nach der Uhr blickt und die
1344 2769 1590 2833 frieden sein.
299 2790 1342 2874 Garderobenummer aus der Tasche holt, fesselt aber die
1396 2819 2381 2891 Auch Giacosa, der Autor des jüngsten Pro¬
294 2833 1192 2902 letzten zehn Minuten mit hypnotischem Bann.
1327 2833 2388 2923 ductes des italienischen Verismo: „Die Rechtei
348 2876 1341 2943 Das Milieu, welches Schnitzler bietet, ist nicht
1339 2890 1675 2954 der Seele“
1678 2912 2391 2972 welches wir als hors-d’oeuvrel
293 2924 1334 2985 neu, aber doch reich an markanten Zügen. Scharfe
1341 2939 2377 3014 vorgesetzt erhielten, ist glimpflich davongekommen.
302 2951 1338 3021 Beobachtung, ja mehr als das, tiefe Seelenkunde be¬
1332 2974 1701 3045 Sie haben ja
1683 2993 2363 3046 gelegentlich der berliner Auf¬
301 2996 1336 3068 kundet der Dichter in mitunter überraschender Weise
1336 3018 2375 3096 führung ihre Eiwände gegen diese angeblichen
300 3035 1331 3105 an jeder einzelnen Figur. Aber der Abklatsch des
1333 3051 2361 3137 „Rechte der Seele“ erhoben. Auch das hiesige Publi¬
298 3082 1329 3148 wiener Lebens, den uns Schnitzler vorführt, vermag
1335 3104 2372 3167 kum stimmte mit den Absichten des Dichters und seiner
290 3107 1333 3191 uns doch nicht zu befriedigen, weil er sich so sonverän
1329 3139 2370 3221 dramatischen Studie keineswegs überein, umsomehr
298 3163 1324 3224 über die Gebote der Bühnentechnik hinwegsetzt. Das
1332 3187 2367 3272 erkannte es die feingeschliffene und geistvolle Dia¬
285 3199 1331 3268 Werk erfüllt so gar nicht die Forderungen, die wir
1337 3225 2357 3287 lektik der Frau Hohenfels an, an der die Frauen¬
289 3239 1328 3311 nun einmal an das Drama stellen. Es ist ein stizzen¬
1325 3261 2361 3335 seele und ihre vermeintlichen Rechte eine glänzende
293 3281 1326 3351 hafter Vorwurf voll fesselnder Details, die aber an
1324 3308 2360 3373 Vertheidigerin fanden. Herr Hartmann gab den
288 3319 1316 3395 der Oberfläche haften. Er will die ernsten Folgen
1324 3343 2360 3422 platonisch gehörnten Gatten mit Würde und Eleganz,
285 3363 1318 3432 des Liebesbundes schildern, welcher zwischen einem
1327 3391 2363 3464 nur verleitete ihn die unüberwindliche Schauspieler¬)
282 3409 1322 3474 unverdorbenen Vorstadtmädchet mit einem flotten,
1329 3434 2352 3498 eitelkeit, die Rolle so gewinnend und voll Geist dar¬
286 3449 1319 3517 weungleich ernst veranlagten Bruder Studio be¬
1328 3474 2346 3528 zustellen. daß man nicht begreifen konnte, daß die
281 3486 1312 3547 steht. Dieser, Fritz, hat nur eine flüchtige
1320 3500 2345 3582 Frau dieses Mannes unverstanden geblieben ist.
288 3524 1318 3601 rein äußerliche Neigung zu Christine, der Tochter eines
1322 3548 1534 3605 Indeß ist
1529 3556 2379 3641 die Schuld des Darstellers aber nicht so
283 3562 1313 3635 Geigers an einem Vorstadttheater gefaßt, die er als
1318 3596 2152 3678 groß; auch Giacosa blieb ja unverstanden.
285 3609 1328 3682 Spielzeug, als passagere Sorgenbrechermn betrachtet.
281 3648 1322 3716 Anders Christine. Sie besitzt noch die idealsten An¬
289 3685 1332 3747 schauungen von der Liebe und hat eine ehrliche, tiefes
275 3729 1326 3792 Reigung zu Fritz gesaßt. Möglich, daß der Zaubers
273 3766 1316 3839 der Reinheit, welchen Christine ausströmt, auf Fritz
278 3809 1301 3873 veredelnd wirkt — der Autor läßt uns darüber im
268 3856 1316 3928 Ungewissen, denn sein Held fällt im Zweikampfe mitt
268 3886 1324 3960 einem Manne, dessen Gattenehre er in den Staub¬
275 3938 1320 4002 getreten. Die Entladung des Gewitters über dem
270 3963 819 4024 Haupte des leichtlebigen
814 3979 968 4041 Fritz
958 3983 1313 4040 ist mit einens
274 4006 835 4070 Raffinement durchgeführt
849 4021 969 4073 das
977 4022 1081 4075 an
1069 4025 1308 4095 die besten
270 4043 1308 4122 Seribe'schen oder Augier'schen Momente gemahntz
263 4088 1002 4160 Fritz und sein Freund Theodor
1068 4102 1298 4164 „Dori“ ist
261 4128 639 4176 sein verwienerter
659 4139 750 4177 k####
