<?xml version="1.0" encoding="UTF-8" standalone="yes"?>
<PcGts xmlns="http://schema.primaresearch.org/PAGE/gts/pagecontent/2013-07-15" xmlns:xsi="http://www.w3.org/2001/XMLSchema-instance" xsi:schemaLocation="http://schema.primaresearch.org/PAGE/gts/pagecontent/2013-07-15 http://schema.primaresearch.org/PAGE/gts/pagecontent/2013-07-15/pagecontent.xsd">
    <Metadata>
        <Creator>prov=University of Rostock/Institute of Mathematics/CITlab/Gundram Leifert/gundram.leifert@uni-rostock.de:name=ONB_Newseye_GT_M1+(htr_id=10810)::::v=2.4.2
prov=University of Rostock/Institute of Mathematics/CITlab/Tobias Gruening/tobias.gruening@uni-rostock.de:name=de.uros.citlab.module.baseline2polygon.B2PSeamMultiOriented:v=2.4.2
prov=University of Rostock/Institute of Mathematics/CITlab/Tobias Gruening/tobias.gruening@uni-rostock.de:name=/mnt/transkribus/LA/DEA/URO/LA_news_onb_att.pb:de.uros.citlab.segmentation.CITlab_LA_ML:v=2.4.2
Transkribus</Creator>
        <Created>2019-10-07T11:54:07.874+02:00</Created>
        <LastChange>2019-10-09T06:08:53.022+02:00</LastChange>
        <TranskribusMetadata docId="223992" pageId="9508073" pageNr="664" tsid="16624232" status="IN_PROGRESS" userId="40391" imgUrl="https://files.transkribus.eu/Get?id=VXAQDVXWQUQWFXHAGNSDAPED&amp;fileType=view" xmlUrl="https://files.transkribus.eu/Get?id=JKKZKJJDYZHBTUFXPKOUCCSP" imageId="6197556"/>
    </Metadata>
    <Page imageFilename="223992_0664.jpeg" imageWidth="3484" imageHeight="4224">
        <ReadingOrder>
            <OrderedGroup id="ro_1711445939701" caption="Regions reading order">
                <RegionRefIndexed index="0" regionRef="r1"/>
                <RegionRefIndexed index="1" regionRef="r2"/>
            </OrderedGroup>
        </ReadingOrder>
        <TextRegion orientation="0.0" id="r1" custom="readingOrder {index:0;}">
            <Coords points="298,210 298,270 1399,270 1399,210"/>
            <TextLine id="r1l1" custom="readingOrder {index:0;}">
                <Coords points="466,243 593,242 609,252 641,235 669,249 826,248 825,184 813,179 755,180 730,195 704,180 669,189 605,178 552,204 524,178 466,189"/>
                <Baseline points="474,237 500,237 526,237 553,236 579,236 606,235 632,235 659,234 685,234 712,234 738,234 765,235 791,236 818,237"/>
                <TextEquiv>
                    <Unicode>Liebelei</Unicode>
                </TextEquiv>
            </TextLine>
            <TextLine id="r1l2" custom="readingOrder {index:1;}">
                <Coords points="291,267 402,239 755,283 999,242 1280,283 1407,256 1407,190 1049,179 920,235 684,244 290,194"/>
                <Baseline points="298,230 353,240 408,247 463,252 518,256 573,259 628,260 683,259 738,258 793,257 848,255 903,252 958,250 1013,247 1068,245 1123,244 1178,243 1233,243 1288,244 1343,247 1399,252"/>
                <TextEquiv>
                    <Unicode>5. box 11/1</Unicode>
                </TextEquiv>
            </TextLine>
            <TextEquiv>
                <Unicode>Liebelei
5. box 11/1</Unicode>
            </TextEquiv>
        </TextRegion>
        <TextRegion orientation="0.0" id="r2" custom="readingOrder {index:1;}">
            <Coords points="2015,156 2015,4093 3207,4093 3207,156"/>
            <TextLine id="r2l1" custom="readingOrder {index:0;}">
                <Coords points="2889,197 2920,207 2940,192 2947,200 2980,205 2985,199 3022,199 3041,187 3076,188 3075,131 3055,127 3041,133 3033,127 2992,139 2935,138 2910,123 2888,127"/>
                <Baseline points="2896,180 2924,178 2953,177 2982,176 3011,176 3040,177 3069,177"/>
                <TextEquiv>
                    <Unicode>essau</Unicode>
                </TextEquiv>
            </TextLine>
            <TextLine id="r2l2" custom="readingOrder {index:1;}">
                <Coords points="2147,237 2586,215 2618,231 2633,222 2630,160 2588,150 2562,169 2493,152 2458,176 2407,160 2356,181 2301,165 2144,178"/>
                <Baseline points="2153,229 2179,230 2205,230 2231,230 2257,229 2284,227 2310,227 2336,225 2362,223 2389,222 2415,220 2441,219 2467,216 2493,215 2520,213 2546,211 2572,210 2598,208 2625,207"/>
                <TextEquiv>
                    <Unicode>Enhallischer Staate</Unicode>
                </TextEquiv>
            </TextLine>
            <TextLine id="r2l3" custom="readingOrder {index:2;}">
                <Coords points="2680,481 2865,475 2890,462 2927,480 2989,455 3030,463 3021,396 2992,387 2897,395 2877,410 2772,407 2672,423"/>
                <Baseline points="2687,478 2712,477 2738,475 2763,473 2789,470 2814,466 2840,463 2865,459 2891,455 2916,451 2942,447 2967,444 2993,441 3019,438"/>
                <TextEquiv>
                    <Unicode>2 5 N0V. 903</Unicode>
                </TextEquiv>
            </TextLine>
            <TextLine id="r2l4" custom="readingOrder {index:3;}">
                <Coords points="2271,631 2347,655 2561,632 2607,661 2947,627 2947,592 2880,577 2842,596 2771,573 2585,592 2439,573 2380,591 2321,561 2272,577"/>
                <Baseline points="2279,632 2312,630 2345,628 2378,627 2411,627 2444,627 2477,628 2510,629 2543,631 2576,632 2609,633 2642,635 2675,636 2708,637 2741,638 2774,638 2807,638 2840,637 2873,636 2906,633 2939,630"/>
                <TextEquiv>
                    <Unicode>Kunst und Wissenschaft</Unicode>
                </TextEquiv>
            </TextLine>
            <TextLine id="r2l5" custom="readingOrder {index:4;}">
                <Coords points="2340,696 2448,728 2632,705 2765,723 2862,716 2885,703 2886,672 2859,683 2795,649 2340,670"/>
                <Baseline points="2348,700 2374,701 2401,702 2427,703 2454,703 2480,704 2507,704 2533,705 2560,705 2586,705 2613,706 2639,706 2666,706 2692,706 2719,706 2745,706 2772,706 2798,706 2825,706 2851,706 2878,706"/>
                <TextEquiv>
                    <Unicode>Herzogliches Hoftheater,</Unicode>
                </TextEquiv>
            </TextLine>
            <TextLine id="r2l6" custom="readingOrder {index:5;}">
                <Coords points="2684,756 2776,777 2795,765 2916,773 2935,760 3019,778 3155,762 3155,732 3016,734 2985,709 2965,724 2871,709 2790,724 2722,709 2684,718"/>
                <Baseline points="2692,759 2717,759 2742,760 2768,760 2793,761 2818,761 2844,761 2869,762 2894,762 2920,762 2945,762 2970,762 2996,762 3021,762 3046,762 3072,762 3097,762 3122,762 3148,762"/>
                <TextEquiv>
                    <Unicode>Dessau, 24. November.</Unicode>
                </TextEquiv>
            </TextLine>
            <TextLine id="r2l7" custom="readingOrder {index:6;}">
                <Coords points="2117,818 3139,825 3211,810 3212,769 2488,786 2376,741 2324,775 2117,768"/>
                <Baseline points="2124,798 2178,799 2232,800 2286,801 2340,802 2394,803 2448,804 2502,805 2556,805 2610,806 2664,806 2718,807 2772,807 2826,808 2880,808 2934,808 2988,808 3042,809 3096,809 3150,809 3204,809"/>
                <TextEquiv>
                    <Unicode>Zum ersten Male: Liebelei. Schauspiel in drei Aufzügen</Unicode>
                </TextEquiv>
            </TextLine>
            <TextLine id="r2l8" custom="readingOrder {index:7;}">
                <Coords points="2033,843 2325,840 2348,856 2401,842 2433,857 2623,838 2623,812 2578,823 2469,802 2033,811"/>
                <Baseline points="2040,835 2068,837 2097,839 2126,840 2155,842 2183,842 2212,843 2241,843 2270,843 2298,843 2327,843 2356,843 2385,843 2413,843 2442,843 2471,844 2500,844 2528,845 2557,846 2586,847 2615,849"/>
                <TextEquiv>
                    <Unicode>von Arthur Schnitzler. —</Unicode>
                </TextEquiv>
            </TextLine>
            <TextLine id="r2l9" custom="readingOrder {index:8;}">
                <Coords points="2622,845 3203,849 3193,812 2957,825 2874,807 2798,823 2662,802 2623,818"/>
                <Baseline points="2630,846 2658,847 2686,847 2714,848 2743,848 2771,849 2799,849 2827,849 2856,849 2884,850 2912,850 2940,850 2969,850 2997,850 3025,850 3053,850 3082,850 3110,850 3138,850 3166,850 3195,850"/>
                <TextEquiv>
                    <Unicode>Der Autor dieses Stückes lebt</Unicode>
                </TextEquiv>
            </TextLine>
            <TextLine id="r2l10" custom="readingOrder {index:9;}">
                <Coords points="2049,878 2056,878 2062,883 2068,881 2088,883 2093,880 2106,886 2110,881 2119,881 2119,848 2110,846 2106,848 2100,843 2097,846 2094,843 2079,842 2076,845 2074,843 2066,846 2062,843 2049,845"/>
                <Baseline points="2056,878 2084,876 2112,878"/>
                <TextEquiv>
                    <Unicode>als</Unicode>
                </TextEquiv>
            </TextLine>
            <TextLine id="r2l11" custom="readingOrder {index:10;}">
                <Coords points="2354,892 3206,893 3206,857 3168,853 2354,849"/>
                <Baseline points="2361,881 2402,881 2444,882 2486,883 2528,883 2570,884 2612,885 2654,886 2696,886 2738,887 2780,888 2821,888 2863,889 2905,889 2947,889 2989,889 3031,889 3073,889 3115,889 3157,888 3199,887"/>
                <TextEquiv>
                    <Unicode>seren erfolgreichen drama¬</Unicode>
                </TextEquiv>
            </TextLine>
            <TextLine id="r2l12" custom="readingOrder {index:11;}">
                <Coords points="2037,919 3205,935 3205,898 3129,891 2038,890"/>
                <Baseline points="2045,917 2102,917 2160,918 2217,919 2275,920 2333,921 2390,922 2448,923 2505,923 2563,924 2621,925 2678,926 2736,926 2793,927 2851,927 2909,928 2966,928 3024,928 3081,928 3139,928 3197,927"/>
                <TextEquiv>
                    <Unicode>tischen Autoren moderner Richtung. „Liebelei ist 1895 her¬</Unicode>
                </TextEquiv>
            </TextLine>
            <TextLine id="r2l13" custom="readingOrder {index:12;}">
                <Coords points="2041,959 3208,961 3149,928 2041,920"/>
                <Baseline points="2048,953 2105,954 2163,956 2220,958 2278,959 2336,960 2393,961 2451,962 2509,963 2566,964 2624,965 2682,965 2739,966 2797,966 2855,966 2912,966 2970,967 3028,967 3085,967 3143,967 3201,966"/>
                <TextEquiv>
                    <Unicode>ausgekommen; den letzten Bühnensieg gewann der Dichter im</Unicode>
                </TextEquiv>
            </TextLine>
            <TextLine id="r2l14" custom="readingOrder {index:13;}">
                <Coords points="2046,996 3208,1013 3187,969 2047,960"/>
                <Baseline points="2054,991 2111,993 2168,994 2226,996 2283,997 2340,998 2398,999 2455,1000 2512,1001 2570,1002 2627,1002 2684,1003 2742,1003 2799,1003 2856,1004 2914,1004 2971,1004 3028,1004 3086,1005 3143,1005 3201,1005"/>
                <TextEquiv>
                    <Unicode>Vorjahre mit den „Lebendigen Stunden, vier Einaktern von</Unicode>
                </TextEquiv>
            </TextLine>
            <TextLine id="r2l15" custom="readingOrder {index:14;}">
                <Coords points="2044,1032 3203,1039 3192,1006 2045,1008"/>
                <Baseline points="2052,1031 2109,1032 2166,1033 2223,1035 2280,1036 2338,1037 2395,1038 2452,1038 2509,1039 2566,1040 2624,1041 2681,1042 2738,1042 2795,1042 2852,1043 2910,1043 2967,1043 3024,1043 3081,1042 3138,1042 3196,1041"/>
                <TextEquiv>
                    <Unicode>ungleichem Wert. Den vollen Kranz des dramatischen Dichters</Unicode>
                </TextEquiv>
            </TextLine>
            <TextLine id="r2l16" custom="readingOrder {index:15;}">
                <Coords points="2036,1074 3200,1093 3200,1048 2037,1032"/>
                <Baseline points="2044,1073 2101,1073 2158,1073 2216,1073 2273,1074 2331,1074 2388,1075 2445,1076 2503,1077 2560,1077 2618,1078 2675,1079 2732,1080 2790,1080 2847,1081 2905,1081 2962,1081 3019,1081 3077,1081 3134,1080 3192,1079"/>
                <TextEquiv>
                    <Unicode>hat sich Schnitzler noch in keinem Falle errungen, doch gelingen</Unicode>
                </TextEquiv>
            </TextLine>
            <TextLine id="r2l17" custom="readingOrder {index:16;}">
                <Coords points="2037,1110 3209,1127 3209,1094 3148,1086 2037,1077"/>
                <Baseline points="2045,1115 2102,1114 2160,1114 2218,1114 2276,1115 2334,1115 2392,1116 2449,1116 2507,1117 2565,1118 2623,1118 2681,1119 2739,1119 2797,1120 2854,1120 2912,1120 2970,1120 3028,1119 3086,1119 3144,1118 3202,1116"/>
                <TextEquiv>
                    <Unicode>ihm starke, wirklich dichterische Wirkungen sehr wohl. Er be¬</Unicode>
                </TextEquiv>
            </TextLine>
            <TextLine id="r2l18" custom="readingOrder {index:17;}">
                <Coords points="2054,1161 3203,1160 3115,1118 2054,1114"/>
                <Baseline points="2061,1150 2117,1150 2174,1150 2231,1150 2288,1151 2344,1152 2401,1152 2458,1153 2515,1154 2571,1155 2628,1156 2685,1156 2742,1157 2798,1157 2855,1157 2912,1157 2969,1157 3025,1157 3082,1156 3139,1155 3196,1153"/>
                <TextEquiv>
                    <Unicode>strebt sich stets, ein Einzelschicksal zum Sittenbilde zu verallge¬</Unicode>
                </TextEquiv>
            </TextLine>
            <TextLine id="r2l19" custom="readingOrder {index:18;}">
                <Coords points="2042,1192 3207,1203 3176,1159 2042,1161"/>
                <Baseline points="2050,1185 2107,1186 2165,1186 2222,1187 2280,1189 2337,1190 2395,1191 2452,1192 2510,1193 2567,1194 2625,1195 2682,1196 2740,1197 2797,1197 2855,1197 2912,1197 2970,1197 3027,1197 3085,1196 3142,1195 3200,1194"/>
                <TextEquiv>
                    <Unicode>meinern, ja er ist ein ganz spezifischer Sittenschilderer, der</Unicode>
                </TextEquiv>
            </TextLine>
            <TextLine id="r2l20" custom="readingOrder {index:19;}">
                <Coords points="2053,1236 3212,1234 3123,1198 2054,1190"/>
                <Baseline points="2060,1224 2117,1225 2174,1225 2231,1226 2288,1227 2346,1228 2403,1229 2460,1230 2517,1231 2574,1232 2632,1233 2689,1234 2746,1235 2803,1235 2860,1235 2918,1236 2975,1236 3032,1235 3089,1235 3146,1234 3204,1233"/>
                <TextEquiv>
                    <Unicode>seine Stoffe gern mit sicherer Hand aus dem Leben seiner Um¬</Unicode>
                </TextEquiv>
            </TextLine>
            <TextLine id="r2l21" custom="readingOrder {index:20;}">
                <Coords points="2042,1270 3214,1283 3201,1231 2042,1236"/>
                <Baseline points="2050,1266 2107,1265 2165,1265 2223,1265 2281,1265 2339,1266 2397,1267 2454,1267 2512,1268 2570,1269 2628,1270 2686,1271 2744,1272 2802,1273 2859,1273 2917,1274 2975,1274 3033,1274 3091,1274 3149,1273 3207,1272"/>
                <TextEquiv>
                    <Unicode>gebung herausgreift und zum Kunstwerk gestaltet. So auch in</Unicode>
                </TextEquiv>
            </TextLine>
            <TextLine id="r2l22" custom="readingOrder {index:21;}">
                <Coords points="2043,1307 3202,1312 3144,1276 2043,1273"/>
                <Baseline points="2051,1302 2108,1303 2165,1303 2222,1304 2279,1304 2337,1305 2394,1306 2451,1307 2508,1308 2565,1309 2623,1310 2680,1311 2737,1311 2794,1312 2851,1313 2909,1313 2966,1314 3023,1314 3080,1314 3137,1314 3195,1314"/>
                <TextEquiv>
                    <Unicode>der „Liebelei"; das Schauspiel enthüllt uns in guter Milieu¬</Unicode>
                </TextEquiv>
            </TextLine>
            <TextLine id="r2l23" custom="readingOrder {index:22;}">
                <Coords points="2053,1348 3212,1364 3141,1316 2053,1307"/>
                <Baseline points="2060,1341 2117,1341 2174,1341 2231,1342 2288,1342 2346,1343 2403,1344 2460,1345 2517,1346 2574,1347 2632,1348 2689,1349 2746,1350 2803,1351 2860,1352 2918,1352 2975,1353 3032,1353 3089,1353 3146,1353 3204,1352"/>
                <TextEquiv>
                    <Unicode>schilderung die ganze leichtfertige Philosophie des gedankenlosen</Unicode>
                </TextEquiv>
            </TextLine>
            <TextLine id="r2l24" custom="readingOrder {index:23;}">
                <Coords points="2042,1383 3198,1395 3079,1354 2042,1357"/>
                <Baseline points="2050,1383 2107,1383 2164,1383 2221,1383 2278,1383 2335,1384 2392,1384 2449,1385 2506,1386 2563,1387 2620,1388 2677,1388 2734,1389 2791,1390 2848,1390 2905,1391 2962,1391 3019,1391 3076,1391 3133,1390 3190,1389"/>
                <TextEquiv>
                    <Unicode>Flirts, wie er, wohl nicht nur an der schönen blauen Donau,</Unicode>
                </TextEquiv>
            </TextLine>
            <TextLine id="r2l25" custom="readingOrder {index:24;}">
                <Coords points="2053,1430 3190,1435 3180,1396 2053,1386"/>
                <Baseline points="2060,1421 2116,1421 2172,1421 2228,1421 2284,1422 2340,1422 2396,1423 2452,1423 2508,1424 2564,1425 2621,1426 2677,1426 2733,1427 2789,1428 2845,1429 2901,1429 2957,1430 3013,1430 3069,1430 3125,1430 3182,1430"/>
                <TextEquiv>
                    <Unicode>sondern auch anderwärts, von einem Teil der „jungen Leute“</Unicode>
                </TextEquiv>
            </TextLine>
            <TextLine id="r2l26" custom="readingOrder {index:25;}">
                <Coords points="2047,1462 3204,1460 3057,1428 2047,1431"/>
                <Baseline points="2054,1459 2111,1459 2168,1459 2225,1460 2282,1460 2339,1461 2396,1462 2454,1463 2511,1464 2568,1465 2625,1465 2682,1466 2739,1467 2796,1468 2854,1469 2911,1469 2968,1469 3025,1470 3082,1470 3139,1469 3197,1469"/>
                <TextEquiv>
                    <Unicode>„von heute“ mit den Töchtern des kleinen Bürgerstandes ge¬</Unicode>
                </TextEquiv>
            </TextLine>
            <TextLine id="r2l27" custom="readingOrder {index:26;}">
                <Coords points="2043,1510 3212,1523 3213,1486 2044,1467"/>
                <Baseline points="2051,1496 2108,1497 2166,1498 2224,1499 2281,1500 2339,1501 2397,1502 2454,1502 2512,1503 2570,1503 2628,1503 2685,1504 2743,1504 2801,1505 2858,1505 2916,1506 2974,1506 3031,1507 3089,1508 3147,1509 3205,1511"/>
                <TextEquiv>
                    <Unicode>trieben wird. Sodann läuft als eigentliches tragisches Grund¬</Unicode>
                </TextEquiv>
            </TextLine>
            <TextLine id="r2l28" custom="readingOrder {index:27;}">
                <Coords points="2047,1552 3206,1560 3206,1513 2048,1505"/>
                <Baseline points="2055,1536 2112,1536 2169,1537 2226,1538 2283,1538 2341,1539 2398,1540 2455,1541 2512,1541 2569,1542 2627,1543 2684,1544 2741,1545 2798,1545 2855,1546 2913,1547 2970,1548 3027,1548 3084,1549 3141,1550 3199,1551"/>
                <TextEquiv>
                    <Unicode>motiv die sittlich noch verwerflichere „Liebelei“ mit der Frau</Unicode>
                </TextEquiv>
            </TextLine>
            <TextLine id="r2l29" custom="readingOrder {index:28;}">
                <Coords points="2051,1575 3208,1585 2918,1544 2051,1550"/>
                <Baseline points="2058,1576 2115,1576 2172,1577 2229,1578 2286,1578 2343,1579 2400,1580 2458,1580 2515,1581 2572,1582 2629,1582 2686,1583 2743,1584 2800,1584 2858,1585 2915,1585 2972,1585 3029,1586 3086,1586 3143,1586 3201,1586"/>
                <TextEquiv>
                    <Unicode>eines anderen nebenher. Der Dichter vertieft nun das Pro¬</Unicode>
                </TextEquiv>
            </TextLine>
            <TextLine id="r2l30" custom="readingOrder {index:29;}">
                <Coords points="2037,1626 3211,1632 3194,1583 2038,1590"/>
                <Baseline points="2044,1614 2105,1615 2166,1615 2227,1616 2288,1616 2349,1617 2410,1618 2471,1619 2532,1619 2593,1620 2654,1621 2715,1622 2776,1622 2837,1623 2898,1624 2959,1624 3020,1625 3081,1625 3142,1625 3203,1625"/>
                <TextEquiv>
                    <Unicode>blem, indem er an dem Liebesspiel, das hundert andere nur als</Unicode>
                </TextEquiv>
            </TextLine>
            <TextLine id="r2l31" custom="readingOrder {index:30;}">
                <Coords points="2051,1655 2865,1687 3144,1676 3209,1632 2051,1620"/>
                <Baseline points="2058,1656 2115,1656 2172,1657 2229,1657 2286,1657 2343,1657 2400,1658 2458,1658 2515,1659 2572,1660 2629,1660 2686,1661 2743,1661 2800,1662 2858,1662 2915,1663 2972,1663 3029,1664 3086,1664 3143,1664 3201,1664"/>
                <TextEquiv>
                    <Unicode>Episode betrachten und schadlos überwinden, zwei tiefer veran¬</Unicode>
                </TextEquiv>
            </TextLine>
            <TextLine id="r2l32" custom="readingOrder {index:31;}">
                <Coords points="2033,1708 3205,1708 3181,1664 2034,1646"/>
                <Baseline points="2041,1693 2098,1694 2156,1695 2214,1695 2272,1696 2330,1697 2388,1698 2445,1698 2503,1699 2561,1700 2619,1701 2677,1701 2735,1702 2793,1702 2850,1702 2908,1703 2966,1703 3024,1703 3082,1703 3140,1703 3198,1702"/>
                <TextEquiv>
                    <Unicode>lagte Naturen zugrunde gehen läßt. Damit hebt er das ganze</Unicode>
                </TextEquiv>
            </TextLine>
            <TextLine id="r2l33" custom="readingOrder {index:32;}">
                <Coords points="2043,1728 3207,1759 3208,1707 2043,1706"/>
                <Baseline points="2050,1731 2107,1731 2165,1732 2222,1733 2280,1734 2337,1735 2395,1736 2452,1737 2510,1738 2567,1739 2625,1739 2683,1740 2740,1741 2798,1741 2855,1742 2913,1742 2970,1743 3028,1743 3085,1743 3143,1743 3201,1742"/>
                <TextEquiv>
                    <Unicode>etwas heikle Thema in die Sphäre der Sittlichkeit und von</Unicode>
                </TextEquiv>
            </TextLine>
            <TextLine id="r2l34" custom="readingOrder {index:33;}">
                <Coords points="2044,1771 3209,1786 3170,1745 2045,1733"/>
                <Baseline points="2052,1768 2109,1770 2167,1771 2224,1773 2282,1774 2339,1775 2397,1776 2454,1776 2512,1777 2569,1777 2627,1778 2684,1778 2742,1778 2799,1779 2857,1779 2914,1780 2972,1780 3029,1781 3087,1782 3144,1782 3202,1783"/>
                <TextEquiv>
                    <Unicode>diesem Gesichtspunkte aus sind wir der Intendanz dankbar, daß</Unicode>
                </TextEquiv>
            </TextLine>
            <TextLine id="r2l35" custom="readingOrder {index:34;}">
                <Coords points="2038,1815 3157,1837 3206,1788 2038,1769"/>
                <Baseline points="2045,1811 2102,1811 2160,1811 2217,1811 2275,1812 2333,1812 2390,1813 2448,1813 2506,1814 2563,1814 2621,1815 2679,1816 2736,1816 2794,1817 2852,1817 2909,1818 2967,1818 3025,1818 3082,1819 3140,1819 3198,1819"/>
                <TextEquiv>
                    <Unicode>sie uns die Bekanntschaft des Schnitzlerschen Schauspiels ver¬</Unicode>
                </TextEquiv>
            </TextLine>
            <TextLine id="r2l36" custom="readingOrder {index:35;}">
                <Coords points="2031,1864 3196,1862 3185,1822 2032,1820"/>
                <Baseline points="2038,1849 2095,1849 2153,1849 2210,1849 2268,1850 2325,1850 2383,1851 2440,1852 2498,1853 2555,1854 2613,1855 2670,1856 2728,1857 2785,1858 2843,1859 2900,1859 2958,1859 3015,1859 3073,1859 3130,1858 3188,1856"/>
                <TextEquiv>
                    <Unicode>mittelt hat. Es hat ja auch Schwächen; so wie Schnitzler das</Unicode>
                </TextEquiv>
            </TextLine>
            <TextLine id="r2l37" custom="readingOrder {index:36;}">
                <Coords points="2034,1905 3208,1896 3106,1858 2035,1864"/>
                <Baseline points="2042,1886 2099,1887 2157,1888 2215,1889 2273,1890 2331,1891 2389,1892 2447,1892 2505,1893 2563,1894 2621,1894 2678,1895 2736,1895 2794,1895 2852,1896 2910,1896 2968,1896 3026,1896 3084,1897 3142,1897 3200,1897"/>
                <TextEquiv>
                    <Unicode>Thema aufgreift, eignet es sich eigentlich mehr zu novellistischer</Unicode>
                </TextEquiv>
            </TextLine>
            <TextLine id="r2l38" custom="readingOrder {index:37;}">
                <Coords points="2035,1933 3199,1933 3199,1905 2883,1894 2036,1906"/>
                <Baseline points="2042,1923 2099,1925 2156,1926 2214,1928 2271,1929 2329,1930 2386,1931 2444,1931 2501,1932 2559,1933 2616,1933 2673,1934 2731,1934 2788,1935 2846,1935 2903,1935 2961,1936 3018,1936 3076,1936 3133,1937 3191,1937"/>
                <TextEquiv>
                    <Unicode>als zu dramatischer Behandlung, aber es ist doch immerhin schon</Unicode>
                </TextEquiv>
            </TextLine>
            <TextLine id="r2l39" custom="readingOrder {index:38;}">
                <Coords points="2035,1967 3197,1968 3197,1933 2036,1937"/>
                <Baseline points="2043,1965 2100,1965 2157,1966 2214,1966 2272,1967 2329,1968 2386,1969 2444,1969 2501,1970 2558,1971 2616,1972 2673,1972 2730,1973 2787,1973 2845,1974 2902,1974 2959,1975 3017,1975 3074,1975 3131,1974 3189,1974"/>
                <TextEquiv>
                    <Unicode>ein Labsal, wenn eine Novität kein sinnloser Schwank ist, son¬</Unicode>
                </TextEquiv>
            </TextLine>
            <TextLine id="r2l40" custom="readingOrder {index:39;}">
                <Coords points="2033,2003 2977,2042 3201,2016 3201,1984 3091,1973 2034,1967"/>
                <Baseline points="2041,2003 2098,2004 2156,2005 2213,2006 2271,2007 2329,2007 2386,2008 2444,2009 2501,2009 2559,2010 2617,2011 2674,2011 2732,2012 2789,2012 2847,2012 2905,2013 2962,2013 3020,2014 3077,2014 3135,2015 3193,2015"/>
                <TextEquiv>
                    <Unicode>dern ein mit seelenkundiger Dichterkraft behandelter Ausschnitt</Unicode>
                </TextEquiv>
            </TextLine>
            <TextLine id="r2l41" custom="readingOrder {index:40;}">
                <Coords points="2025,2043 2991,2062 2991,2028 2940,2019 2025,2009"/>
                <Baseline points="2032,2039 2079,2041 2127,2043 2174,2044 2222,2046 2270,2047 2317,2047 2365,2048 2412,2049 2460,2049 2508,2049 2555,2049 2603,2049 2650,2049 2698,2049 2746,2049 2793,2050 2841,2050 2888,2050 2936,2050 2984,2050"/>
                <TextEquiv>
                    <Unicode>des wirklichen Lebens, der zum Nachdenken anregt.</Unicode>
                </TextEquiv>
            </TextLine>
            <TextLine id="r2l42" custom="readingOrder {index:41;}">
                <Coords points="2115,2087 3139,2109 3209,2091 3209,2048 2115,2055"/>
                <Baseline points="2122,2079 2176,2082 2230,2083 2284,2085 2338,2087 2392,2088 2446,2089 2500,2089 2554,2090 2608,2090 2662,2090 2716,2091 2770,2091 2824,2091 2878,2091 2932,2090 2986,2090 3040,2090 3094,2090 3148,2091 3202,2091"/>
                <TextEquiv>
                    <Unicode>Die Aufführung ging gut vonstatten, die Einzelleistungen</Unicode>
                </TextEquiv>
            </TextLine>
            <TextLine id="r2l43" custom="readingOrder {index:42;}">
                <Coords points="2025,2128 3069,2147 3198,2143 3199,2097 2025,2102"/>
                <Baseline points="2032,2118 2093,2120 2154,2121 2215,2122 2276,2124 2337,2125 2398,2126 2459,2127 2520,2128 2581,2129 2642,2130 2703,2131 2764,2132 2825,2132 2886,2133 2947,2133 3008,2133 3069,2133 3130,2133 3191,2133"/>
                <TextEquiv>
                    <Unicode>waren fast alle gut. Fräulein Lorenz gab sich als Christine</Unicode>
                </TextEquiv>
            </TextLine>
            <TextLine id="r2l44" custom="readingOrder {index:43;}">
                <Coords points="2021,2161 3203,2178 3162,2135 2021,2138"/>
                <Baseline points="2028,2160 2086,2160 2144,2161 2203,2161 2261,2162 2320,2163 2378,2164 2436,2165 2495,2166 2553,2167 2612,2168 2670,2169 2728,2170 2787,2171 2845,2171 2904,2172 2962,2172 3020,2172 3079,2171 3137,2170 3196,2169"/>
                <TextEquiv>
                    <Unicode>Weiring redliche Mühe, ihrer Aufgabe gerecht zu werden. Sie</Unicode>
                </TextEquiv>
            </TextLine>
            <TextLine id="r2l45" custom="readingOrder {index:44;}">
                <Coords points="2035,2200 3195,2211 3169,2176 2035,2167"/>
                <Baseline points="2042,2199 2099,2200 2156,2200 2213,2201 2271,2202 2328,2203 2385,2203 2442,2204 2500,2205 2557,2206 2614,2206 2671,2207 2729,2208 2786,2208 2843,2209 2900,2209 2958,2209 3015,2209 3072,2209 3129,2209 3187,2209"/>
                <TextEquiv>
                    <Unicode>war am Beginn ganz das sentimental und romantisch ange¬</Unicode>
                </TextEquiv>
            </TextLine>
            <TextLine id="r2l46" custom="readingOrder {index:45;}">
                <Coords points="2026,2241 3201,2253 3190,2209 2026,2213"/>
                <Baseline points="2034,2241 2095,2241 2156,2241 2217,2242 2278,2242 2339,2243 2400,2243 2461,2244 2522,2244 2583,2245 2644,2246 2705,2247 2766,2247 2827,2248 2888,2248 2949,2248 3010,2249 3071,2249 3132,2248 3193,2248"/>
                <TextEquiv>
                    <Unicode>hauchte „süße Mädel“, das für eine bloße „Liebelei“ doch zu</Unicode>
                </TextEquiv>
            </TextLine>
            <TextLine id="r2l47" custom="readingOrder {index:46;}">
                <Coords points="2035,2304 3198,2292 3198,2253 3124,2246 2035,2240"/>
                <Baseline points="2043,2282 2100,2282 2157,2282 2215,2282 2272,2282 2330,2282 2387,2283 2444,2283 2502,2284 2559,2284 2617,2285 2674,2286 2731,2287 2789,2287 2846,2288 2904,2288 2961,2289 3018,2289 3076,2289 3133,2290 3191,2290"/>
                <TextEquiv>
                    <Unicode>innig liebt und darüber Schiffbruch leidet. Im letzten Auf¬</Unicode>
                </TextEquiv>
            </TextLine>
            <TextLine id="r2l48" custom="readingOrder {index:47;}">
                <Coords points="2034,2325 3168,2344 3199,2292 2034,2305"/>
                <Baseline points="2041,2322 2098,2321 2156,2320 2213,2320 2271,2320 2328,2320 2386,2321 2443,2321 2501,2322 2558,2323 2616,2324 2673,2325 2731,2326 2788,2327 2846,2327 2903,2328 2961,2329 3018,2329 3076,2328 3133,2328 3191,2327"/>
                <TextEquiv>
                    <Unicode>zuge aber zeigte sich's, daß Fräulein Lorenz für echte Tragik</Unicode>
                </TextEquiv>
            </TextLine>
            <TextLine id="r2l49" custom="readingOrder {index:48;}">
                <Coords points="2026,2360 3203,2366 3057,2326 2026,2329"/>
                <Baseline points="2033,2360 2091,2359 2149,2359 2207,2359 2265,2359 2323,2360 2381,2360 2439,2360 2497,2361 2555,2361 2614,2362 2672,2363 2730,2363 2788,2364 2846,2364 2904,2365 2962,2365 3020,2365 3078,2365 3136,2364 3195,2364"/>
                <TextEquiv>
                    <Unicode>nichts übrig hat. Wo sie das Schicksal dieser Maria Magda¬</Unicode>
                </TextEquiv>
            </TextLine>
            <TextLine id="r2l50" custom="readingOrder {index:49;}">
                <Coords points="2045,2403 3133,2421 3193,2416 3194,2363 2045,2361"/>
                <Baseline points="2052,2398 2108,2397 2165,2396 2222,2396 2279,2396 2335,2397 2392,2397 2449,2398 2506,2399 2562,2400 2619,2401 2676,2402 2733,2404 2789,2405 2846,2406 2903,2406 2960,2407 3016,2407 3073,2406 3130,2406 3187,2405"/>
                <TextEquiv>
                    <Unicode>ena in kleinen darstellen sollte, fand sie nur ein äußerliches</Unicode>
                </TextEquiv>
            </TextLine>
            <TextLine id="r2l51" custom="readingOrder {index:50;}">
                <Coords points="2063,2445 2090,2439 2107,2450 2125,2450 2136,2440 2142,2443 2150,2438 2157,2444 2176,2441 2176,2403 2157,2409 2148,2402 2139,2405 2126,2399 2121,2404 2095,2399 2091,2404 2081,2398 2063,2397"/>
                <Baseline points="2071,2434 2103,2435 2135,2435 2168,2433"/>
                <TextEquiv>
                    <Unicode>atho</Unicode>
                </TextEquiv>
            </TextLine>
            <TextLine id="r2l52" custom="readingOrder {index:51;}">
                <Coords points="2177,2433 3194,2448 3194,2416 3152,2411 2177,2409"/>
                <Baseline points="2184,2435 2234,2436 2284,2437 2334,2438 2384,2439 2434,2439 2484,2440 2535,2440 2585,2441 2635,2441 2685,2442 2735,2442 2785,2442 2835,2443 2886,2443 2936,2443 2986,2444 3036,2444 3086,2445 3136,2446 3187,2447"/>
                <TextEquiv>
                    <Unicode>das völlig kalt ließ. In groben Strichen nur wurde</Unicode>
                </TextEquiv>
            </TextLine>
            <TextLine id="r2l53" custom="readingOrder {index:52;}">
                <Coords points="2050,2492 2189,2464 3199,2497 3187,2448 2051,2435"/>
                <Baseline points="2058,2470 2114,2472 2171,2473 2227,2475 2284,2476 2341,2477 2397,2478 2454,2479 2511,2480 2567,2480 2624,2481 2681,2481 2737,2481 2794,2481 2851,2481 2907,2482 2964,2482 3021,2482 3077,2482 3134,2482 3191,2483"/>
                <TextEquiv>
                    <Unicode>hier Seelenqual des in seinem Stolze geknickten und em¬</Unicode>
                </TextEquiv>
            </TextLine>
            <TextLine id="r2l54" custom="readingOrder {index:53;}">
                <Coords points="2029,2539 2039,2537 2061,2516 2078,2527 2090,2518 2105,2523 2109,2518 2150,2518 2148,2484 2135,2484 2128,2489 2108,2480 2097,2487 2074,2476 2064,2487 2050,2477 2041,2484 2025,2484"/>
                <Baseline points="2034,2518 2061,2514 2088,2511 2115,2509 2142,2510"/>
                <TextEquiv>
                    <Unicode>Körte</Unicode>
                </TextEquiv>
            </TextLine>
            <TextLine id="r2l55" custom="readingOrder {index:54;}">
                <Coords points="2172,2523 3201,2524 3201,2490 2172,2487"/>
                <Baseline points="2179,2515 2229,2516 2280,2517 2331,2518 2381,2518 2432,2519 2483,2519 2533,2520 2584,2520 2635,2520 2686,2521 2736,2521 2787,2521 2838,2522 2888,2522 2939,2522 2990,2523 3040,2523 3091,2523 3142,2524 3193,2524"/>
                <TextEquiv>
                    <Unicode>Nädchens gezeichnet, keine feinere Nüance war zu ver¬</Unicode>
                </TextEquiv>
            </TextLine>
            <TextLine id="r2l56" custom="readingOrder {index:55;}">
                <Coords points="2032,2560 2046,2561 2052,2567 2064,2563 2089,2567 2093,2563 2114,2569 2137,2560 2155,2540 2171,2540 2171,2528 2140,2526 2122,2516 2106,2523 2090,2519 2074,2527 2062,2515 2045,2528 2031,2528"/>
                <Baseline points="2039,2555 2064,2555 2089,2553 2114,2550 2139,2551 2164,2554"/>
                <TextEquiv>
                    <Unicode>zpür</Unicode>
                </TextEquiv>
            </TextLine>
            <TextLine id="r2l57" custom="readingOrder {index:56;}">
                <Coords points="2169,2554 3195,2569 3164,2528 2169,2527"/>
                <Baseline points="2177,2555 2227,2555 2278,2556 2328,2556 2379,2557 2429,2557 2480,2558 2530,2558 2581,2558 2631,2559 2682,2559 2732,2559 2783,2560 2833,2560 2884,2560 2934,2561 2985,2561 3035,2562 3086,2562 3136,2563 3187,2563"/>
                <TextEquiv>
                    <Unicode>keine Gliederung im Aufbau des Affektes, nur der un¬</Unicode>
                </TextEquiv>
            </TextLine>
            <TextLine id="r2l58" custom="readingOrder {index:57;}">
                <Coords points="2007,2588 2043,2604 2052,2599 2063,2603 2082,2595 2109,2598 2126,2594 2124,2558 2114,2558 2100,2566 2094,2562 2087,2568 2072,2563 2056,2565 2039,2551 2015,2569 2006,2569"/>
                <Baseline points="2015,2595 2041,2591 2067,2590 2093,2590 2119,2589"/>
                <TextEquiv>
                    <Unicode>Ober</Unicode>
                </TextEquiv>
            </TextLine>
            <TextLine id="r2l59" custom="readingOrder {index:58;}">
                <Coords points="2161,2592 3137,2613 3194,2608 3195,2570 2162,2564"/>
                <Baseline points="2168,2592 2221,2593 2275,2594 2328,2595 2382,2597 2436,2597 2489,2598 2543,2599 2597,2600 2650,2600 2704,2601 2757,2601 2811,2602 2865,2602 2918,2602 2972,2603 3026,2603 3079,2603 3133,2603 3187,2602"/>
                <TextEquiv>
                    <Unicode>lte Wechsel der Extreme: Tränen bald und bald Ent¬</Unicode>
                </TextEquiv>
            </TextLine>
            <TextLine id="r2l60" custom="readingOrder {index:59;}">
                <Coords points="2020,2650 2035,2648 2043,2640 2068,2632 2077,2639 2084,2635 2098,2647 2109,2634 2122,2631 2120,2599 2084,2595 2072,2598 2065,2606 2053,2599 2048,2605 2042,2602 2032,2610 2019,2609"/>
                <Baseline points="2027,2635 2056,2630 2085,2628 2114,2632"/>
                <TextEquiv>
                    <Unicode>rü</Unicode>
                </TextEquiv>
            </TextLine>
            <TextLine id="r2l61" custom="readingOrder {index:60;}">
                <Coords points="2165,2629 3194,2639 3194,2608 3095,2604 2165,2613"/>
                <Baseline points="2173,2631 2223,2632 2274,2633 2325,2633 2375,2634 2426,2635 2477,2636 2527,2637 2578,2638 2629,2639 2680,2640 2730,2640 2781,2641 2832,2641 2882,2642 2933,2642 2984,2642 3034,2642 3085,2642 3136,2641 3187,2640"/>
                <TextEquiv>
                    <Unicode>schreie. Eine wirkliche, aus dem Innern schaffende</Unicode>
                </TextEquiv>
            </TextLine>
            <TextLine id="r2l62" custom="readingOrder {index:61;}">
                <Coords points="2174,2675 3189,2694 3199,2642 2174,2643"/>
                <Baseline points="2181,2670 2231,2671 2282,2672 2332,2673 2383,2674 2433,2675 2484,2676 2534,2676 2585,2677 2635,2678 2686,2678 2736,2679 2787,2679 2837,2679 2888,2680 2938,2680 2989,2681 3039,2681 3090,2682 3140,2682 3191,2683"/>
                <TextEquiv>
                    <Unicode>idarstellerin müßte in dieser Schlußszene alle mit sich</Unicode>
                </TextEquiv>
            </TextLine>
            <TextLine id="r2l63" custom="readingOrder {index:62;}">
                <Coords points="2173,2716 3203,2725 3203,2688 3044,2681 2173,2685"/>
                <Baseline points="2180,2709 2230,2711 2281,2712 2332,2713 2383,2714 2434,2715 2484,2715 2535,2716 2586,2716 2637,2717 2688,2717 2738,2717 2789,2717 2840,2717 2891,2718 2942,2718 2992,2718 3043,2718 3094,2718 3145,2719 3196,2719"/>
                <TextEquiv>
                    <Unicode>u. Fräulein Lorenz aber weckte leider die Kritik und</Unicode>
                </TextEquiv>
            </TextLine>
            <TextLine id="r2l64" custom="readingOrder {index:63;}">
                <Coords points="2161,2753 3199,2756 3168,2725 2161,2721"/>
                <Baseline points="2168,2747 2219,2749 2270,2750 2321,2751 2372,2752 2423,2752 2474,2753 2526,2754 2577,2754 2628,2755 2679,2755 2730,2756 2781,2756 2832,2757 2884,2757 2935,2758 2986,2759 3037,2759 3088,2760 3139,2761 3191,2762"/>
                <TextEquiv>
                    <Unicode>m Erfolg an den Dichter ab, der hier wahrhaftig und</Unicode>
                </TextEquiv>
            </TextLine>
            <TextLine id="r2l65" custom="readingOrder {index:64;}">
                <Coords points="2153,2799 3207,2793 3166,2763 2153,2760"/>
                <Baseline points="2161,2788 2212,2789 2264,2790 2316,2790 2368,2791 2420,2791 2472,2792 2524,2792 2576,2793 2628,2793 2680,2793 2731,2794 2783,2794 2835,2795 2887,2795 2939,2796 2991,2796 3043,2797 3095,2797 3147,2798 3199,2799"/>
                <TextEquiv>
                    <Unicode> uns spricht. Herr Biedermann hatte als Fritz</Unicode>
                </TextEquiv>
            </TextLine>
            <TextLine id="r2l66" custom="readingOrder {index:65;}">
                <Coords points="2132,2815 2238,2843 3194,2837 3194,2802 3088,2793 2132,2803"/>
                <Baseline points="2139,2829 2191,2829 2243,2829 2296,2829 2348,2829 2401,2829 2453,2830 2505,2830 2558,2830 2610,2831 2663,2831 2715,2832 2767,2832 2820,2833 2872,2833 2925,2833 2977,2834 3029,2834 3082,2834 3134,2834 3187,2834"/>
                <TextEquiv>
                    <Unicode>ner im Grunde eine wenig dankbare Rolle; um so mehr</Unicode>
                </TextEquiv>
            </TextLine>
            <TextLine id="r2l67" custom="readingOrder {index:66;}">
                <Coords points="2125,2865 3193,2879 3193,2838 3081,2833 2125,2852"/>
                <Baseline points="2132,2867 2184,2867 2237,2867 2290,2867 2342,2867 2395,2868 2448,2868 2500,2869 2553,2869 2606,2870 2659,2870 2711,2871 2764,2871 2817,2872 2869,2872 2922,2872 2975,2872 3027,2872 3080,2872 3133,2871 3186,2871"/>
                <TextEquiv>
                    <Unicode>nan anerkennen, daß er diesen wankelmütigen Charak¬</Unicode>
                </TextEquiv>
            </TextLine>
            <TextLine id="r2l68" custom="readingOrder {index:67;}">
                <Coords points="2149,2918 3103,2926 3197,2886 2149,2887"/>
                <Baseline points="2157,2908 2208,2907 2260,2907 2311,2907 2363,2907 2415,2907 2466,2907 2518,2907 2570,2908 2621,2908 2673,2909 2725,2909 2776,2909 2828,2910 2880,2910 2931,2910 2983,2910 3035,2909 3086,2909 3138,2908 3190,2907"/>
                <TextEquiv>
                    <Unicode>geschlossen zur Darstellung brachte. Ein richtiges Paar</Unicode>
                </TextEquiv>
            </TextLine>
            <TextLine id="r2l69" custom="readingOrder {index:68;}">
                <Coords points="2093,2944 3171,2960 3197,2911 2093,2931"/>
                <Baseline points="2101,2945 2155,2944 2209,2944 2264,2944 2318,2944 2373,2945 2427,2945 2481,2946 2536,2946 2590,2947 2645,2947 2699,2948 2753,2948 2808,2949 2862,2949 2917,2950 2971,2950 3025,2950 3080,2950 3134,2949 3189,2949"/>
                <TextEquiv>
                    <Unicode>er Jungwiener stand vor uns in dem Theodor Kaiser des</Unicode>
                </TextEquiv>
            </TextLine>
            <TextLine id="r2l70" custom="readingOrder {index:69;}">
                <Coords points="2088,2982 3000,2986 2949,2952 2884,2975 2757,2948 2088,2957"/>
                <Baseline points="2095,2982 2139,2982 2184,2982 2229,2982 2274,2982 2319,2983 2364,2983 2408,2984 2453,2985 2498,2986 2543,2987 2588,2988 2633,2989 2678,2989 2722,2990 2767,2990 2812,2990 2857,2990 2902,2990 2947,2989 2992,2987"/>
                <TextEquiv>
                    <Unicode>en Grans und in der Mizi Schlager des</Unicode>
                </TextEquiv>
            </TextLine>
            <TextLine id="r2l71" custom="readingOrder {index:70;}">
                <Coords points="3002,2997 3064,3000 3091,2990 3134,3002 3144,2993 3173,2996 3183,2985 3196,2985 3196,2948 3171,2961 3111,2951 3098,2959 3083,2950 3063,2962 3031,2953 3015,2968 3002,2965"/>
                <Baseline points="3010,2992 3035,2992 3061,2992 3086,2992 3112,2991 3137,2991 3163,2990 3189,2989"/>
                <TextEquiv>
                    <Unicode>Fräulein</Unicode>
                </TextEquiv>
            </TextLine>
            <TextLine id="r2l72" custom="readingOrder {index:71;}">
                <Coords points="2088,3025 3200,3034 3190,2990 2088,2995"/>
                <Baseline points="2095,3021 2149,3021 2204,3021 2259,3022 2314,3023 2369,3023 2424,3024 2478,3024 2533,3025 2588,3026 2643,3026 2698,3027 2753,3027 2808,3027 2862,3028 2917,3028 2972,3028 3027,3027 3082,3027 3137,3026 3192,3026"/>
                <TextEquiv>
                    <Unicode>einschreiber — beides gute Figuren, besonders waschecht</Unicode>
                </TextEquiv>
            </TextLine>
            <TextLine id="r2l73" custom="readingOrder {index:72;}">
                <Coords points="2073,3063 3203,3078 3203,3030 2074,3035"/>
                <Baseline points="2081,3061 2136,3060 2192,3059 2248,3059 2304,3059 2359,3060 2415,3060 2471,3061 2527,3062 2582,3063 2638,3065 2694,3066 2750,3067 2805,3068 2861,3068 2917,3069 2973,3069 3028,3069 3084,3068 3140,3067 3196,3065"/>
                <TextEquiv>
                    <Unicode>#r die fesche „Mizi“! So recht im treuherzigen altwiener</Unicode>
                </TextEquiv>
            </TextLine>
            <TextLine id="r2l74" custom="readingOrder {index:73;}">
                <Coords points="2052,3102 3198,3099 3088,3065 2052,3072"/>
                <Baseline points="2059,3098 2115,3099 2172,3100 2228,3100 2285,3101 2341,3102 2398,3102 2454,3103 2511,3103 2567,3104 2624,3104 2681,3105 2737,3105 2794,3106 2850,3106 2907,3107 2963,3108 3020,3108 3076,3109 3133,3110 3190,3111"/>
                <TextEquiv>
                    <Unicode>il spielte Herr Hetzel den wackeren Vuter der Christine:</Unicode>
                </TextEquiv>
            </TextLine>
            <TextLine id="r2l75" custom="readingOrder {index:74;}">
                <Coords points="2048,3146 3167,3157 3185,3095 2048,3105"/>
                <Baseline points="2056,3140 2112,3140 2168,3140 2224,3140 2280,3140 2336,3140 2392,3141 2448,3141 2504,3142 2560,3143 2617,3143 2673,3144 2729,3145 2785,3145 2841,3146 2897,3146 2953,3147 3009,3147 3065,3146 3121,3146 3178,3145"/>
                <TextEquiv>
                    <Unicode>räulein Ernst war als Strumpfwirkersgattin Binder auf</Unicode>
                </TextEquiv>
            </TextLine>
            <TextLine id="r2l76" custom="readingOrder {index:75;}">
                <Coords points="2038,3179 3113,3214 3196,3209 3197,3163 2038,3146"/>
                <Baseline points="2045,3178 2102,3178 2159,3178 2216,3179 2273,3179 2331,3179 2388,3179 2445,3180 2502,3180 2559,3181 2617,3181 2674,3182 2731,3182 2788,3183 2845,3184 2903,3184 2960,3185 3017,3186 3074,3187 3131,3188 3189,3189"/>
                <TextEquiv>
                    <Unicode>hrem Platze. Das Publikum nahm die Novität mit sichtlicher</Unicode>
                </TextEquiv>
            </TextLine>
            <TextLine id="r2l77" custom="readingOrder {index:76;}">
                <Coords points="2017,3214 2089,3230 2148,3217 2155,3224 2232,3220 2247,3229 2282,3217 2282,3191 2253,3182 2229,3192 2202,3182 2183,3197 2165,3183 2136,3191 2079,3179 2055,3180 2031,3202 2017,3202"/>
                <Baseline points="2025,3218 2052,3218 2080,3218 2108,3218 2135,3219 2163,3219 2191,3219 2218,3219 2246,3218 2274,3217"/>
                <TextEquiv>
                    <Unicode>Wärme auf.</Unicode>
                </TextEquiv>
            </TextLine>
            <TextLine id="r2l78" custom="readingOrder {index:77;}">
                <Coords points="2104,3255 3183,3265 3183,3216 3069,3203 2104,3226"/>
                <Baseline points="2111,3254 2164,3254 2217,3255 2270,3255 2323,3256 2377,3257 2430,3258 2483,3259 2536,3260 2589,3261 2643,3262 2696,3262 2749,3263 2802,3263 2855,3263 2909,3263 2962,3263 3015,3263 3068,3261 3121,3260 3175,3258"/>
                <TextEquiv>
                    <Unicode>Es folgte, gleichfalls zum ersten Male, das einaktige Lust¬</Unicode>
                </TextEquiv>
            </TextLine>
            <TextLine id="r2l79" custom="readingOrder {index:78;}">
                <Coords points="2024,3303 3186,3312 3186,3268 3081,3260 2024,3263"/>
                <Baseline points="2031,3296 2088,3296 2145,3296 2203,3297 2260,3298 2318,3299 2375,3299 2432,3300 2490,3302 2547,3302 2605,3303 2662,3304 2719,3305 2777,3305 2834,3306 2892,3306 2949,3305 3006,3305 3064,3304 3121,3302 3179,3300"/>
                <TextEquiv>
                    <Unicode>spiel Russisch von Albert Paul. Der Einakter ist geschickt ge¬</Unicode>
                </TextEquiv>
            </TextLine>
            <TextLine id="r2l80" custom="readingOrder {index:79;}">
                <Coords points="2025,3332 3187,3344 3113,3302 2026,3302"/>
                <Baseline points="2032,3335 2089,3335 2146,3336 2204,3336 2261,3337 2318,3337 2376,3338 2433,3339 2490,3340 2548,3340 2605,3341 2662,3342 2720,3343 2777,3343 2834,3343 2892,3344 2949,3343 3006,3343 3064,3343 3121,3342 3179,3340"/>
                <TextEquiv>
                    <Unicode>macht, nimmt sich aber doch aus, wie ein dramatischer Husa¬</Unicode>
                </TextEquiv>
            </TextLine>
            <TextLine id="r2l81" custom="readingOrder {index:80;}">
                <Coords points="2031,3373 3150,3393 3202,3355 2031,3346"/>
                <Baseline points="2038,3373 2095,3373 2153,3375 2211,3375 2269,3376 2327,3377 2384,3378 2442,3378 2500,3379 2558,3379 2616,3380 2673,3380 2731,3381 2789,3381 2847,3382 2905,3382 2962,3382 3020,3382 3078,3382 3136,3382 3194,3382"/>
                <TextEquiv>
                    <Unicode>renritt auf Logik und Wahrheit — vor denen die Idee nicht</Unicode>
                </TextEquiv>
            </TextLine>
            <TextLine id="r2l82" custom="readingOrder {index:81;}">
                <Coords points="2017,3411 3192,3416 3001,3367 2017,3376"/>
                <Baseline points="2024,3413 2082,3413 2140,3413 2198,3413 2256,3414 2314,3414 2372,3415 2430,3416 2488,3417 2546,3417 2604,3418 2662,3419 2720,3420 2778,3420 2836,3421 2894,3421 2952,3421 3010,3421 3068,3421 3126,3421 3184,3420"/>
                <TextEquiv>
                    <Unicode>recht bestehen kann. Wird das Stück aber mit demselben Elan</Unicode>
                </TextEquiv>
            </TextLine>
            <TextLine id="r2l83" custom="readingOrder {index:82;}">
                <Coords points="2023,3458 3147,3472 3185,3426 2023,3428"/>
                <Baseline points="2030,3454 2087,3453 2144,3453 2202,3453 2259,3453 2316,3453 2374,3453 2431,3454 2488,3454 2546,3455 2603,3455 2660,3456 2718,3456 2775,3457 2832,3457 2890,3458 2947,3458 3004,3459 3062,3459 3119,3460 3177,3460"/>
                <TextEquiv>
                    <Unicode>gespielt, mit dem es konzipiert ist, so kann der Erfolg nicht</Unicode>
                </TextEquiv>
            </TextLine>
            <TextLine id="r2l84" custom="readingOrder {index:83;}">
                <Coords points="2017,3488 3192,3496 3183,3460 2017,3465"/>
                <Baseline points="2024,3493 2082,3492 2140,3491 2198,3491 2256,3491 2314,3491 2372,3491 2430,3492 2488,3493 2546,3494 2604,3494 2662,3495 2720,3496 2778,3496 2836,3497 2894,3497 2952,3497 3010,3497 3068,3496 3126,3495 3184,3494"/>
                <TextEquiv>
                    <Unicode>ausbleiben, und das war gestern der Fall. Fräulein Schu¬</Unicode>
                </TextEquiv>
            </TextLine>
            <TextLine id="r2l85" custom="readingOrder {index:84;}">
                <Coords points="2023,3526 3194,3540 3194,3508 3030,3494 2024,3488"/>
                <Baseline points="2031,3527 2088,3527 2146,3528 2204,3528 2262,3529 2320,3530 2377,3530 2435,3531 2493,3532 2551,3533 2609,3533 2666,3534 2724,3534 2782,3535 2840,3535 2898,3535 2955,3535 3013,3534 3071,3533 3129,3532 3187,3531"/>
                <TextEquiv>
                    <Unicode>bert war als die berühmte Sängerin Milbrano, auf deren</Unicode>
                </TextEquiv>
            </TextLine>
            <TextLine id="r2l86" custom="readingOrder {index:85;}">
                <Coords points="2025,3580 3193,3571 3193,3539 3066,3531 2025,3529"/>
                <Baseline points="2033,3569 2090,3569 2148,3569 2205,3569 2263,3569 2321,3569 2378,3569 2436,3569 2493,3570 2551,3570 2609,3571 2666,3571 2724,3572 2781,3572 2839,3572 2897,3573 2954,3573 3012,3573 3069,3572 3127,3572 3185,3571"/>
                <TextEquiv>
                    <Unicode>sprödes Herz der russische Oberst eine so stürmische und schließ¬</Unicode>
                </TextEquiv>
            </TextLine>
            <TextLine id="r2l87" custom="readingOrder {index:86;}">
                <Coords points="2031,3609 3138,3625 3194,3569 2031,3572"/>
                <Baseline points="2038,3611 2095,3609 2152,3608 2210,3608 2267,3607 2325,3607 2382,3607 2440,3607 2497,3608 2555,3608 2612,3608 2669,3609 2727,3609 2784,3610 2842,3610 2899,3610 2957,3611 3014,3611 3072,3610 3129,3610 3187,3609"/>
                <TextEquiv>
                    <Unicode>lich doch siegreiche Attacke unternimmt, sehr repräsentabel und</Unicode>
                </TextEquiv>
            </TextLine>
            <TextLine id="r2l88" custom="readingOrder {index:87;}">
                <Coords points="2026,3653 3190,3655 3190,3619 3101,3612 2026,3615"/>
                <Baseline points="2033,3649 2090,3648 2148,3647 2205,3646 2263,3645 2320,3645 2378,3645 2435,3645 2493,3646 2550,3646 2608,3647 2665,3648 2723,3648 2780,3649 2838,3649 2895,3649 2953,3649 3010,3649 3068,3649 3125,3648 3183,3647"/>
                <TextEquiv>
                    <Unicode>in der nicht leichten Darstellung voller Feinheiten, und Herr</Unicode>
                </TextEquiv>
            </TextLine>
            <TextLine id="r2l89" custom="readingOrder {index:88;}">
                <Coords points="2016,3695 3185,3709 3196,3658 2016,3662"/>
                <Baseline points="2024,3689 2082,3688 2140,3686 2198,3686 2256,3685 2315,3685 2373,3684 2431,3684 2489,3685 2547,3685 2606,3685 2664,3686 2722,3686 2780,3687 2838,3687 2897,3688 2955,3688 3013,3689 3071,3689 3129,3689 3188,3689"/>
                <TextEquiv>
                    <Unicode>Reubke hat in dem Obersten Goschniköff eine Rolle gefunden,</Unicode>
                </TextEquiv>
            </TextLine>
            <TextLine id="r2l90" custom="readingOrder {index:89;}">
                <Coords points="2029,3728 3169,3743 3192,3692 2029,3696"/>
                <Baseline points="2036,3728 2093,3726 2150,3726 2208,3725 2265,3725 2323,3725 2380,3726 2438,3726 2495,3726 2553,3727 2610,3727 2667,3728 2725,3728 2782,3728 2840,3728 2897,3728 2955,3728 3012,3728 3070,3727 3127,3726 3185,3725"/>
                <TextEquiv>
                    <Unicode>in der man ihn einfach gesehen haben muß. Dieser Oberst ist</Unicode>
                </TextEquiv>
            </TextLine>
            <TextLine id="r2l91" custom="readingOrder {index:90;}">
                <Coords points="2017,3764 3031,3790 3193,3758 2017,3725"/>
                <Baseline points="2024,3765 2082,3764 2140,3764 2198,3764 2256,3764 2314,3765 2372,3765 2430,3765 2488,3766 2546,3766 2605,3767 2663,3767 2721,3767 2779,3767 2837,3767 2895,3767 2953,3767 3011,3767 3069,3766 3127,3765 3186,3764"/>
                <TextEquiv>
                    <Unicode>ein russischer Graf und benimmt sich wie ein Polizeiwacht¬</Unicode>
                </TextEquiv>
            </TextLine>
            <TextLine id="r2l92" custom="readingOrder {index:91;}">
                <Coords points="2027,3806 3199,3804 3157,3767 2027,3776"/>
                <Baseline points="2034,3803 2091,3803 2149,3803 2207,3803 2265,3803 2323,3804 2381,3804 2439,3804 2497,3805 2555,3805 2613,3805 2670,3806 2728,3806 2786,3806 2844,3807 2902,3807 2960,3807 3018,3807 3076,3807 3134,3806 3192,3806"/>
                <TextEquiv>
                    <Unicode>meister, er ist ein Gentleman und zugleich ein Barbar, der sich</Unicode>
                </TextEquiv>
            </TextLine>
            <TextLine id="r2l93" custom="readingOrder {index:92;}">
                <Coords points="2027,3853 3182,3859 3182,3812 3115,3808 2028,3812"/>
                <Baseline points="2035,3844 2092,3843 2149,3843 2206,3843 2263,3843 2320,3843 2377,3843 2434,3844 2491,3844 2548,3844 2605,3844 2662,3844 2719,3845 2776,3845 2833,3845 2890,3845 2947,3846 3004,3846 3061,3846 3118,3846 3175,3846"/>
                <TextEquiv>
                    <Unicode>aber wiederum als der zärtlichste Liebhaber aufspielt (der</Unicode>
                </TextEquiv>
            </TextLine>
            <TextLine id="r2l94" custom="readingOrder {index:93;}">
                <Coords points="2028,3891 3111,3890 3079,3843 2028,3853"/>
                <Baseline points="2035,3881 2088,3881 2141,3880 2195,3880 2248,3880 2302,3881 2355,3881 2409,3881 2462,3882 2516,3882 2569,3883 2622,3883 2676,3884 2729,3884 2783,3884 2836,3884 2890,3884 2943,3884 2997,3884 3050,3883 3104,3882"/>
                <TextEquiv>
                    <Unicode>Autor möge dieses psychologische Quodlibet verantworten!)</Unicode>
                </TextEquiv>
            </TextLine>
            <TextLine id="r2l95" custom="readingOrder {index:94;}">
                <Coords points="2022,3928 3117,3939 3187,3892 2022,3893"/>
                <Baseline points="2029,3920 2086,3919 2144,3919 2201,3918 2259,3918 2316,3918 2374,3918 2431,3918 2489,3918 2546,3919 2604,3919 2661,3919 2719,3920 2776,3920 2834,3921 2891,3922 2949,3922 3006,3923 3064,3923 3121,3924 3179,3925"/>
                <TextEquiv>
                    <Unicode>alle diese Register zieht Herr Reubke mit Virtuosität und sichert</Unicode>
                </TextEquiv>
            </TextLine>
            <TextLine id="r2l96" custom="readingOrder {index:95;}">
                <Coords points="2021,3959 3183,3962 3053,3926 2021,3932"/>
                <Baseline points="2028,3957 2085,3958 2142,3958 2200,3959 2257,3960 2315,3960 2372,3960 2429,3960 2487,3961 2544,3961 2602,3961 2659,3961 2716,3961 2774,3961 2831,3962 2889,3962 2946,3962 3003,3963 3061,3963 3118,3964 3176,3965"/>
                <TextEquiv>
                    <Unicode>dem Stück und sich den Erfolg. Auch die übrigen Rollen wa¬</Unicode>
                </TextEquiv>
            </TextLine>
            <TextLine id="r2l97" custom="readingOrder {index:96;}">
                <Coords points="2019,4004 3195,3995 3093,3964 2019,3960"/>
                <Baseline points="2026,4000 2084,3999 2142,3999 2200,3999 2258,3999 2316,3999 2374,3999 2432,3999 2490,4000 2548,4000 2607,4001 2665,4001 2723,4002 2781,4002 2839,4003 2897,4003 2955,4003 3013,4002 3071,4002 3129,4001 3188,4000"/>
                <TextEquiv>
                    <Unicode>ren gewandt vertreten durch Herrn Brüdjam (Fritz Mil¬</Unicode>
                </TextEquiv>
            </TextLine>
            <TextLine id="r2l98" custom="readingOrder {index:97;}">
                <Coords points="2024,4046 3195,4053 3195,3998 2024,3999"/>
                <Baseline points="2031,4039 2088,4038 2146,4037 2204,4036 2262,4036 2320,4036 2378,4036 2435,4036 2493,4037 2551,4038 2609,4038 2667,4039 2725,4040 2783,4040 2840,4041 2898,4041 2956,4041 3014,4041 3072,4041 3130,4041 3188,4040"/>
                <TextEquiv>
                    <Unicode>brano), Fräulein Ernst (Kammermädchen) und Herrn Eber¬</Unicode>
                </TextEquiv>
            </TextLine>
            <TextLine id="r2l99" custom="readingOrder {index:98;}">
                <Coords points="2018,4081 2160,4107 2366,4087 2366,4065 2344,4064 2312,4041 2296,4054 2282,4041 2232,4055 2179,4041 2157,4052 2102,4041 2019,4051"/>
                <Baseline points="2026,4076 2051,4077 2077,4078 2102,4078 2128,4079 2153,4079 2179,4079 2204,4079 2230,4079 2255,4079 2281,4080 2306,4080 2332,4081 2358,4083"/>
                <TextEquiv>
                    <Unicode>lein (Bursche).</Unicode>
                </TextEquiv>
            </TextLine>
            <TextEquiv>
                <Unicode>essau
Enhallischer Staate
2 5 N0V. 903
Kunst und Wissenschaft
Herzogliches Hoftheater,
Dessau, 24. November.
Zum ersten Male: Liebelei. Schauspiel in drei Aufzügen
von Arthur Schnitzler. —
Der Autor dieses Stückes lebt
als
seren erfolgreichen drama¬
tischen Autoren moderner Richtung. „Liebelei ist 1895 her¬
ausgekommen; den letzten Bühnensieg gewann der Dichter im
Vorjahre mit den „Lebendigen Stunden, vier Einaktern von
ungleichem Wert. Den vollen Kranz des dramatischen Dichters
hat sich Schnitzler noch in keinem Falle errungen, doch gelingen
ihm starke, wirklich dichterische Wirkungen sehr wohl. Er be¬
strebt sich stets, ein Einzelschicksal zum Sittenbilde zu verallge¬
meinern, ja er ist ein ganz spezifischer Sittenschilderer, der
seine Stoffe gern mit sicherer Hand aus dem Leben seiner Um¬
gebung herausgreift und zum Kunstwerk gestaltet. So auch in
der „Liebelei"; das Schauspiel enthüllt uns in guter Milieu¬
schilderung die ganze leichtfertige Philosophie des gedankenlosen
Flirts, wie er, wohl nicht nur an der schönen blauen Donau,
sondern auch anderwärts, von einem Teil der „jungen Leute“
„von heute“ mit den Töchtern des kleinen Bürgerstandes ge¬
trieben wird. Sodann läuft als eigentliches tragisches Grund¬
motiv die sittlich noch verwerflichere „Liebelei“ mit der Frau
eines anderen nebenher. Der Dichter vertieft nun das Pro¬
blem, indem er an dem Liebesspiel, das hundert andere nur als
Episode betrachten und schadlos überwinden, zwei tiefer veran¬
lagte Naturen zugrunde gehen läßt. Damit hebt er das ganze
etwas heikle Thema in die Sphäre der Sittlichkeit und von
diesem Gesichtspunkte aus sind wir der Intendanz dankbar, daß
sie uns die Bekanntschaft des Schnitzlerschen Schauspiels ver¬
mittelt hat. Es hat ja auch Schwächen; so wie Schnitzler das
Thema aufgreift, eignet es sich eigentlich mehr zu novellistischer
als zu dramatischer Behandlung, aber es ist doch immerhin schon
ein Labsal, wenn eine Novität kein sinnloser Schwank ist, son¬
dern ein mit seelenkundiger Dichterkraft behandelter Ausschnitt
des wirklichen Lebens, der zum Nachdenken anregt.
Die Aufführung ging gut vonstatten, die Einzelleistungen
waren fast alle gut. Fräulein Lorenz gab sich als Christine
Weiring redliche Mühe, ihrer Aufgabe gerecht zu werden. Sie
war am Beginn ganz das sentimental und romantisch ange¬
hauchte „süße Mädel“, das für eine bloße „Liebelei“ doch zu
innig liebt und darüber Schiffbruch leidet. Im letzten Auf¬
zuge aber zeigte sich's, daß Fräulein Lorenz für echte Tragik
nichts übrig hat. Wo sie das Schicksal dieser Maria Magda¬
ena in kleinen darstellen sollte, fand sie nur ein äußerliches
atho
das völlig kalt ließ. In groben Strichen nur wurde
hier Seelenqual des in seinem Stolze geknickten und em¬
Körte
Nädchens gezeichnet, keine feinere Nüance war zu ver¬
zpür
keine Gliederung im Aufbau des Affektes, nur der un¬
Ober
lte Wechsel der Extreme: Tränen bald und bald Ent¬
rü
schreie. Eine wirkliche, aus dem Innern schaffende
idarstellerin müßte in dieser Schlußszene alle mit sich
u. Fräulein Lorenz aber weckte leider die Kritik und
m Erfolg an den Dichter ab, der hier wahrhaftig und
 uns spricht. Herr Biedermann hatte als Fritz
ner im Grunde eine wenig dankbare Rolle; um so mehr
nan anerkennen, daß er diesen wankelmütigen Charak¬
geschlossen zur Darstellung brachte. Ein richtiges Paar
er Jungwiener stand vor uns in dem Theodor Kaiser des
en Grans und in der Mizi Schlager des
Fräulein
einschreiber — beides gute Figuren, besonders waschecht
#r die fesche „Mizi“! So recht im treuherzigen altwiener
il spielte Herr Hetzel den wackeren Vuter der Christine:
räulein Ernst war als Strumpfwirkersgattin Binder auf
hrem Platze. Das Publikum nahm die Novität mit sichtlicher
Wärme auf.
Es folgte, gleichfalls zum ersten Male, das einaktige Lust¬
spiel Russisch von Albert Paul. Der Einakter ist geschickt ge¬
macht, nimmt sich aber doch aus, wie ein dramatischer Husa¬
renritt auf Logik und Wahrheit — vor denen die Idee nicht
recht bestehen kann. Wird das Stück aber mit demselben Elan
gespielt, mit dem es konzipiert ist, so kann der Erfolg nicht
ausbleiben, und das war gestern der Fall. Fräulein Schu¬
bert war als die berühmte Sängerin Milbrano, auf deren
sprödes Herz der russische Oberst eine so stürmische und schließ¬
lich doch siegreiche Attacke unternimmt, sehr repräsentabel und
in der nicht leichten Darstellung voller Feinheiten, und Herr
Reubke hat in dem Obersten Goschniköff eine Rolle gefunden,
in der man ihn einfach gesehen haben muß. Dieser Oberst ist
ein russischer Graf und benimmt sich wie ein Polizeiwacht¬
meister, er ist ein Gentleman und zugleich ein Barbar, der sich
aber wiederum als der zärtlichste Liebhaber aufspielt (der
Autor möge dieses psychologische Quodlibet verantworten!)
alle diese Register zieht Herr Reubke mit Virtuosität und sichert
dem Stück und sich den Erfolg. Auch die übrigen Rollen wa¬
ren gewandt vertreten durch Herrn Brüdjam (Fritz Mil¬
brano), Fräulein Ernst (Kammermädchen) und Herrn Eber¬
lein (Bursche).</Unicode>
            </TextEquiv>
        </TextRegion>
    </Page>
</PcGts>
