3484 4256
344 154 745 230 Liebelei
884 149 1321 248 box 13/3
327 210 753 275 nnete e etenenentenene
495 429 1383 546 Paula Wessely in „Liebelet“
308 474 425 563 3
576 521 1412 607 Die Christine Paula Wesselys zerreißt mit
499 586 1400 632 genialer Wucht die Tradition und den billigen
499 619 1411 704 Wehmutsschimmer dieser Rolle. Sie steigert sich
486 678 1403 733 bis zum elementaren Schrei, bis zur verzerrten,
498 724 1401 777 durch ihre Gefühlskraft zermalmenden Schmerz¬
494 769 1408 822 grimasse. Sie wächst am Schluß dieser noch
2501 796 2716 855 I. Oesterr.
491 821 1410 865 immer seelen= und theaterfesten Tragödie miß¬
2024 792 2834 888 A1OBSERVER peneret, Konz.
1950 813 2027 895 85
319 837 416 915 —
498 856 1404 915 achteter Liebe zu gewaltigem Ausbruch, zu ge¬
2083 862 2830 914 Büro für Zeitungsnachrichten
2086 898 2849 940 WIEN I, WOLLZEILE 17
503 875 1406 970 waltiger Menschlichkeit und zu gewaltiger Er¬
511 945 821 1011 schütterung an.
580 969 1418 1040 Der SchnitzlerAbend der Josefstadt war
491 1027 1408 1090 sonst mehr menschlich als schauspielerisch her¬
2023 1018 2114 1113 3
506 1068 1405 1130 vorragend, unter der ebenso zarten wie ziel¬
496 1129 1400 1177 sicheren Spielleitung Paul Kalbecks. Der
493 1166 1405 1233 „Liebelei“ ging „Der tapfere Cassian“ voran,
2241 1148 2642 1258 —Rolchenaut. 1
503 1204 1407 1268 ein Marionettenspiel tragischer Ironie, der
499 1251 1403 1315 diesmal allerdings weder den richtigen grotes¬
355 1269 402 1317 C
2373 1263 2848 1374 21. FEB. 1933
497 1300 1409 1373 ken noch den entsprechenden unheimlichen Ton
497 1348 635 1411 hatte.
577 1365 1408 1448 In der „Liebelei“ trat die stille und ge¬
488 1431 1409 1480 schlossene Schmerzlichkeit Hans Thimigs als
314 1430 361 1498 —
498 1473 1406 1534 Fritz, wenn auch nicht ganz in Uebereinstim¬
2030 1496 2983 1586 Dramatischer Abend. Die Klasse Artur
497 1525 1400 1584 mung mit der Rolle, sehr hervor. Die frech
323 1509 446 1607 2
1781 1575 2995 1633 11 Duniecki des Konservatoriums Lutwak=Patoney
500 1570 1402 1623 und süß bewegliche Anmrt Friedl Czepas als
1899 1604 2999 1674 V., Mühlgasse 80) veranstaltete an drei Tagen der
507 1607 1410 1669 Schlagermizzi hatte einen besonderen Persön¬
1847 1651 3004 1710 letzten Woche einen jedesmal glänzend besuchten dramati¬
501 1637 1413 1712 lichkeitserfolg. Des Dichters Sohn Heinrich
1850 1697 3000 1760 schen Abend, an dem einzelne Akte aus Max Halbes
497 1699 1403 1745 Schnitzler spielte den Theodor abseits der üb¬
1855 1738 3005 1797 „Jugend" und Schnitzlers „Liebelei“, sowie des letzteren
496 1741 1406 1801 lichen saloppen Lustigmacherei mit auffallend
1848 1785 2994 1841 Komödie „Komtesse Mizz“ und der 1. Akt des Lust¬
496 1797 1111 1848 warmem und kultiviertem Ton.
384 1804 439 1884 *
1843 1829 3001 1882 spieles „Trio“ von Leo Lenz zur Aufführung gelangten.
566 1817 1421 1892 Als alter Weyring machte Hugo Thimig
1851 1872 3003 1928 Unter der mitwirkenden Schauspieljugend, die sich durch¬
493 1888 1414 1936 den bei ihm üblichen, schauspielerisch vollen
1844 1916 3000 1972 wegs durch erfreulich gute Sprechleistungen und unbe¬
491 1925 1397 1989 Eindruck, aber hier denn doch in einer sehr ver¬
1838 1951 3010 2023 fangenes Spiel auszeichnete, verdienen einige besondere
1223 1964 1383 2031 I, u.
499 1966 1113 2045 ehrungswürdigen Fehlbesetzung.
1839 2005 3004 2064 Hervorhebung. Wolter Tauber, schon von den
1843 2039 2992 2101 Kammerspielen her bekannt, überrascht durch seine
1846 2090 2998 2134 Routine. Auch Leo Böhacker und Paul Timar,
1848 2133 2994 2182 sowie Emmerich Schrenk erwiesen sich als gute
1848 2173 3003 2218 Sprecher, deren darstellerische Befangenheit sich bald ver¬
1848 2212 2997 2270 lor. Ilse Frankel als Rita, Angela Friedl als
1850 2262 3005 2319 Komtesse Mizzi, Ada Gottardi, Edith Bellak und
1846 2311 3001 2366 Emma Rudofsky verdienen gleichfalls für gute
1838 2357 3010 2425 Leistungen lobende Erwähnung. Jedenfalls ein schöner
1847 2385 2991 2470 Erfolg Professor Dunieckis und seiner, begabter
949 2397 1279 2497 SEHVER‘
1843 2426 2118 2507 Schülerschar.
1066 2479 1385 2563 seile Nr. 1
473 2653 1301 2770 Viener Allgeneinezeitung
756 2734 1108 2815 31.3.1953
415 2870 1900 2975 Tennischampion Artens - Schauspieler
1195 2970 2034 3029 mann Artens nun sein Debüt auf der
322 2990 1162 3050 Wir haben vor wenigen Tagen gemeldet,
1204 3017 2037 3090 Bühne des Theaters in der Josefstadt
249 3035 1159 3100 daß Hermann Artens, der österreichische
1542 3066 1698 3121 feiern.
256 3081 1163 3142 Tennisspieler zum Theater zu gehen
1246 3094 2070 3184 Es ist nicht das erste Mal, daß ein promi¬
252 3129 1161 3192 beabsichtige. Er hat seine Absicht
1170 3149 2085 3223 nenter Sportsmann sich dem Beruf eines
259 3164 1166 3235 schneller ausgeführt, als man all¬
1176 3196 2079 3253 Schauspielers zuwendet. Die jungen, meist
266 3210 1152 3281 gemein glaubte. Nachdem er im Theater
1171 3242 2076 3304 schönen Menschen sind gewohnt, in der Arena
257 3251 1158 3308 in der Josefstadt vorgesprochen hatte, wurde
1181 3282 2081 3353 zu stehen. Der amerikanische Film hat manche
271 3298 1170 3363 seine Eignung erkannt und Artens ist sofort an
1178 3331 2078 3395 seiner Stars aus den Kreizen der Sportsleute
276 3352 984 3406 die schauspielerische Arbeit gegangen.
1186 3376 2073 3444 geholt. Charlie Paddock, der Weltrekordläufer,
296 3401 1147 3462 Er studierte im Auftrag des Theaters in
1182 3424 2087 3486 ist längst ein Filmstar und erst jüngst haben
296 3441 1137 3504 der Josefstadt die Rolle des Theodor in
1181 3461 2088 3532 wir auch in Wien Jonny Weißntüller, das
314 3489 1145 3562 Schnitzlers „Liebelei“, die Heinrich Schnitz¬
1187 3498 2077 3587 Schwimmwunder, in einem Film sehen können.
505 3528 942 3594 ler kreieren wird.
1223 3543 2078 3606 Kein Zweifel, auch Hermann Artens, eine
313 3570 1132 3638 Schon bei einer der nächsten Nachmittags¬
1158 3598 2083 3675 der elegantesten Erscheinungen des österreichi¬
313 3617 1138 3699 aufführungen von „Liebelei“ wird Her¬
1171 3681 2059 3757 schen Sportlebens, wird auf der Bühne gute
1180 3748 2079 3809 Figur machen. Er ist, wie uns versichert wird,
1170 3785 2066 3846 eifrig an der Arbeit, um auch sprachlich und
1171 3843 2074 3900 schauspielerisch vollkommen auf der Höhe zu
1175 3877 2069 3934 sein. Wenn er soweit ist, wird er das Tennis¬
1165 3913 2064 3968 racket für immer weglegen und vor einem an¬
1168 3969 1856 4029 deren Publikum seine Kunst zeigen.
