3436 4224
398 165 757 245 Liebelei
912 161 1347 266 box 11/1
211 179 779 286 5. Anenenenne
698 263 776 332 PINUMRIITT
474 1082 1315 1184 Dr. Max Goldschmidt
717 1170 1195 1256 Bureau für
633 1237 1151 1318 Zeitungsausschnitte
395 1297 1391 1391 verbunden mit direktem Nachrichtendienst durch
633 1351 1173 1424 eigene Korrespondenten.
927 1406 1343 1495 Telsphon: III, 3051.
432 1399 807 1489 Berlin N. 24.
459 1479 1247 1540 —
671 1526 1118 1620 Ausschnitt aus
540 1682 1259 1779 Tägliche Rundschau, Bertin
703 1887 1018 1985 30 10.03
626 2011 1068 2084 Schillertheater N.
283 2036 1398 2148 A###r Schnitzier: „Liebelei“ und „Literatur“.
356 2118 1373 2199 Um in dieser theatergesegneten Woche aus dem
318 2153 1367 2243 geduldigen Leser nicht einen ungeduldigen zu
280 2199 1393 2285 kmachen, berichte ich in gedrängtester Kürze: Die
306 2262 1377 2327 beiden ebenso bekannten wie vortrefflichen Stücke
300 2307 1382 2375 wurden vor ausverkauftem und beifallfreudigem
312 2354 1046 2409 Hause sinngemäß herausgebracht.
1147 2359 1360 2420 „Liebelei“
305 2384 1377 2460 wußte Fräulein Wasa durch ichte Herzenswärme
305 2432 1380 2511 und im letzten Akt durch echte Leidenschaft die
307 2483 1373 2559 rührende Gestalt der Christine glaubhaft zu machen
376 2531 1370 2588 nur die Wienerin glaubte man ihr nicht. Herr
312 2561 1383 2646 Paeschke gab den Fritz ein wenig konventionell, aber
308 2624 1375 2682 ausreichend, sehr munter war Frl. Gußmann als
297 2673 1369 2728 Mizi, eine Gestalt von Fleisch und Blut schuf Herr
299 2704 1368 2773 Pategg aus der Rolle des alten Weirig.
305 2739 1369 2793 In dem feinpointierten Einakter „Literatur“
305 2787 1356 2858 mußte man sich freilich noch von der Erinnerung an
294 2838 1359 2904 die Darstellung im Deutschen Theater (mit Rittner
298 2875 1368 2951 und Bassermann) befreien, um anzuerkennen, daß die
302 2927 1380 3010 Darsteller ihren Aufgaben genügten. Herr Ziegel
309 2963 1378 3024 als Erich fand sich anfangs in der vom Dichter
304 3005 1367 3067 humoristisch=satirisch geschauten Gestalt nicht ganz zu¬
284 3052 1366 3123 recht, die Rolle lag ihm augenscheinlich nicht. Die
295 3084 1365 3162 frische und gewandte Art, mit der er sich aber bald
288 3132 1369 3197 das Terrain eroberte, läßt darauf schließen, daß der
286 3177 1385 3246 mir bis dahin unbekannte Darsteller eine vielseitige
288 3222 1364 3303 und entwicklungsfähige Kraft ist. Die Regie war
289 3270 1358 3349 durchweg lobenswert. Nur mit dem Dialekt hapenee
285 3307 836 3378 es bei einigen Darstellern.
1115 3325 1329 3396 K. Ste.
1754 1348 2575 1443 Dr. Max Goldschmidt
1937 1433 2475 1521 „ Bureau für
1914 1503 2444 1594 Zeitungsausschnitte
1670 1564 2675 1671 verbunden mit direktem Nachrichtendienst durch
1911 1628 2436 1696 eigene Korrespondenten.
2198 1660 2623 1754 Telsphon: III, 3051.
1719 1686 2088 1775 Berlin N. 24.
1746 1727 2701 1809 —
1951 1793 2411 1887 Ausschnitt aus
1940 1919 2581 2032 Neue freie Presse, Wien
2143 2032 2506 2137 30 OeL 1903
2090 2194 2860 2296 r= Abend im Berliner Schiller¬
1680 2221 2857 2310 Theater. Aus Beruin wird uns gemeldet: Das Schiller¬
1686 2288 2846 2378 Theater veranstaltete gestern einen Schnitzler=Abend. Zur Auf¬
1685 2330 2842 2422 führung gelangten das Schauspiel „Liebelei“ und das einaltige
1680 2377 2894 2460 Lustspiel „Literatur". Beide Stücke waren dem Publikum dieses.
1669 2406 2844 2505 Berliner Volkstheaters bisher unbekannt. „Liebelei“ machte einen
1663 2457 2836 2549 tiefen Eindruck; das kleine Lustspiel rief große Heiterkeit hervor.
1660 2502 2838 2568 Unter den Darstellern des Schauspiels tat sich Max Pategg
1655 2557 2822 2634 kals Weiring hervor. Else Wasa als Christine war zu Anfang
1652 2601 2813 2672 etwas farblos, fand aber im letzten Akte kräftige Akzente,
1654 2633 2814 2717 Elisabeth Gußmann spielte die Schlager=Mizzi mit wienerischer
1657 2675 2825 2758 Frische und Natürlichkeit. Die letztgenannte junge Künstlerin
1646 2712 2820 2820 zeigte auch in der weiblicher Rolle von „Literatur“ viel Laune
1654 2757 2013 2818 und Temperament.
