3436 4320
418 42 510 120 1
228 52 807 167 5. Lebelei
930 34 1370 132 box 10/5
1024 416 1123 492 8
1014 515 2527 608 Deutsches Theater in Hoolep's. Repertoirestück auf allen größeren deutschen
1730 578 2512 648 Bühnen; inzwischen ist das Stück in's Ita¬
1747 626 2582 699 ntsche=Palnische und Rumänische übersetzt E,
974 664 1731 724 Benefizvorstellung für den Geschäftsführer
1755 679 2515 747 wörden, und selbst auf den nichtdeutschen
1055 699 1744 753 Siegmund Selig. — „Tiebelei“ Schan¬
1752 723 2522 792 Bühnen ist ihm der Erfolg treu geblieben.
1044 736 1742 806 spiel in drei Akten von Arthur Schnitz¬
1047 768 2517 850 ler. — Ein epochemachendes Werk. — Von noch ungleich höherer dramatischer Wir¬
1046 829 1743 888 Der Lebens= und Schaffensgang des
1746 803 2579 896 kung ist „Freiwild“, das neueste Bühnenwerk sie
1058 877 1733 932 Verfassers. — Auch durch die Rollenbe¬
1744 866 2516 938 des begabten Verfassers; aber infolge der
1056 910 1736 987 setzung ist ein glänzender Erfolg der heu¬
1743 919 2580 986 österreichischen Censurverhältnisse sind der de
1056 964 1537 1024 tigen Dorstellung verbürgt.
1744 965 2514 1048 Növität alle österreichischen Bühnen ver¬
2514 986 2586 1041 ei
1745 1007 2512 1091 schlossen, da in dem Stücke ein österreichische:
2514 1034 2586 1088 ko
1020 1041 1749 1127 Aus zweierlei Gründen sollten die Freunde
1744 1055 2516 1151 Offizier, der ein „Theatermädl“ als
2510 1072 2591 1137 si
979 1104 1739 1179 der deutschen Bühne heute Abend sich so zahl¬
1749 1105 2582 1175 „Freiwild“ betrachtet, von dem Bräutigamg
973 1160 1739 1224 reich wie nur möglich in Hooley's Theater ein¬
1752 1164 2575 1239 des Mädchens durch eine Ohrfeige, die er inf,
978 1209 1736 1287 finden: einmäl um dem langjährigen Mit¬
1749 1213 2523 1273 Uniform von dem „Civilisten“ erhält, zum
2522 1213 2591 1283 n
983 1266 1743 1324 glied der deutschen Bühne in Amerika (Hr.
1760 1255 2525 1318 Duell gezwungen wird, in welchem er, der
989 1280 2579 1378 Selig kann im nächsten Jahre auf eine vierzig Offizier, den Rächer der Ehre seiner Braut
985 1351 1745 1421 Jahre umfassende Schauspielertb#tigkeit zu¬
1753 1344 2531 1433 tödtet, so daß der Civilist und das Bürger¬
1753 1396 2521 1475 mädchen als „Freiwild“ gegenüher dem Offi¬
982 1405 1736 1480 rückschauen), dem vielbewährte: Geschäfts¬
1753 1451 2527 1519 zier erscheinen, dessen Uniform auch seine un¬
989 1453 1741 1528 führer der Chicago=Milwauk er Bühne An¬
993 1504 1746 1562 erkennung für sein redlich reges Streber,
1764 1510 2252 1573 sauberen Passionen schützt.
994 1555 1752 1614 das er, im Dienste der deutschen Schauspiel¬
1780 1521 2536 1622 Schon aus diesen tuMittheilun¬
994 1601 1758 1658 kunst, allzeit bekundet, zu zollen, und dann,
1756 1599 2534 1683 gen über den Inhalt der Schnitzler'schen Büh¬
985 1649 1757 1709 um in einem seiner Werke die Bekanntschaft
1759 1648 2533 1727 nenwerke geht hervor, daß der Verfasser ein
991 1693 1749 1773 eines verheißungsvollen Wiener Bühnendich¬
1753 1695 2524 1758 echter Dichter der neueren Zeit ist, ein Berufe¬
990 1745 1758 1797 ters zu machen, auf den zur Zeit, in der näm¬
1763 1744 2521 1813 ner, in dessen Poesie eine Seele wohnt, voller
993 1798 1749 1858 lichen Weise, wie auf Sudermann in Berlin,
1759 1794 2527 1874 Mitleid für die Bedrängten und voll güti¬
1000 1841 1750 1927 die Augen der ganzen literarischen Weli ge¬
1748 1844 2526 1921 ger Liebe. Man kann sich wirklich aufrich¬
999 1890 1221 1972 richtet sind.
1747 1878 2543 1964 #tig freuen auf die geistige Bekanntschaft mit
1748 1935 2538 2020 diesem Bühnendichter, die uns der heutige
1761 1993 2298 2068 Theaterabend vermitteln wird.
1792 2011 2548 2111 Die Aufführung verspricht eine durchaus
1764 2073 2534 2151 gelungene zu werden, da die Rollen=Besetzung
1756 2141 2542 2208 eine vielversprechende ist und die Regjekunst
1767 2190 2531 2260 des Herrn Werbke sich unzweifelhaft auch an
1761 2238 2530 2308 dieser interessanten Novität bewähren wird.
1762 2289 2435 2359 Die Parthien und ihre Inhaber sind:
1760 2334 2525 2422 Hans Weiring. Brolinspieler am Josefstädter Theater,
1843 2380 2523 2430 Ferdinand Welb
1757 2421 2527 2464 Christine, seine Tochter Agnes Bnenger
1762 2459 2527 2519 Mizi Schlager, Modistin Martha Sandow
1757 2483 2445 2548 Katharina Binder, Frau eines Strumpfwirkers.
1026 2476 1174 2584 25
1845 2521 2516 2580 Victoria Welb=Markham
1755 2533 2529 2611 Lina, ihre Tochter Anna Rotthmeier
1574 2556 1682 2625 0
1760 2590 2532 2647 Fritz Lobheimer Georg Carl
1766 2624 2533 2677 Theodor Kaiser Carl Holty
1781 2659 2533 2722 Ein Herr Hermann Werbke
1777 2698 2535 2745 Ein Diener Adolf Beyer
1117 2589 1719 2807 -4
1916 2728 2376 2786 Ort: Wien. Zeit: Gegenwart
1794 2754 2507 2832 Regie Hermann Werbke.
2085 2802 2246 2857 —
1219 2772 1576 2855 Arthur Schnitzler.
1497 2838 1578 2897 —.—
1894 2824 2414 2926 Taubsumene Klägerin
992 2881 1786 2961 Dr. Arthur Schnitzler, praktischer Arzt aus
993 2928 1781 3006 Beruf und durch Erziehung, aber Dichter
1772 2943 1848 3025 E
1003 2987 1774 3042 aus tiefinnigster Neigung, stammt väter¬
999 3035 1781 3104 licher= und mütterlicherseits aus angesehen¬
1001 3078 1787 3161 sten Wiener Familien. Wenn sorgfältigste
995 3113 1791 3209 Erziehung, Wissen, Gemüth und Charakter
1001 3180 1874 3261 ein Menschenkind in die richtigen Bahnen zu ster
1013 3230 1877 3299 leiten vermögen, bei ihm hat es an solcher bef.
1003 3290 1869 3357 Leitung und an dem durchschlagenden Er= jie
1012 3328 1866 3398 folge derselben gewiß nicht gefehlt. Abge= ge¬
1012 3386 1866 3448 sehen hiervon aber war der stete Contact, in we
1019 3426 1855 3499 welchem er seit seinen ersten Jünglingsjah= we
1018 3475 1857 3543 ren durch die im Hause seines Vaters ver¬ g
1007 3525 1853 3603 kehrende Elite der Ritter vom Geiste und I
1009 3573 1853 3628 von der Feder mit diesen und speciell mit g
1018 3619 1850 3691 einer erlesenen Schaar von Wiener Künst= pe
1005 3671 1866 3755 lern sich befand, ausschlaggebend dafür, daß h.
1017 3729 1781 3784 seine literarischen Neigungen neben dem Stu¬
1018 3767 1852 3830 dium der Medizin, auf welchem sein Vater g
1018 3815 1858 3900 behärrlich bestand, immer tiefer Wurzel bei il
1014 3874 1292 3940 ihm schlugen.
1053 3926 1858 3999 Sein Vater, der Universitätsprofessor Dr. n
1010 3961 1856 4022 Johann Schnitzler, als Spezialist für Krank= u.
2526 2418 2583 2474 1
