3484 4224
172 140 282 231 5.
826 134 1288 231 box 13/4
300 145 556 218 Liebe
290 160 833 267 een  1.  1
211 591 1062 724 „OBSERVER“
308 717 1004 786 I. österr. behördl. konzessioniertes
278 759 1039 844 Unternehmen für Zeitungs-Ausschnitte
340 818 971 911 WIEN, I., WOLLZEILE 11
416 883 901 943 TELEPHON R-23-0-43
219 1002 612 1095 Ausschnitt aus:
534 1117 1065 1272 K. Z. am Hitias, Seris
233 1237 401 1318 vom:
223 1317 2023 1530 „Liebelei“ als Film ( im Atriam und Titania-Palast
375 1501 632 1569 m
273 1553 1112 1629 Noble Passion, dieses noble Dichterwerk zu
1140 1556 2023 1633 Kurt Alexander sind die betontere Erotisierung
229 1609 1123 1651 vertonfilmen. Seine zarte Klugheit, sein zer¬
1138 1603 2026 1667 des Paars Mizzi=Theodor und die Erweiterung
226 1639 1109 1707 brechlich feiner Schmelz, sein bitterwahrer Aus¬
1134 1652 2022 1710 der Partie des „Herrn“. Diese Minutenrolle
228 1690 1120 1744 klang ist nicht die kernledrig unverwüstliche
1136 1700 2030 1750 von zwölf Sätzen, die einmal von Mitterwurzer
226 1729 1123 1788 Filmware unserer Tage. Das Unternehmen, kost¬
1129 1733 2028 1811 zur Dominante emporgehoben worden sein soll,
220 1771 1114 1827 spielig und riskant, zeigt einen guten, starken
1134 1776 2024 1843 ist hier, mit Gründgens, tragende Partie,
226 1817 1114 1873 Glauben an die Wertbeständigkeit eines dichte¬
1135 1833 2028 1885 ein kalter Diplomatenlurch, der in eisiger Wut
227 1866 1119 1917 rischen Wurfs. Und verdient schon darum das
1131 1873 2030 1918 zittert, wenn er der Untreue nachspürt. Auch
228 1908 1115 1961 Lächeln und die Träne, die es gestern, neben
1132 1914 2031 1971 hat sie nun einen Namen, Baron von Eggers¬
229 1954 1114 2025 großem Beifall, in allen Teilen des Saales
1123 1950 2020 2014 dorf, und Partnerrollen, Olga Tschechowa
228 1995 369 2059 fand.
1139 2004 2026 2057 als die verführende Gattin, und Paul Otto
242 2011 1121 2104 Liebelei“ ist die süßeste und schmerzlichste
1132 2039 2024 2097 als korrekter Denunziant. Glänzend seine Ab¬
1128 2076 1632 2145 schiedsszene am Bahnhof.
227 2087 1118 2136 Ballade vom jügendlichen Herzen. In seinen
221 2123 1120 2173 Szeien schwingt und klingt alles zusammen,
1171 2109 2025 2197 Das Quartett der Liebenden gehört der
222 2161 1114 2230 was es im Alter des erwachten und hungrigen
1128 2170 2027 2231 jungen Garde. Den Mädels Luise Ullrich und
213 2202 1114 2262 Gefühls an Reinheit und Gemeinheit, an Glück
1132 2207 2037 2267 Magda Schneider, die verwunderlicherweise
225 2246 1123 2299 und seelischer Verfinsterung gibt. In seinen
1133 2260 2032 2315 die Fächer tauschten. Denn die Ullrich, die
222 2297 1114 2342 vier Figuren, den zwei Paaren, spannt sich die
1130 2294 2018 2359 innige, spielt das Flittchen Mizzi, die keck¬
222 2336 1119 2406 Erlebnisskala von der Gleichgültigkeit bis zum
1122 2336 2025 2404 kapriziöse Magda Schneider die stille, noch in
222 2381 1110 2447 Absturz.Schnitzler, der Arzt, hat vier Seelen
1131 2385 2032 2453 der Leidenschaft scheue Christine. Umgekehrt wäre
224 2418 1120 2485 geröntgt. Iebis Bild zeigt einen „Fall“; im
1123 2426 2026 2491 es wirklich besser. Denn nur die Ullrich, blen¬
222 2464 1116 2524 Schauspiel zusammenfließend umfassen sie ganz
1128 2468 2014 2530 dende Schauspielernatur, quirlt und schnattert,
220 2512 1126 2559 den Begrifft jugendliche Liebe. Und zwischen
1129 2516 2023 2578 wiegt und liebelt die Mizzi in bestechender
226 2549 1111 2610 dieses psychische Panorama bäumt sich das
1132 2562 2029 2609 Natürlichkeit herunter, Christine aber bleibt nur
223 2591 1115 2650 Drama einer Ehebruchs= und Duell=Katastrophe
1122 2605 2025 2657 das unpersönliche Bild eines schönen unglück¬
223 2643 1117 2693 auf. Und über alle liegt und zerstäubt sich
1131 2649 2018 2700 lichen Fräuleins. Man sieht, mit Freude, die
208 2684 1121 2748 Duft und Luft, Sprache und Melodie des alten
1122 2690 2024 2746 Bemühung einer sonst weit weniger ergiebigen
216 2705 1034 2791 Wien, der Stadt der melancholischen Liebe.
1121 2731 2016 2798 Darstellerin um Verinnerlichung und gesammelten
272 2764 1117 2830 Wie stellt sich der Film zu diesem feinst¬
1123 2767 2019 2823 Ausdruck. Doch wo ein Gefühl aus dem Körper
210 2796 1118 2874 faferigen, diffizilen Stimmungsspiel, das so
1125 2819 2022 2878 lodern, ein Herz schlagen und eine Seele zer¬
215 2854 1118 2923 sehr des lebendigen Fluidums bedarf? Er wäre
1134 2860 2017 2916 springen muß, bietet sich immer nur
224 2901 1107 2959 nicht Film, wenn er nicht verdeutlichte und ver¬
1133 2897 1483 2959 und nur ein
1483 2900 2027 2966 freundliches Bild und
221 2930 1113 2997 stärkte, erweiterte und umrahmte. Seine räum¬
1114 2938 1469 3007 ein anmutiges
1490 2940 2021 3004 Gesicht. Dieses Gesicht
224 2982 1107 3032 lich=optischen Vorteile nützt er, indem er die
1130 2972 2027 3054 spricht, lächelt, weint aber nichts, nichts
221 3023 1118 3080 Liebenden schlittenklingelnd durch schneever¬
1126 3024 2023 3092 scheint aus dem Innern zu kommen. Es ist halt
226 3073 1116 3119 zauberte Landschaften fahren läßt, die Kulissen¬
1128 3066 2023 3145 schwerer, Schnitzler zu spielen als Wassermann
1133 3113 1369 3173 und Schlee.
219 3113 1113 3171 welt der Oper aufklappt, in der der alte Wei¬
215 3148 1117 3217 ring in der gütigen Gestalt Hörbigers
1184 3145 2023 3223 Ausgezeichnet die jungen Männer, Offiziere
222 3191 1121 3261 geigt, und die düstere Szenerie des Duells mit
1124 3188 2023 3256 von Alt=Oesterreich und Rekrulen der Filmkunst:
224 3242 1107 3302 Kutschen im Morgengrauen und einer lieblos
1139 3250 2022 3313 Willi Eichberger als Theo, ein Windhund
222 3279 1112 3348 grauen Waldlichtung einfügt. Stärkere Nach¬
1129 3278 2015 3361 vom reinsten Donauwasser, frech, leichtsinnig und
214 3332 2029 3399 kilfen des Manuskripts von Hans Wilhelm und  sympathisch und Wolfgang Liebeneiner,
1132 3416 2029 3486 mit blassem Kadettengesicht, dekadent, verhemmt
1139 3454 2031 3533 und doch — nicht ganz schnitzlerisch — sich ganz
1128 3502 2031 3570 und voll Glück der neuen, reineren Liebe öffnend.
1180 3548 2032 3613 Max Ophüls führt die Regie, ohne völ¬
1134 3589 2024 3654 ligsten Stimungszauber, doch als treuer Nach¬
1143 3631 2031 3713 schöpfer eines großen Geistes und überlegen in
1136 3672 1561 3733 der Darstellerführung.
1193 3709 2032 3785 Starker Beifall, der die Hauptdarsteller an
1137 3760 2021 3842 die Rampe zog. Unter den Anwesenden die
1132 3799 1509 3879 Witwe Schnitzlers.
1761 3846 1981 3934 #. S—y.
2066 405 2151 469 00
2088 460 2143 499 5
2607 323 2846 390 I. Oesterr.
2209 345 2946 422 OBSERVER Senerel. konz.
2154 378 2214 443 2
2213 401 2951 463 Büro für Zeitungsnachrichten
2158 439 2208 484 3
2211 436 2974 507 WIEN I, WOLLZEILE 77
2147 461 2205 526 3
2158 520 2212 554 7
2147 541 2214 609 ≅
2269 510 3029 627 Lokalanzeiger, Berlin
2118 592 2224 674 85
2460 626 2886 729 18.3.1933
2802 713 2911 791 Te
2204 795 2832 907 Atrium: „Liebelei“.
2112 854 2981 960 Regisseur Max Ophüls hat nach dem bekannten
2086 918 2983 1001 Schauspiel von Artur Schnitzler und einem Manu¬
2086 962 2994 1050 skript von Wilhelm und Alexander einen Film ge¬
2096 995 3028 1076 dreht, der sich von der überwiegenden Mehrzahl —
2085 1046 2994 1142 der Wien=Filme wohltuend unterscheidet. In der
2098 1088 2989 1173 „Liebelei“ werden die Wiener einmal härter und
2085 1131 3002 1204 klarer angefaßt; Probleme von später gewittern
2102 1173 3007 1256 bereits am fernen Horizont, und man fühlt jeden
2095 1223 3005 1294 Augenblick, daß die zur Schau getragene Fröhlich¬
2090 1259 3001 1344 keit und Leichtlebigkeit aus bedrücktem Herzen
2098 1288 3009 1375 kommt. Auf diesen schwermütigen Moll=Ton ist
2095 1339 3005 1421 die Landschaft und die in ihrer Mitte lebende
2102 1380 3013 1464 Menschheit gestimmt. Daß er trotzdem nur leise
2099 1422 3019 1517 das Gemüt des Zuschauers durchzieht, ist ein
2095 1459 3014 1560 neuer Beweis für die feinnervige Hand, mit der
2097 1500 3018 1605 Ophüls die seelische Lautstärke seiner Schauspieler
2112 1552 3012 1641 reguliert. Die beiden Liebhaber werden von
2108 1592 3016 1682 Willi Eichberger und Wolfgang Lieben¬
2120 1636 3028 1726 einer ausgezeichnet verkörpert, die Mizzi Schla¬
2112 1665 3030 1763 ger ist die reizend plappernde Luise Ulrich, den
2125 1727 3032 1802 Baron spielt Gustaf Gründgens außerordent¬
2126 1765 3017 1848 lich eindrucksvoll. Magda Schneider befrem¬
2127 1802 3016 1889 det als Christine. Sie ist zu sehr auf „Püppchen“
2126 1850 3031 1951 zurechtgemacht und läßt kein eigenes, sondern nur
2125 1892 3036 1968 ein von der Regie verliehenes Innenleben ahnen.
2124 1932 3032 2021 Paul Hörbiger, die Tschechowa und Paul Otto
2136 1980 3048 2067 tragen die übrigen Rollen. Verdienter Beifall für
2141 2012 3027 2111 alle. Der Film läuft auch im Titania=Palast.
