3484 4224
410 144 791 220 Liebelei
251 138 1375 261 5 box 11/2
878 723 1694 823 schauspiephf 17. P
488 754 787 873 Gur
638 785 1772 866 Ins Milieu der dänischen Hauptstadt führt uns,
546 839 1757 927 Gustav Esmanns als letzte Neuheit im Schauspielhaus
547 885 1753 984 gegebenes Lustspiel „Vater und Sohn“. Der Theater¬
549 942 1757 1026 zettel gibt die Gegenwart als Zeit der Handlung an,
541 994 1771 1068 man fühlt sich indes, wenn der Vorhang aufgeht, um
554 1038 1770 1112 mehr als ein Vierteljahrhundert zurückversetzt, trotz
546 1098 1764 1159 des Tischtelephons im Kontor dieses Großhändlers Holm,
544 1131 1781 1202 der seiner Tochter ganze hunderttausend Kronen Mitgift
556 1183 1766 1269 gibt und von seinem zwanzigjährigen Sohn verlangt,
558 1253 1782 1321 daß er die Uhr selbst aufzieht. Vater und Sohn Holm
554 1289 1785 1352 sind im Grunde des Herzens zwei totgute Kerle, nur
565 1350 1770 1409 daß der Alte sich äußerlich auf den Pedanten hinaus¬
554 1368 1772 1456 spielt, während dem Sohn Paul noch ein gut Teil
555 1434 1774 1510 jugendliche Windhundart anhaftet. Die beiden würden
560 1479 1777 1545 trotzdem recht gut miteinander auskommen, wenn nicht
566 1524 1777 1602 der Junge unter dem Einfluß eines schwadronierenden
565 1570 1788 1641 Verführers ein Verhältnis mit einem süßen Mädel ein¬
574 1630 1788 1702 ginge, und der Vater deshalb durch seine stets weiner¬
562 1671 1793 1753 liche, moraltriefende Frau, seine katzenfreundliche
571 1721 1791 1793 Tochter und deren „korrekten“ Bräutigam gegen den
574 1772 1789 1852 leichtsinnigen Burschen aufgehetzt würde. In der
577 1823 1792 1891 unvermeidlich gewordenen Aussprache ergibt sich, daß
582 1868 1802 1952 Pauls unreife Verachtung des Herkömmlichen so weit
575 1925 1801 1994 geht, daß er sich zu dem Vorsatz bekennt, seine
576 1988 1797 2045 Kamilla heiraten zu wollen, da nur sie ihn ganz aus¬
578 2022 1801 2094 zufüllen verstehe. Vater Holm läßt die Person kommen
582 2059 1799 2142 und es gelingt ihm dank ihres, in diesem Augenblick
593 2110 1812 2190 etwas merkwürdigen, dirnenhaften Benehmens, dem
583 2159 1813 2243 irregeleiteten Knaben die Augen zu öffnen. Um ihn
592 2211 1815 2280 vor weitern ähnlichen Torheiten zu bewahren, schickt
589 2260 1804 2324 er ihn dann mit dem nächsten Schiffe ins Ausland.
584 2307 1815 2382 Dies immerhin unsichere Mittel bewährt sich bei Paul
601 2355 1803 2433 in unerwartetem Maße. Als er nach sechs Jahren zurück¬
597 2407 1805 2485 kommt, ist er ein gemachter Mann, ganz besonders
596 2458 1807 2532 ein Mann Dafür findet er nun den verehrten Vater
605 2522 1812 2589 als Schwächling wieder. Der Grund dazu ist in einem
602 2553 1820 2631 heimlichen Liebesbund des Fünfundfünfzigjährigen mit
613 2622 1818 2694 Frau Lund, der Witwe eines seiner Kapitäne zu suchen.
602 2652 1821 2724 Obgleich seine der Familie Posse entstammende Frau
606 2716 1825 2768 in der Zwischenzeit glücklicherweise gestorben ist,
618 2775 1827 2830 wagt der alte Holm aus falscher Scham, aus Scheu
612 2799 1823 2877 vor seinen erwachsenen Kindern nicht, den Bund mit
616 2860 1830 2928 der ihm in selbstloser Liebe angehörenden Frau zu
612 2896 1838 2975 legalisieren. Die schiefe Stellung, in die er sich dadurch
612 2952 1828 3028 gebracht hat, wissen seine Tochter Agathe und deren
624 2991 1831 3075 Anhang in schlimmster Weise auszunutzen. Der frisch
629 3046 1840 3133 zugreifenden Art des heimgekehrten Sohnes gelingt es
630 3108 1839 3184 aber, Ordnung in die Verhältnisse zu bringen, indem
627 3160 1844 3222 er den Vater bestimmt, den Mut zu seinem eigenen
630 3198 1672 3278 Glück zu haben und die Geliebte zu heiraten.
729 3227 1853 3311 Der Hauptreiz des Stückes liegt außer dem oft
632 3311 1851 3366 witzigen Dialog in der echt lustspielhaften Anlage, die
637 3338 1854 3426 die Situation des ersten Aufzuges im letzten, wieder
642 3401 1860 3478 im Kontor des Großhändlers spielenden Aufzug, genau
641 3443 1861 3514 umkehrt. Während dort der Vater dem Sohn den Kopfz
649 3485 1863 3574 wäscht und ihn von der unwürdigen Geliebten befreit,
637 3537 1857 3613 tut hier der Sohn dem Vater, zuweilen mit den gleichen
645 3583 1875 3654 Worten, denselben Dienst, um ihn mit der würdigen
644 3630 1882 3734 Geliebten zu vereinigen. Leider ist Esmann darauf
1761 245 2993 324 verfallen, in das harmlose Familienstück so etwas wie
1771 298 2996 373 einen Weltanschauungskonflikt hineinzutragen. Er läßt
1762 355 2979 430 zu diesem Zweck Paul Holm im Auslande eine Ameri¬
1767 398 2995 484 kanerin heiraten und diese Miß Ethel (von Fräulein
1775 459 2990 517 di Ranucci sehr belustigend gespielt) bringt in die
1775 497 2988 569 dumpfe europäische Kulturschlafstube den frischen
1776 554 2991 618 Morgenhauch amerikanischer Freiheit. In der Arf wie
1775 608 2984 667 der Verfasser durch ihren Mund Kritik an den puro¬
1783 640 2995 731 päischen Zuständen übt, offenbart sich ein charak¬
1779 695 2998 757 teristischer Zug der neueren nordischen Literatur, die
1787 740 3007 807 engen Verhältnisse der eigenen kleinstaatlichen Heimat
1770 792 3003 882 zu verallgemeinern. Das geht aber nicht an. So zum
1788 839 3008 911 Ausruhen auf materiellen und ideellen Errungenschaften
1779 896 3011 956 der Vorväter geneigt, wie Esmann seine Landsleute
1791 935 3011 1010 darstellt, sind wir Deutschen von heute durchaus nicht.
1796 1002 3009 1065 Also hat das Stück für uns mehr ein völkerkundliches
1801 1059 2028 1117 Interesse.
1895 1081 3006 1145 Die hiesige Aufführung verdient uneingeschränktes
1804 1132 3014 1207 Lob. Neben der schon erwähnten Darstellerin der
1806 1183 3016 1258 Ethet boten besonders die Herren Odemar und Aßmann
1797 1230 3023 1299 als Vater und Sohn und Fräulein Goth in der kleinen
1798 1274 3030 1358 Rolle der Agathe ungemein lebensecht wirkende mit
1806 1337 2966 1412 manchen feinen Einzelzügen ausgestattete Figuren.
1895 1387 3016 1481 Auch Arthur Schnitzlers „Liebelei“ und „Ab¬
1803 1445 3035 1529 schiedssouper“ sind in dieser Spielzeit zum
1814 1498 3025 1577 ersten Mai über die Bühne des Schauspielhauses ge¬
1812 1555 3037 1632 gangen. Auf einen Abend mit Schnitzler freut man
1813 1601 3040 1660 sich immer. Er ist ein geistreicher Causeur, seine
1807 1653 3038 1713 knappen, fein ausgefeilten Geschichtchen haben stets
1812 1689 3032 1770 eine überraschende Pointe, und es schwirrt nur so
1822 1738 3037 1812 von treffenden Apergüs über die Frauen und die Madeln
1812 1788 3039 1857 und über die Liebe als Zeitvertreib und Sport, wie sie
1808 1838 3048 1910 in den Kreisen seines Anatol, Fritz und Theodor
1822 1888 3048 1965 gepflegt wird. Nehmen wir nun einmal an, überlegt
1828 1951 3045 2009 Schnitzler in der „Liebelei“ so ein aus Langeweile,
1823 1985 3047 2060 wie eine Art Nervenreizmittel genommenes Mädchen
1835 2043 3053 2109 fühlt wirklich Liebe, — am Ende gibts ja so was doch
1825 2107 3057 2162 auch noch —, das arme Ding muß ja kreuzunglücklich
1827 2133 3059 2211 werden, wenn es hinterher erfährt, zu was es eigentlich
1828 2185 3052 2252 dem Geliebten gut gewesen ist. Schnitzler wird ganz
1830 2229 3053 2315 sentimental, indem er sich das so recht vorstellt, und
1838 2275 3053 2356 offengestanden, wenn er sentimental wird, gefällt er
1840 2330 3054 2407 mir nicht. Es kann aber auch an der Aufführung
1830 2378 3057 2457 gelegen haben. So gretchenhaft, wie Fräulein Neuhoff
1839 2422 3067 2496 die Christine gab, hat sie sich der Dichter doch wohl nicht
1841 2483 3055 2559 vorgestellt. Etwas mehr Temperament und Schwüle
1840 2533 3066 2589 muß von Anfang an in ihr zu spüren sein, sonst wirkt
1847 2577 3061 2651 die Schlußwendung einfach unglaubhaft. Im Allgemeinen
1839 2623 3071 2693 wurde zu sehr Komödie gespielt, der Wiener Dialekt
1838 2692 3068 2758 machte den Darstellern Schwierigkeiten und diente
1849 2730 3079 2815 nur dazu, die Illusion zu zerstören. Am echtesten wirkten
1844 2772 3067 2845 noch Herr Dysing als Theodor und Antonie Lipsky
1851 2825 3066 2900 als Frau Binder. Derköstliche Einakter „Abschiedssouper“
1847 2891 3076 2943 in dem Schnitzler selbst sich nicht so geklügelt gibt,
1864 2921 3082 2992 wurde weit stimmungsvoller herausgebracht. Es wehte
1855 2967 3083 3037 da wirklich Wiener Luft von der Bühne. Das selbstver¬
1861 3019 3089 3100 ständlich Geistreiche des Einleitungsgesprächs zwischen
1864 3064 3075 3132 den beiden Freunden Anatol und Max wurde von den
1859 3110 3077 3187 Herren Dysing und Lindner in unaufdringlicher Weise
1874 3180 3084 3238 voll zur Geltung gebracht. Margarete Frey als Annie
1874 3218 3083 3279 war von hinreißender Ausgelassenheit. Man hatte, als
1876 3256 3091 3335 man das Theater verließ, das Gefühl, selbst ein Glas
1869 3310 3082 3399 prickelnden Sekt bei diesem fidelen Abschiedssouper
2753 3360 3029 3426 E. Kaiser.
1879 3374 2409 3444 mitgeschlürft zu haben.
