3484 4224
455 163 843 236 Liebelei
288 167 953 274 8. Snneennnnenns
954 165 1407 253 box 11/1
2001 45 2875 128 reenee
1995 113 2924 164 Polle gernehmuch und sinnlich zu sprechen, so
1990 151 2931 217 hängt doch die Beherrschung des Bühneneffektes
1991 190 2937 249 von so vie n Dingen ab, die nicht zur Gabe des
1986 242 2938 296 echten Dichters gehören müssen, daß wir die Ebner¬
2023 290 2940 339 schenbach, die wir verehren, nicht um den ge¬
2003 321 2947 373 fingsten Grad tiefer ansetzen werden, weil ihr der
2004 356 2936 414 Schritt auf die Szene nicht gelungen ist. Auch
2006 416 2935 454 Gottfried Keller hat beim besten Willen kein
1985 439 2941 518 Theaterstück #sammengebracht. Freilich, so lange
1997 488 2939 536 der Vorhang oben ist, entscheidet nur die Wirk¬
1985 544 2947 606 samkeit auf den Brettern und dieser Anforderung
1992 574 2951 623 entsprach des einaktige Lustspiel nur in be¬
1995 614 2945 672 scheidenem Maße. Das Stück schildert, wie
1980 647 2935 712 zwei Liebende, die zu einander gehört haben,
1993 699 2946 754 nach einem Irrweg — Graf Marko Laßwitz hat
1988 747 2865 796 inzwischen eine unglückliche Ehe durchlebt
1988 767 2946 842 sich wieder zusammenfinden. Er hat die laute,
1977 821 2947 893 heftige Liebe gesucht und die stille, reine Flamme
1983 872 2938 922 verkannt, die im Herzen Emmas für ihn brannte.
1991 915 2697 973 Und im Zeichen dieser sanftern Glut
2731 913 2946 969 — „ohne
1987 948 2937 1013 Liebe“ — geben sich Emma und Marko das
1984 986 2941 1053 Wort, einander anzugehören. Das Ganze beruht
1982 1039 2942 1087 auf zarten Fäden, und es läßt sich nicht sagen,
1993 1082 2952 1131 daß die feineren Wirkungen bei der Aufführung
1991 1123 2952 1180 ganz herausgearbeitet wurden. Frl. Burgau,
1995 1172 2940 1220 die das Abwehrende der ersten Wiederbegegnung
1983 1208 2947 1272 sehr glücklich kennzeichnete, ließ in der entschei¬
1994 1245 2938 1309 denden Szene das Zittern des Gefühls, das unter
1977 1290 2949 1354 den kühlen Worten hindurchklingen muß, doch
1991 1334 2943 1396 ein wenig vermissen. Und Herr Steil, dessen
1988 1388 2943 1434 ehrlicher Ton recht warm klang, brachte gleich¬
1993 1417 2951 1469 falls die flackernden Lichter nicht an, mit denen
1990 1458 2942 1508 die Schlußszene des Stückes rechnet. Die alte
1984 1506 2931 1562 Gräfin gab Frau Pauli=Baumgart durch¬
1987 1548 2949 1595 aus liebenswürdig und auch Herr Rübsam
1981 1592 2936 1641 spielte den etwas beschränkten Rüdiger anschaulich.
1983 1633 2943 1699 Das Fallen des Zwischenvorhangs unterbricht
1982 1676 2948 1740 störend die Stimmung — war das vielleicht nur
1991 1720 2942 1781 ein Zwischenfall, der nicht gewollt ist? Das Publi¬
1986 1760 2941 1822 kum bereitete dem Stücke eine freundliche
1990 1805 2934 1862 Aufnahme — aus Achtung vor der Dichterin. —
1987 1848 2940 1901 Der Novität folgte Arthur Schnitzlers „Lie¬
1988 1880 2948 1936 belei", in seinem knappen sichern Aufbau und
1984 1927 2940 1990 in seiner großen Stimmung ein Meisterwerk.
1985 1969 2942 2032 Lotte Medelsky in der Rolle der Christine gab
1993 2014 2938 2060 der Aufführung ein besonders Interesse, das sich
1975 2051 2951 2116 ing einem ##erpolten Hause kundgab. Die Berichte,
1976 2100 2938 2147 de ihrnrausgingen, haben nicht zu viel
1979 2144 2930 2200 versprochen. Man kann nicht mit mehr Wahr¬
1991 2179 2937 2251 haftigkeit und Innigkeit diese Gestalt dem Dichter
1989 2225 2934 2277 nachbilden. Das war das „süße Mädel“, das
1983 2271 2938 2312 ganz und gar Gefühl und Natur ist und doch im
1992 2312 2939 2362 Gegensatz zur leichtfertigen Mizzi Schlager, ein
1982 2355 2922 2393 schwerblutiges Wesen, das sich fest ansaugt an
1980 2382 2922 2453 seine Liebe und mit ihr zugrunde geht. Ihr Glück
1975 2440 2930 2484 ist voll Schmerz und bangen Zagens. Wie fein
1973 2477 2930 2534 hob Frau Medelsky die Züge ihrer ernsten See¬
1974 2522 2932 2584 lenstimmung heraus — die Eifersucht auf den
1982 2567 2926 2623 Bruderschaftskuß, den Mitzi von Fritz bekommt,
1970 2605 2927 2666 das tiefe Weh bei der Frage nach der frem¬
1979 2643 2921 2701 den Dame, und der selige Dank nach einem
1969 2688 2930 2750 jeden herzlichen, ehrlichen Wort. Doch mit
1970 2732 2935 2781 Einzelheiten ist wenig gesagt, wo die Einheit der
1973 2775 2922 2840 Gestaltung dem Leben so nahe kommt. Ueberwog
1968 2819 2923 2878 in den ersten zwei Akten dem Drama gemäß der
1974 2863 2915 2912 sanfte, gedämpfte, wehmütige Ton, so brach die
1959 2904 2915 2943 Verzweiflung im letzten mit so wilder Lohe her¬
1968 2943 2915 3007 vor, daß der Zuhörer in die tiefste Erschütterung
1972 2988 2907 3047 hinein gerissen wurde. Das Entsetzen, das die
1966 3033 2909 3083 gläubige Seele bei der Entdeckung ihres Schick¬
1969 3079 2914 3132 fals erfaßt, gehört zu den mächtigsten Bühnen¬
1964 3110 2911 3161 eindrücken, die wir hier in den letzten Jahren mit¬
1959 3160 2900 3221 gemacht haben. Ein Sturm von Beifall sprach
1958 3194 2914 3263 der Künstlerin den Dank für die außerordentliche
1952 3240 2913 3299 Leistung aus. Unsere Mitwirkenden sind von
1964 3273 2906 3344 Ffrüheren Vorstellungen her bekannt, insbesondere
1962 3320 2907 3392 die Herren John und Wymetal. Neu war
1958 3361 2901 3438 Herr Löwe, der den alten Violinspieler mit herze
1954 3400 2918 3494 licher Empfindung wiedergab. E.A#/#
