3484 4256
142 236 236 326 5.
814 244 1251 336 box 13/5
265 256 683 322 Liebeler
431 968 1258 1083 „OBSERVER'
542 1074 1203 1139 I. österr. behördl. konzessioniertes
493 1114 1241 1187 Unternehmen für Zeitungs-Ausschnitte
564 1183 1172 1250 WIEN, I., WOLLZEILE 11
627 1237 1087 1287 TELEPHON R-23-0-43
439 1367 806 1440 Ausschnitt aus:
499 1604 1169 1700 Nenes Wiener Journal, Wien
682 1694 1112 1811 31. JAl 1933
315 1866 1299 2052 Juni=Fesspiele des Grazer
552 2110 1092 2193 Siadstheuters.
198 2158 1407 2292 „Der Tor und der Tod“ von Hofmannsthal und „Liebelei“
362 2229 1259 2300 von Schnitzler. (Gastspiel des Burgtheaters.)
293 2261 1431 2368 Aus Graz wird uns geschrieben: Montag eröffnete die
203 2327 1427 2416 Arbeitsgemeinschaft des Grazer Stadttheaters die Juni¬
203 2378 1424 2463 Festspiele mit einem „Oesterreichischen Abend“. Zur Aufführung
204 2429 1431 2528 gelangten „Der Tor und der Tod“ von Hugo v. Hof¬
208 2475 1431 2566 mannsthal und „Liebelei“ von Artur Schnitzler. Durch
212 2515 1439 2612 die Mitwirkung von Mitgliedern des Burgtheaters und des
215 2580 1429 2656 Deutschen Volkstheaters wurde der Abend zu einem hoch¬
211 2613 1446 2713 wertigen künstlevischen Ereignis. Dominierte Raoul Aslan
213 2651 1445 2758 in „Der Tor und der Tod“ durch sinnvollste Gestaltung des
226 2709 1442 2811 Edelmannes Claudio, so muß man auch Reinhold Siegert
230 2756 1447 2864 nennen, der dem Tod eindruckvollstes Spiel gab. Maria
468 2814 1454 2904 Emmerich Reimers, Maria Gutmann
230 2849 460 2912 Mayen,
219 2876 956 2958 ergänzten vollendet die Aufführung.
328 2899 1457 2993 In der hierauf folgenden Vorstellung der „Liebelei“ muß
232 2962 1454 3032 man vor allem Maria Mayen nennen, die als Christine im
237 3001 1459 3099 letzten Akt das Haus aufs tiefste bewegte. Daß Alma Seidler
231 3039 1459 3134 als Mitzi ein prächtig natürliches Wiener Mädel war, bedarf
236 3096 1454 3181 kaum besonderer Feststellung. Ausgezeichnet auch Kurt Lessen
235 3136 1459 3242 als Weiring. Mit wenigen Strichen gab Aslan dem Herrn
248 3192 1469 3286 einprägsamste Gestaltung. Emmerich Reimers als Fritz
249 3242 1470 3328 und Walter Huber als Theodor rundeten die Aufführung,
247 3303 1447 3396 die stärksten Eindruck hinterließ, sorgfältig ab. J. O. L.
1771 595 2145 668 Ausschnitt aus:
2171 643 2516 752 srazer Tagur
2282 750 2696 852 31. MAI 1933
1777 797 1935 872 vom:
1954 909 2534 1003 Burgtheatergastspiel
1657 977 2843 1061 Hofmapüsthal: „Der Tor und der Tod.“ — Schnitzler:
2119 1040 2363 1098 „Liebelei.“
1707 1082 2850 1148 Wenn von Burgtheatermitgliedern ein als Festvor¬
1654 1148 2843 1197 stellung angekündigter österreichischer Abend veranstaltet
1656 1209 2849 1250 wird, dann ist anzunehmen, daß die zur Aufführung ge¬
1656 1235 2839 1286 langenden Dichter Repräsentanten des lautersten, tief¬
1654 1270 2840 1330 sten und echtesten Österreichertums sind. Das ist weder
1649 1325 2839 1368 bei Schnitzler noch bei Hofmannsthal der Fall, die einer
1659 1365 2840 1420 ganz bestimmten intellektuellen Großstadtschicht angehören,
1653 1416 2840 1461 durch deren Mund niemals ein wahrhaft volksverbunde¬
1656 1447 2840 1509 ner Mensch sprach, deren Werke überdies einer zeitlich
1660 1487 2848 1546 bloß knapp umrissenen Epoche Wiens angehören. Mit
1666 1535 2839 1596 ihnen ist ein „Österreichertum“ zu Grabe gegangen, das
1651 1588 2838 1636 vom internationalen Wien als maßgebend und bezeich¬
1657 1624 2848 1677 nend in der ganzen Welt propagiert wurde, weil es im
1662 1676 2842 1722 Grunde vielleicht gerade das vermissen ließ, was für den
1661 1708 2850 1770 deutschen Volkscharakter unserer Alpenländer wirklich
1665 1749 2852 1814 bluthaft und ideell den Ausschlag gibt. Das sind Tat¬
1657 1806 2847 1849 sachen, die heute, wo das Schlagwort vom „österreichi¬
1665 1835 2855 1901 schen Menschen“ überall hingetragen wird, jenseits aller
1657 1884 2848 1938 politischen Auswertung auf dem Gebiete der Kunst un¬
1657 1928 2853 1987 beirrt festgestellt werden müssen. Denn hier liegt eine
1653 1969 2858 2029 der Wurzeln des Irrtums, der nicht von außen, von
1656 2012 2851 2076 anderen Völkern und Ländern, sondern nur von innen,
1664 2064 2854 2133 von uns selbst, festgestellt und auch richtiggestellt werden
1897 2116 1976 2164 Ar r 1
1666 2112 1795 2169 muß.
1723 2125 2857 2198 Halbheit, seelische Dämmerzustände, Zwiespältigkeit
1652 2195 2857 2251 der Gefühle, erotische Exaltationen, spielerische Todes¬
1663 2234 2840 2298 mystik, krankhaft gesteigerte Empfindungsfeligkeit, all
1663 2300 2862 2336 das, wofür die Namen Schnitzlers wie Hofmannsthals
1666 2331 2849 2381 bezeichnend wurden, sind nicht wesentliche Züge des
1659 2359 2860 2408 Österreichers, dessen urwüchsige Erdverbundenheit, dessen
1666 2407 2865 2465 tatkräftigen Idealismus, dessen lebensaktive Antriebe
1661 2461 2862 2514 man so gerne vergessen oder noch lieber totschweigen
1666 2493 2848 2559 möchte. Sie sind vielmehr der Ausdruck des impressioni¬
1669 2538 2838 2599 stischen Wiens, für das noch Korngolds „Tote Stadt“
1671 2577 2865 2632 musikalisch genau so bezeichnend ist, wie es Schnitzlers
1665 2632 2868 2691 „Anatol“ literarisch war. Hofmannsthal greift mit
1661 2681 2859 2734 größerer dichterischer Kraft tiefer in die Probleme: doch
1659 2724 2866 2783 auch er bleibt ein Ringender, dem über allem artistischen
1675 2770 2563 2822 Können die feelische Erfüllung versagt ist.
1711 2799 2851 2869 Gespielt wurde unter Hans Sonnenthals Lei¬
1669 2861 2864 2920 tung selbstverständlich ausgezeichnet und nur so waren
1665 2894 2866 2945 beide Stücke möglich. Raoul Aslans Tor wäre ein¬
1665 2961 2861 3013 facher und weniger „gekonnt“ noch eindringlicher ge¬
1678 3105 2867 3161 wesen, Reinhold Siegerts Tod bezwang allein schon
2437 3147 2865 3211 „Liebelei“ bot eine
1679 3152 2429 3204 durch den Edelklang des Organs.
1674 3187 2869 3251 Fülle prächtiger Einzelleistungen, voran die beiden
1674 3242 2873 3289 typenverschiedenen Wiener Mädels von Maria Mayen
1673 3283 2859 3334 und Alma Seidler. Christine war herzensschlicht, er¬
1670 3338 2860 3374 schütternd in ihrer großen, reinen, einfältigen Leiden¬
1677 3360 2872 3426 schaft, Mizzi temperamentvoll oberflächlich, erheiternd
1674 3427 2866 3477 naiv und vorstadtecht. Kurt Lessen zeichnete Künstler¬
1671 3470 2867 3508 natur und Vater mit gleich starken Strichen. Die bei¬
1669 3490 2868 3549 den jungen Wiener Herren wurden von Emmerich Rei¬
1675 3534 2860 3594 mers und Walter Huber nach Gefühlstiefe und
1668 3574 2870 3635 bloßer Unterhaltungssucht scharf kontrastiert. Maria
1663 3633 2864 3686 Guttmann war eine waschechte Frau von der Peri¬
1673 3677 1978 3744 pherie Wiens.
1723 3701 2867 3779 Das Publikum ehrte die Darsteller durch lebhaften
2579 3756 2831 3823 Dr. N. L.
1667 3767 2223 3840 und nachhaltigen Beifall.
