3484 4256
350 207 717 288 Liebelei
184 201 1317 336 5. Lse1 box 12/7
1449 1091 2509 1210 auch die ernstere Seite des Charakters, die treuherzige
1466 1176 2522 1285 Sorge um den Freund stark hervorhob. Herr Pindo
1467 1218 2520 1319 hatte als Vater die sanfte Weichheit und bemütige
1469 1265 2527 1359 Resignation des kleinen Mannes, nur in der schönen
1464 1320 2520 1407 Erzählung von der Schwester, die der Bruder zu
1464 1380 2517 1479 sehr von allem Glück bewahrte, fehlte die seinere Poin¬
1466 1412 2529 1513 tierung, die Kunst, durch Pansen die Schlußwirkung
1475 1467 2523 1563 zu steigern. Wie zielvoll die Pause verwertet werden
1472 1513 2530 1609 kann, zeigte gestern Hr. Orell als „Herr“. Er
1463 1557 2529 1667 holte aus der winzigen Rolle durch dieses Kunstmittel
1470 1604 2537 1707 und durch wohlberechnetes stummes Spiel starke Wir¬
1476 1658 2532 1757 kung. Als Frau Binder war Frl. Schweickhardt
1472 1723 2534 1826 wirksam, wenn auch um eine Nüance zu schwieger¬
1485 1792 1815 1874 mütterlich=bissig.
1554 1798 2540 1918 Die Aufführung war (Spiekleitung Orel!) sehr
1476 1860 2541 1968 gut auf einheitlichem Wiener Ton gestimmt, nur die
1485 1915 2544 1993 übermütige Tischszene blieb (trotz Weiser und Olden)
727 1914 1178 2015 Schauspielhaus.
1492 1961 2550 2054 lahm, resonanzlos und kontrastlos. Hier waren die
477 1965 1379 2102 Urtur Schnitlg Liebelei und Abschiedssouper.
1492 2014 2550 2094 Pausen nur trennende Löcher, das Gegenteil von
499 2027 1476 2153 Frau Imles ahristine in der „Liebelei“ wühlt
1483 2057 2555 2146 Wirkungssteigerungen. In dieser Beziehung war das
411 2086 1475 2176 die Herzen auf und rührt die Hände der Zuschauer.
1500 2106 2548 2191 Abschiedssouper vollendet. Frau Weiser und
420 2140 1495 2250 Als der Vorhang fiel, gab es im dichtgefüllten Hause
1489 2150 2551 2255 Herr Wehle lachten ansteckend, ihr Übermut war ganz
423 2205 1482 2298 Premierenbeifall. Aber auch die Szenen, die nicht
1488 2210 2557 2298 untheatralisch, die Schwipsszene von Frau Weiser war
424 2242 1490 2342 auf lautes Echo gemacht sind, spielt Frau Imle so,
1500 2253 2562 2352 ein Meisterstück und von allen frohen Geisiern des
421 2291 1498 2385 daß man am liebsten Beifall riefe. In ihrer Stimme ist
1494 2290 2557 2390 Chambre separées gesegnet. Herr Olden gab den
423 2354 1492 2443 mehr als schmeichelndster Wohllaut, ist Seele. Mit welch
1499 2347 2566 2435 Mann der verletzten Eitelkeit und unaustilgbaren Idrale,
430 2397 1497 2492 zarter Scheu äußert sie die Eifersucht eines Herzens,
1499 2390 2565 2490 den „leichisinnigen Melancholiker“ Anatol; ver¬
424 2451 1489 2536 das selbstlos gibt und ebenso zum Leid wie zur Liebe
1505 2461 2556 2541 trefflich und um so komischee, je mehr er sich in ernst¬
433 2499 1490 2579 geschaffen ist. Wie ist in der Frage beim Entschluß des
1504 2499 2565 2605 hafte Entrüstung tobte. Desto unnötiger wer es, un¬
433 2549 1481 2629 Geliebten, zu reisen, in ihrem jähen: „Warum denn?“
1501 2549 2565 2651 vermittelt ex tempores in einer Komödie loszalassen,
437 2590 1506 2685 (im ersten Akt) schon das ahnungsvolle Erschrecken über
1511 2601 2567 2695 für die ein Artur Schnitzler verantwortlich zeichnet,
434 2644 1496 2736 das nahe Ende kurzen Glückes. Dabei war nicht einen
1508 2648 2570 2763 die Figur des Dichters auf Augenblire aufzugeben und
437 2689 1496 2775 Augenblick unangebrachte Heroinenschwere in dieser Chri¬
1508 2697 2563 2802 außerhalb des Charakters isolierte Eigenbauwitze ein¬
439 2742 1505 2843 stine. Herr Kainz stellte einen Fritz neben sie, dem
1513 2738 2566 2832 zuwerfen (per Ruf nach Kamillentee an den Keilrer).
445 2786 1500 2885 der Ton der Bedrücktheit so vorzüglich gelang, der aber
1515 2804 2577 2882 Bis auf diesen kleinen Ausflug ins allzu überflüssige
451 2833 1510 2938 gesetlschaftlich etwas zu geringe Distanz von dem
1514 2859 2595 2941 war der Einakter aus einem Guß und die Zahl und
443 2890 1512 2993 kleinen Vorstadtmädel hatte. Olden und Weiser
1526 2889 2605 2985 die ausgezeichnete Stimmung der Zuschauer bewies, daß“
458 2932 1511 3028 waren prächtige Typen aus der Stadt, in der der
1515 2946 2611 3045 wir nicht m## in der flauen Vorsaison sind, sondern
452 2984 1514 3065 Mensch nicht unterzugehen pflegt, wobei Herr Olden
467 3009 2569 3149 Anerkennung verdient, daß er neben dem Übermut] bereits wieder mitten in der Saisen. Dr. A. M.
967 3112 1055 3200 70
795 3127 994 3248 + 0
846 3155 1520 3384 A
1030 3266 1390 3422 ar
