3532 4320
489 56 812 128 Liebele
315 37 1431 165 5. box 10/5
2261 -36 2719 21 bogirich eatui e 0
2266 2 3000 52 zu rühmen ist. Der junge Lebemann, der
2262 38 3006 97 Wiener Jeunesse dorée-,Fritz“, der neben
2266 67 2998 131 seinem richtigen „Egmont und Clärchen“¬
2261 119 2996 162 Verhältniß zu der Musikers=Tochter „Chri¬
2269 154 2999 203 stine“ noch eine viel höher, d. h. viel ge¬
2269 181 3007 238 fährlicher geartete Liaison mit einer Dame
2269 232 2997 277 der Gesellschaft unterhält, wird von dem
2259 260 2996 317 Gatten derselben entdeckt und gefordert.
2262 292 2999 341 Damit endet der erste Akt. Im zweiten
2269 321 3003 391 nimmt er dann von „Christine“. Abschied,
2264 378 3006 426 ohne daß diese natürlich weiß, um was es
2266 409 2991 461 sich handelt. Zwischen dem zweiten und
2266 445 2994 497 dritten Akt findet das Duell statt. „Fritz¬
2264 469 3007 540 fällt, und im dritten Akt sehen wir, wie
2273 525 2996 576 dieselbe Kugel, welche sein Herz durch¬
2274 548 2998 619 bohrt nicht minder dasjenige „Christinens“
2271 584 3007 656 getroffen und mit diesem die nämliche
2276 635 2740 691 tabula rasa gemacht hat.
2301 659 2999 727 Das ist eigentlich Alles. Aber Alles da¬
2266 700 3011 767 von, mit dem gegenstücklichen „Liebelei“=
2266 735 3010 801 Paar „Theodor“ und „Mizi“ dem alten
2266 770 3004 839 Vater Christinens, „Hans Weirich“ und
2260 817 3006 875 der Nachbarin, „Katharine Binder“ ist so
2260 844 3004 921 fesselnd und mit so spiegelbildlicher Lebens¬
2278 889 2999 954 treue dargelegt, daß man nicht weiß: ob
2281 919 3013 984 das sichere Auge, mit dem es gesehen, oder
2263 972 3005 1022 die sichere Hand, mit der es wiedergegeben,
2266 1019 3007 1070 mehr zu bewundern ist. In der frischen,
2275 1050 2999 1096 bis zum Schneidenden frischen Wirklichkeits¬
2273 1084 2993 1138 und Wahrhaftigkeits=Atmosphäre, die diese
2274 1116 3001 1178 drei Akte durchweht, spüren wir denselben
2268 1160 3001 1218 Hauch, der dem ersten Akt der „Gebildeten
2278 1196 3000 1254 Menschen“ von Leon und der ganzen ersten
2281 1236 3000 1287 Hälfte von Wollzogen's „Lumpengesindel“
2268 1275 3004 1323 den besten und verdientesten Theil jener
2275 1310 3008 1368 Wirkung eingetragen, welche diese Stücke
2272 1352 3006 1396 diesen Winter auch im „Irving Place Thea¬
2268 1394 3003 1436 ter“ zu verzeichnen gehabt. Aber die
2282 1421 3000 1483 Schnitzler'sche Arbeit hat vor jenen beiden
2272 1461 2995 1524 den Vorzug voraus, daß der Verfasser in
2268 1489 3012 1549 ihr dem einschneidenden Ernst und jenem
2274 1539 3009 1584 Unheils=Lauern, das die wahrste und un¬
2270 1567 3006 1628 entrinnbarste Unterströmung alles Lebens
2282 1616 2991 1671 bildet, die Bahn bis zum Schluß breit offen
2278 1649 3006 1709 und frei gehalten. Er hat es nicht, gleich
2274 1687 3006 1739 den andern beiden Stückeschreibern, über
2269 1720 2996 1788 sich vermocht, nur um im letzten Akt schnell
2276 1763 2991 1811 noch einen Gallerie=Erfolg herauszuschlagen
2280 1800 3004 1851 das Publikum mit allerlei Clown=Grimas¬
2282 1838 3011 1893 sen heimzuschicken. Dafür ist es bei ihm
2922 1874 3013 1919 und
2273 1875 2868 1940 Etwas, wie das Schicksal selbst,
2274 1914 3020 1972 wieder meint man „Clärchen's“: „Weißt
2282 1954 3029 2014 Du, wo meine Heimath ist?“ zu hören! —
2275 1992 3043 2040 das uns über der entschwindenden Gestalt
2273 2027 3023 2076 der „Christine“ von der verödeten Bühne
2284 2049 3039 2138 beim letzten Fallen des Vorhangs entgegen
2271 2110 2411 2169 starrt.
2326 2124 3037 2199 Wie bei der Ibsen'schen Frauengestalt
2279 2177 3017 2229 liegt auch bei der Heldin des Schnitzleri¬
2286 2208 3028 2265 schen Stückes der Erfolg hauptsächlich in
2289 2248 3023 2306 einer fein detaillirten Ausmalung des in¬
2875 2286 3015 2333 „Nora“
2296 2287 2851 2333 neren Seelenlebens. Wie ihre
2887 2322 3021 2377 neu le¬
2305 2324 2812 2379 scheint auch Frau Sorma's „C
2315 2359 2721 2412 iglich von Stimmungen
2928 2387 3032 2441 rend
2295 2398 2716 2448 spricht und handelt schei
2950 2431 3023 2480 hne
2301 2432 2708 2481 unter dem Eindruck des
2960 2466 3011 2508 ak¬
2288 2471 2705 2521 daß indessen das feste G
2313 2503 2706 2558 ers darunter Einbuße
2957 2535 3030 2582 re¬
2278 2533 2772 2586 sie in jeder Geberde, in ihrer
2904 2565 3032 2624 viel¬
2295 2579 2868 2622 chen, von einer Natürlichkeit, wie
2285 2616 3023 2661 leicht außer der Duse keine zweite Schau¬
2285 2642 3010 2695 spielerin besitzt. Und hier mag noch etwas
2275 2683 3006 2723 erwähnt werden, worin sich die deutsche
2281 2712 3025 2771 Künstlerin von ihrer italienischen Rivalin
2276 2749 3035 2806 unterscheidet. Wer die Duse gesehen hat,
2272 2791 3008 2835 weiß, wie ihre körperliche Kraft oft er¬
2271 2826 3016 2884 lahmt, wie sie sich oft schonen muß, uund
2276 2860 3017 2908 erst zum Schluß einen Klimax herausar¬
2276 2906 3021 2952 beitet, der dann allerdings überwältigend
2375 2941 3023 2988 Agnes Sorma's Leistung dagegen ist
2277 2968 3031 3025 stets eine durchaus gesunde, sie erzielt al¬
2282 3007 3024 3056 lerdings keine so plötzlichen Steigerungen
2281 3051 3027 3100 wie die Italienerin, aber nur deshalb,
2280 3073 2983 3137 weil sie dieselben intensiver vorbereitet.
2327 3102 3021 3161 Es fehlt uns heute an Raum, um auf
2283 3153 3015 3199 die weitere Darstellung, die eine Glanz¬
2279 3186 3019 3240 leistung des Conried'schen Ensembles war,
2275 3210 3011 3274 näher einzugehen, wir werden im Sonn¬
2285 3260 3019 3310 tagsblatt noch darauf zurückkommen. Er¬
2280 3293 3037 3351 wähnt mag für heute nur werden daß Herr
2285 3316 3028 3376 Link als Hans Meiring, Anna Braga als
2276 3371 3025 3416 Mizi Schlager, Hubert Reusch als Fritz
2283 3399 3025 3459 Lobheimer und Julius Strobl als Theo¬
2275 3439 3027 3474 dor Kaiser jeder reichlich sein Theil zu dem
2282 3472 3016 3524 Erfolge des Abends beitrug, einem Erfolge,
2272 3510 3035 3570 dee sich in stürmischen Hervorrufen nach
2261 3528 2742 3610 jedem Aktschluß kundgab.
2313 3592 3029 3672 Wer die „Nora“ der Frau Agnes
2275 3649 3027 3701 Sorma gesehen, begreift, warum die
2281 3682 3014 3742 große Berliner Schauspielerin mit beiden
2272 3717 3036 3791 Händen nach der Rolle der „Christine“ ge¬
2272 3764 2445 3817 griffen.
