3436 4224
481 148 885 217 Liebelei
315 151 916 248 5. S
1015 150 1438 236 box 12/1
2000 72 3102 150 IL Berlinek Opern-Saison ist bisher an bedeutenden
2001 140 3095 197 Premieren nicht reich gewesen. Wenn nicht die Nönigt.
2011 178 3094 236 Ober noch eine Auffühirung von Z. Aumperdrncks
1886 222 3098 264 Königskinder“ gebracht häfte, dann wäre überhaupt wenig
1867 259 3087 322 Erfreuliches zu berichten. Humperdincks Märchenoper hatte
1873 296 3087 354 einen großen äußeren Erfolg. Man freute sich, daß im Re¬
1873 337 3084 391 pertoire dieser Bühne wieder einmal ein deutscher Name auf¬
1866 375 3088 413 tauchte, und daß das Werk des überall geschätzten Kom¬
1878 405 3094 469 ponisten von „Hänsel und Gretel“ am Königl. Theater in
1874 455 3074 495 Szeue gehen konnte. Die Aufführung mit Artét de Padilla
1876 483 3084 560 und Herrn Kirchhof in den Hauptrollen war glänzend.
1873 521 3080 590 Man konnte an der Inszenierung seine Freude haben, wenn
1874 566 3080 615 auch die Schwierigkeiten, die das Märchen mit seinen Gänsen
1872 601 3082 661 und Tauben und mit der wunderkräftigen Lilie bietet, nicht
1868 645 3079 706 immer, glücklich gelöst waren. Humperdinck hat mit der
1870 677 3092 746 Oper auf eine ältere Partitur zurückgegriffen. Er übernahm
1867 723 3088 755 viele Stücke aus der melodramatischen Musik, die er zu Kos¬
1870 764 3093 809 mers Dichtung schon vor mehreren Jahren geschrieben hatte.
1871 799 3096 861 Nur der Dialog wurde durchkomponiert und der erste und
1866 845 3087 893 zweite Akt an mehreren Stellen umgearbeitet. Auch das
1857 883 3094 920 Ersetzen der melodramatischen Partien durch geschlossene
1865 916 3091 960 musikalische Formen ist dem Werk zustatten gekommen. Der
1861 956 3085 1014 Erfolg einer Märchenoper beruht auf der musikalischen Kraft
1855 1005 3081 1048 dles Komponisten. Der Text kommt bei dieser Operngattung
1865 1038 3085 1093 erst in zweiter Reihe in Frage. Und so konnte man auch über
1860 1078 3081 1120 die Dichtung Rosmers hinwegsehen, die poetisch schwach und
1859 1105 3085 1159 dramatisch etwas ungeschickt entworfen ist. Humperdincks
1868 1151 3082 1215 Musik ist technisch geradezu glänzend geschrieben. Sein
1858 1192 3078 1245 Orchester klingt wundervoll, die leitmotivischen Gedanken
1870 1233 3081 1296 sind fein verwertet und melodisch birgt die Oper ganz ent¬
1864 1267 3089 1329 zückende Stellen. Ich nenne da das Liebesduett und das
1864 1316 3089 1366 Gebet im ersten Akt, im zweiten den, „Ringelreihen“ und im
1862 1346 3077 1396 Schluß das Duett der Königskinder. Die reizvollen Kinder¬
1864 1391 3092 1450 liedehen und die meisterlich gearbeiteten geschlossenen Gesänge¬
1852 1429 3092 1468 machen auf den Musiker einen so großen Eindruck, daß man
1854 1470 3083 1530 dlie Schwächen und Längen der Musik im ersten und dritten
1866 1508 3090 1545 Akt willig mit in den Kauf nimmt. Hauptstücke der Oper
1869 1549 3084 1605 sind auch die Orchestervorspiele, Stimmungsbilder von tief¬
1859 1591 3088 1657 gehender Wirkungskraft. Die Oper wird im Repertoire wohl
1857 1621 2243 1685 heimisch werden.
1924 1686 3091 1748 Die weiteren Novitäten, über die noch zu berichten wäre,
1880 1740 3101 1782 brachte die Komische Oper heraus. Diese Bühne ist auf neue
1893 1775 3102 1816 Werke angewiesen, denn „Tiefland“ und „Hoffmanns Er¬
1876 1804 3084 1855 zählungen“ sind schon zu oft gespielt worden und neben „Tosca“
1879 1855 3103 1901 und der neueinstudierten „Bohème“ Puccinis gibt es nicht
1884 1889 3043 1949 allzuviel Stücke, die den Spielplan bereichern könnten. I
1890 1922 3101 1982 rektor Gregor begann daher die Saison mit dem „Abbé Mouret“.
1897 1972 3109 2018 von Dr. Mar v. Oberleithner. Die Einstudierung dieser Oper.
1894 2010 3108 2057 war ein böser Fehlgriff. Das Buch, das Adalbert v. Goldschmidt.
1887 2038 3104 2098 aus Zolas Roman „Die Sünde des Priesters“ zusammengestellt
1886 2083 3114 2153 hat, ist kaum mehr als ein unmotiviertes Aneinanderflicken“
1890 2116 3110 2192 dramatischer Begebenheiten. Ein mit Trivialitäten durch¬
1899 2162 3109 2213 setzter Text, der die Geschichte von dem Geistlichen, der
1884 2200 3101 2246 durch die Liebe zur Sünde getrieben wird, sehr dürftig nach¬
1894 2237 3102 2288 erzählt. Um die Musik steht’s bei der Oper noch schlimmer.
1890 2272 3117 2338 Bekannte Phrasen und Theinen, die an Wagner erinnern,
1896 2317 3107 2372 schleppen sich mühsam durch das Werk. Ein Hin- und Her¬
1891 2362 3121 2416 musizieren ohne feste Grundlagen und ohne eine Spur von
1888 2396 3118 2456 Originalität. Am schlimmsten klingen die langen Orchester¬
1893 2434 3121 2494 zwischenspiele, in denen Oberleithner ohne Ziel und Kraft
2286 2470 3123 2521 Nicht viel besser war der Eindruck, den
1885 2488 2288 2541 kontrapunktiert. —
1888 2503 3129 2574 Selmitzlers „Liebelei“ mit der Musik von Franz Neumann
1897 2551 3126 2614 machte. Das Experiment, den bekannten Dreiakter Schnitz¬
1900 2589 3116 2641 lers ohne Aenderungen durchzukomponieren, ist völlig miß¬
1901 2651 3112 2687 lungen. Neumanns Musik wurde eine Iilustration, ein end¬
1904 2681 3127 2729 loses Rezitativ, das auf die Dauer beinahe peinlich wirkt.
1900 2726 3128 2765 Ein verwässerter Puccini. Die wenigen Partien, in denen die
1899 2762 3113 2806 Musik einen größeren Anlauf nimmt, klingen einfach trostlos.
1893 2795 3131 2847 Die Aufführung war aber gut vorbereitet und rettete noch
1905 2830 3125 2882 das Wenige, was die Musik nicht verderben konnte. Maria
1908 2874 3123 2923 Zabta schuf als Christine eine sehr wirksame Bühnenfigur
1901 2910 3132 2972 und die übrigen Darsteller fügten sich gut in den Rahmen
1898 2955 2248 3011 der Aufführung.
1937 2994 3126 3039 Die dritte Premniere der Komischen Oper „Das vergessene
1905 3027 3140 3100 Ich“ von Waldemar Wendland hatte bei weitem den größten
1902 3069 3139 3124 Erfolg. Zu der hübschen Geschichte von Richard Schott, die
1909 3124 3130 3155 von dem Bildschnitzer Rümelin erzählt, der sich einreden läßt,
1906 3151 3135 3200 er sei der Komponist Schmitz und der dann in dieser Rolle
1913 3183 3131 3236 allerlei Dummheiten macht, zu dieser lustigen Idee hat Wend¬
1902 3234 3136 3275 land eine ansprechende melodiöse Musik geschrieben. Seine
1902 3263 3139 3323 Instrumentation bringt manche humoristische Wendung und
1912 3300 3137 3355 seine Musik trifft den liedmäßigen Ton ebensogut wie die
1905 3348 3135 3395 launigen Weisen. Nur klingt seine Tonsprache nicht immer
1908 3382 3131 3438 sehr gewählt. Operettenmusik wechselt mitunter mit ver¬
1910 3432 3140 3472 brauchten Gemeinplätzen. Aber trotzdem zeigt sich in der
1915 3457 3128 3523 Oper doch ein Talent. Und das söhnt mit vielem aus, was
1910 3504 3133 3556 der Musiker an der Partitur auszusetzen hat. Ganz famos
1912 3551 3132 3594 spielte Ludwig Mantler. Sein Rümelin war ein köstlicher
1916 3585 3134 3629 alter Herr, dessen Vergeßlichkeit man schon verstehen konnte.
1913 3629 3138 3671 Diese Oper hat sich bis jetzt auf dem Spielplan der Komischen
1917 3655 3125 3716 Oper gehalten. Aber auch diese Bühne wird bald der Operette
1918 3708 3136 3753 weichen, und wenn sich die Angaben über ein neues Opern¬
1910 3742 3133 3784 unternehmen nicht erfüllen sollten, dann ist Berlin um ein
1917 3775 3140 3826 Opernhaus ärmer. Die Oper „Liebelei“ ist übrigens die letzte
1921 3811 3127 3869 gewesen, die Direktor Gregor in seiner Berliner Stellung in
2589 3854 3100 3912 Dr. Georg Schünemann.
1911 3860 2311 3927 Szene gesetzt hat.
