3436 4256
272 162 708 257 Liebelei
305 161 1274 276 . box 13/1
451 817 710 903 Nr. 23081
1075 822 1439 904 Wien, Montag
591 930 1429 987 Theater= und Kunstnachrichten.
526 964 1614 1044 (Vorstellung der Akademie für darstellende Kunst.)
421 1034 1608 1084 Unter Regie und Leitung Professors Rudolf Beer führten
426 1075 1596 1126 dessen Schüler im Akademictheater Schnitzlers bedauerlicher¬
421 1112 1601 1176 weise schon so lange nicht vernommenes Schauspiel „Liehelei“
426 1154 1601 1217 auf. Vor mehr als einem Menschenalter hat man der Premiere
419 1210 1595 1259 dieses noch immer in den zartesten, tiefen Farben schimmernden
436 1241 1592 1286 Schauspieles beigewohnt. Damals gab Sonnenthal den Hans
429 1282 1604 1342 Weiring, Mitterwurzer gab den fremden Herrn, der Tod selbst
422 1329 1594 1371 schien mit ihm über die Schwelle zu treten. Mehr als ein
432 1363 1598 1426 Menschenalter ... und doch sind diese Farben noch nicht verblaßt,
421 1411 1596 1459 noch wirkt dieses Stück trotz aller geänderten Zeit= und Gesell¬
432 1452 1595 1501 schaftsverhältnisse, weil es so einfach menschlich ist. Ja, es ist
426 1485 1603 1534 von genialer Einfachheit, wie ein Volkslied, und darum, weil es
432 1536 1595 1579 so entfernt ist von allem geklügelt Verstandesmäßigen, greift es
434 1580 1604 1616 in unser Gemüt. Und vielleicht auch darum, weil ein solcher
429 1614 1598 1666 Zauber der Jugend darüber gebreitet ist, der zeitlosen Jugend,
1599 1629 1734 1713 dram
425 1665 1598 1712 und Christine und Mizzi, Fritz und Theodor werden trotz aller
423 1698 1588 1762 gewechselten Moden doch immer gültige Typen sein; die Jugend
1603 1703 1728 1801 920
422 1750 1592 1794 selbst spricht, scherzt, träumt und plaudert aus ihnen. Der Reiz
423 1788 1599 1834 dieses Abends war, daß dieses junge Stück diesmal von jungen,
1600 1789 1728 1850 der
420 1833 1593 1877 begabten Darstellern gegeben wurde. Aus der naiven Ursprünglich¬
1608 1837 1731 1896 im z
421 1873 1592 1927 keit ihres Spieles erkannte man, wie sehr dieses Werk auch mit
1592 1880 1731 1948 gebre
430 1914 1593 1962 der neuen, wienerischen Jugend doch im Innersten verbunden
1595 1923 1722 1994 aufre
430 1958 1587 2014 ist. Begabte Jugend stellt es, wie wir sagten, dar; Franz Böhm
1604 1969 1735 2028 elem
425 1994 1586 2049 als Hans Weiring zeigt bereits Züge eines werdenden Charak¬
1598 2012 1720 2072 habe
426 2040 1582 2093 teristikers, Maria Schnorpfeil als Christine ergreift durch
1596 2059 1727 2119 Schi
425 2078 1596 2135 unmittelbare Innigkeit, Trude Hanke und Johanna Kurz
1598 2106 1729 2170 auffe
422 2124 1583 2170 haben den wienerisch reschen und spitzen, Rudolf Sommer und
1608 2159 1732 2210 ganz
429 2160 1605 2207 Franz Stoß den eleganteren Ton der Wiener Gesellschaft von
1605 2196 1726 2252 näch
419 2217 1592 2263 ehedem und wohl auch noch von heute. Edmund Schell¬
1606 2242 1724 2298 ange!
433 2250 1594 2296 hammer ist ein fremder Herr noch ohne Dämonie, aber von
1603 2275 1741 2340 hat i
423 2288 1596 2334 scharfer Konversationsführung. Der Beifall, der den jugendlichen
435 2335 1586 2386 Adepten zuteil ward, galt nicht zuletzt ihrer temperamentvollen,
1595 2330 1728 2392 Per
1400 2375 1556 2437 E w.
430 2373 1071 2431 frischen und kunstsicheren Führung.
1607 2383 1739 2434 manr
1606 2417 1743 2476 O
500 2428 1597 2491 Wegen Beginnes der Weihnachtsferien an der Miener IIni-
1600 2608 1781 2679 auf D
1621 2671 1771 2726 eben
493 2673 555 2756 *
569 2684 1781 2759 (Schauspielvorstellung der Akademie.) den 2
410 2737 1617 2801 Schnitzlers „Liebelei“ wurde gespielt, dieses Meisterwerk
1622 2760 1787 2820 daß d
402 2783 1615 2849 eines Dichters, der auch ein genialer Theatertechniker ist. Je
1625 2807 1782 2869 eine 1
400 2828 1616 2893 öfter man diese kleine Tragödie aller Menschlichkeiten sieht,
1629 2854 1783 2907 so un
412 2879 1617 2942 hinter deren Daseinsausschnitt das Leben sperrangelweit
1632 2899 1785 2954 leuchte
409 2919 1610 2989 seine Tore aufreißt, desto mehr greift sie ans Herz, desto deut¬
1635 2945 1792 3018 Unsch:
399 2965 1621 3024 licher empfindet man den Ewigkeitswert, der darinnen steckt.
403 3005 1627 3067 Es ist gerade für werdende Schauspieler nicht einfach, diese fast
400 3052 1632 3133 saloppe Leichtigkeit des Stiles zu finden, der sonst nur Sache
1665 3076 1775 3156 Te
396 3101 1637 3167 des Routiniers ist, dieses merkwüdige Schnitzlersche Parlando,
401 3143 1632 3217 über dem das Schicksal lastet. Die Klasse Beer hat sich im
408 3191 1784 3257 allgemeinen sehr brav aus der Affäre gezogen. Man fühlte Inns!
403 3234 1769 3305 überall die für Beer ungemein charakteristische Kleinarbeit, die mit 1
410 3288 1741 3344 Freude am sauberen, wirksamen Detail, wenn auch geistige Zu= seit
407 3348 1776 3400 sammenhänge oft zu lose scheinen. Das stärkste Talent ist Stude
402 3388 1777 3441 zweifellos Maria Schnorrpfeil, deren liebe, tragisch Vater
404 3409 1766 3487 timbrierte Innigkeit modern erfaßt ist, ökonomisch in den erkan
413 3482 1772 3538 Mitteln und doch schicksalhaft vom ersten Augenblick an. Sie hat, n
415 3521 1617 3574 wird ihren Weg machen. Auch Trude Hanke (Schlager=Mitzi)
1622 3515 1777 3591 spruck
403 3562 1612 3619 ist eine frische Begabung, an der man die Beersche Führung
1637 3572 1783 3631 Die a
407 3609 1610 3685 spürt: lebensvoll, schmissig und herzenswarm. Johanna Kurz
1631 3620 1785 3676 elemer
417 3652 1611 3713 bodenständig in der g’schnappigen Diktion der Frau Binder.
1624 3667 1773 3719 haben
414 3696 1622 3763 Unter den Männern war Franz Böhm als alter Musikus die
1630 3712 1769 3773 Schul
410 3744 1616 3805 beste Figur, von leisem poetischem Schimmer überglänzt;
1628 3757 1767 3818 spruck
407 3797 1541 3855 Franz Stoß nur in den komischen Momenten wesensecht.
1627 3807 1767 3863 seiner
1429 3832 1598 3917 H. T.
1605 3854 1777 3920 von 1
783 3852 1083 3956 77—
1617 3888 1777 3956 und i
1632 3946 1776 4005 klemn
594 3940 1460 4036 Wiener Radioprogramm.
1644 3994 1781 4044 Kan (7
2721 1471 2989 1637 7. M
2237 1499 2732 1684 au (üfat,
2008 1503 2242 1700 9.3
2947 1611 3029 1688 —7
2816 1672 3096 1810 118.
1988 1774 2772 1877 Kleine Theate. E.9.
1943 1874 2834 1952 Ralph Arthur Roberts spielt in Paris
1991 1921 2829 2002 Ralph Arthur Noberts wurde soeben ein¬
1932 1976 2819 2024 geladen, im Nationaltheater del Odeon in
1942 2011 2824 2073 Paris in „Liebelei“ (Amourette) von Arthur
1941 2052 2832 2099 Schnitzler als Müsiker Weiring in französischer
1937 2096 2835 2152 Sprache zu gastieren. Vöraussichtlich wird auch
1948 2127 2828 2180 die weibliche Hauptrolle der Chiristine von
1943 2164 2814 2230 einer prominenten deutschen Schauspielerin in
1939 2191 2832 2268 französischer Sprache gespielt werden. Die
1939 2238 2563 2286 Uebertragung des Werkes ist
2746 2246 2822 2296 H.
2561 2250 2663 2300 von
1939 2286 2822 2332 Lonormand, für die Inszenierung wurde von
1956 2315 2826 2379 Direktor Gennier Robert Blumverpflichtet.
2032 2356 2826 2404 chzeitig wurde Roberts aufgeforbert, als
1957 2404 2823 2450 „Maske“ in Sternheims „Die Hose“ ebenfalls
1938 2433 2815 2496 in französischer Sprache in Paris zu gastieren.
1935 2464 2817 2532 Da Roberts Tätigkeit als Direktor und Dar¬
1928 2505 2816 2556 steller durch das Gastspiel des Lustspielhaus¬
1928 2539 2828 2601 Ensembles im Theater in der Behrenstraße von
1936 2582 2822 2638 Weihnachten ab für einige Wochen unter¬
1932 2616 2843 2701 brochen wird, wird Roberts der Einladung
1936 2660 2406 2732 Genniers Folge leisten.
