3484 4256
372 143 783 209 Liebelei
243 128 1361 249 ack, box 13/8
2887 897 3230 979 a
2541 907 2866 985 SssRe
3048 962 3425 1014 von Anfang bis zu
2135 955 3059 1018 1 im Eisenbahnkoupee gegenübersitzt, der seine Beine,
1295 982 2140 1033 Adolar brütete, während ich sprach, sichtlich
3062 1003 3419 1058 Rein Wort anders
280 995 1217 1075 Verrohungen in der Dramatik.
2153 1013 3059 1061 nicht ruhig halten kann. Jetzt hat er den Nachbar
1221 1021 2140 1073 befriedigt über den Krokodikeiern und warf nur die
3054 1033 3424 1091 wird. In Kissingen
2136 1043 3057 1118 zur Linken getreten — etzt den Nachbar zur Rech¬
1226 1054 2142 1113 Vemerkung in meine Auseinandersetzungen, daß der
374 1044 1217 1113 Adolar Wallerstein, mein lieber Freund und
3060 1074 3416 1128 von modernen Min
2147 1082 3060 1138 ten — nu wird doch auc bald der Tritt gegen un¬
1217 1094 2141 1162 Ichnenmon in der Gefangenschaft übel rieche. Ein
282 1098 1216 1153 Studiengenosse, schreibt Kritiken. Er heißt eigent¬
3064 1111 3415 1166 herumlaufen sehen
2910 1113 3069 1171 — wenn
2146 1117 2884 1177 sere Hosenbeine komnen. Man sitzt
1222 1140 2133 1186 Urtheil, das ich wieder nicht nachprüfen konnte, da
282 1135 1220 1207 lich nicht Wallerstein, auch nicht Adolar; das macht
3065 1148 3416 1204 sagen: Erster Akt
2141 1162 3057 1218 lich so sagen darf — mt erwartungsvollen Schien¬
1220 1174 2131 1226 ich nie auf den Einfall gekommen war, mir einen
288 1178 1222 1228 nichts. Er heißt — nach dem Taufbuch von
3067 1184 3411 1237 Akt — Wurst, Bro
2146 1185 3067 1243 beinen da. Was dann geschieht, pflegt Sache des
1230 1205 2143 1264 Ichneumon in die Wohnung zu nehmen. Nicht nur
297 1206 1229 1268 Sprendlingen — Taddäus Wadenklee. Von diesem
3069 1222 3404 1277 Schnaps; vierter ?
2152 1228 3063 1291 Temperaments zu sein Einige treten wieder.
1236 1243 2147 1300 wegen der Schwierigkeit der Verpflegung, sondern
300 1248 1224 1304 Namen aber macht er schon seit Jahren keinen Ge¬
3069 1257 3420 1320 die seine Stelle ver
2147 1259 3063 1312 Einige steigen an der nächsten Station um. An¬
1229 1283 2140 1342 weil ich überhaupt unter allen Sängethieren nur
295 1282 1220 1346 brauch mehr. Na schließlich, Wadentlee heißt tein
3069 1299 3383 1347 ster Akt — Gift.
2150 1300 3053 1367 dere putzen ruhig das Hosenbein ab und lesen wei¬
1921 1313 2138 1368 das Pferd
1881 1314 1938 1363 5.
1235 1332 1892 1383 den Hund — seit meiner Kindheit =
290 1327 1049 1401 Mensch gern, wenn sich's vermeiden läßt.
3069 1335 3418 1389 die Wirkung auf d
2149 1338 3057 1413 ter in ihrem Engelhorn. Wie gesagt, es ist Tem¬
1287 1360 2143 1412 seit Einführung der übelriechenden Automobile
384 1345 1214 1416 Wie gesagt, Adolar schreibt Kritiken. Ich
3062 1363 3419 1427 weder man hat vo
2146 1384 2460 1451 peramentssache.
1213 1400 2143 1452 1.— und zu Zeiten die besieren Exemplare des homo
297 1394 1222 1451 kenne eine einunddreißigjährige Jungfrau, die be¬
3072 1406 3416 1462 satt in seinem Par
2233 1399 3065 1469 Und zudem, ich fühle mich schuldig. Auch ich
1224 1430 1541 1508 sapiens schätze.
301 1450 1220 1490 hauptet: sie seien äußerst anregend, und sie be¬
3068 1446 3420 1498 Augen sich abspiel
2152 1451 3066 1497 halte hier und da einem der braven Männer, die
302 1473 1226 1528 griffe nicht, daß Adolar noch keine Dramaturgie
3076 1485 3413 1537 haoen und Ueberd
1316 1465 2138 1537 Dann schwiegen wir. Ich überlegte mir, ob
2148 1485 3064 1561 mit „Dramatischem“ kandeln, wie andere brabe
288 1517 1231 1560 geschrieben, die endlich den verirrten Schafen im
3072 1519 3403 1573 gessen, so fangen.
1232 1514 2150 1575 Adolar thatsächlich nur gekommen war, um mich
2153 1521 3066 1572 Männer mit Holländer Käse oder täglich frischen
296 1548 1222 1608 deutschen Dichterwalde den Weg zeige nach den
3063 1557 3399 1619 das Hungergefühl
1227 1555 2148 1605 damit zu unterhalten, daß der Ichnenmon übel
2160 1558 3066 1619 Trinkeiern, den Titel „Herr“ gegeben, eine An¬
307 1597 927 1647 ewig grünen Wiesen am Helikon.
3066 1588 3412 1648 habe einen Freund
1238 1592 2149 1648 rieche und einen merkwürdigen Haarpinsel am
2157 1591 3078 1656 rede, in der Sudermani den entsetzlichen Hohn ent¬
391 1617 1221 1676 Diese Jungfrau aber ist mir nicht maßgebend,
3076 1634 3411 1681 hat: er hat noch
1240 1624 2146 1694 Schwanze habe. Es schien mir nicht wahrscheinlich.
2158 1635 3072 1687 menschter Henkersknechte heraushört; auch ich hatten
302 1661 1226 1716 denn Adolar trinkt jeden Dienstag Thee bei ihr und
1323 1668 1724 1730 Richtig, er lenkte ab.
2156 1667 3407 1724 dem Einen oder dem Anderen, der jede Gelegenheit“ den letzten Akt ges
3072 1709 3415 1761 im dritten Akt ha
295 1692 1232 1768 bespricht sich dort über Theosophie und Seelenwan¬
1323 1693 2155 1763 „Du weißt vermuthlich, daß der Ichneumon
2160 1707 3073 1767 benutzt, um mit seinen Tantiemen zu protzen und
300 1735 1227 1792 derung. Es ist auch bekannt, daß die besorgte
3082 1742 3415 1794 einen solchen Apf
1240 1741 2154 1803 einer jener Zehengänger ist, der seine Krallen
2155 1739 3079 1806 der die Muse vergewaltigt, sobald er im Jen das
300 1775 1222 1821 Jungfrau noch nicht ganz der schwärmerischen
3079 1781 3310 1849 zum Abende
1244 1786 1689 1856 nicht zurückziehen kann?“
2162 1782 3078 1853 Seinige verloren, den Oelkranz versagt; auch ich
2046 1810 2145 1863 ein.
312 1813 1234 1871 Hoffnung entsagt hat, daß der Seelenbund, der sie
3160 1821 3247 1876 1D
1319 1815 2058 1870 Jetzt, da er's sagte, fiel's mir wieder
2172 1815 3083 1878 hatte aus Liebe zu den Großen, und Achtung für
297 1851 1226 1911 mit Adolar verbindet, sich zu legitimer Form ver¬
1237 1847 2146 1914 Aber ich hatte lange nicht an die Beine eines Ich¬
2163 1850 3092 1914 die Ehrlichen den kleinen Machern zuweilen auf ihre
298 1894 1228 1953 dichte. Also wie gesagt: sie erscheint nicht unpar¬
3078 1877 3218 1944 befrem
1241 1904 1576 1967 neumons gedacht.
2159 1889 3083 1954 flinken haarigen Händchen geklopft, wenn sie an¬
323 1936 1068 1984 teiisch in ihrem enthusiastischen Urtheil.
1326 1904 2159 1995 „Das ist eine gefährliche Sache“, nickte Ado¬
3095 1934 3208 1979 heiten
2172 1941 3080 1995 fangen zu zaubern: Ich nehme also hier einen
396 1946 1226 2014 Dasselbe wäre im umgekehrten Sinne von
3085 1967 3203 2018 Berli
1237 1964 2153 2026 lar, „Krallen haben und sie nicht zurückziehen
2163 1971 3088 2029 Lappen, in den sich schon drei Generationen ge¬
3089 2012 3177 2053 Und
3213 2004 3281 2056 Vom
294 2005 1231 2053 Feodor Pönzel zu sagen, der mit blassem Lächeln
1238 2020 1407 2077 können.“
2160 2011 3072 2081 schnenzt haben, geflict und schmutzig, wie Sie
3092 2045 3179 2089 Trie
301 2044 1228 2095 die Kritiken Adolars als traurige Symptome ern¬
1327 2021 2159 2101 Ich dachte über den Fall nach und kam ohne
2172 2044 3080 2110 sehen, meine Herrschaften — und ich sage hocus
308 2086 1227 2129 ster Gehirnkrankheiten bezeichnet, seit Adolar ein
3077 2082 3177 2145 schri
1246 2078 2157 2138 Schwierigkeit zu dem Resultat, daß es in der That
2199 2084 3089 2135 — pocus — dialocus — und Sie werden sofort
304 2119 1230 2165 äußerst blutiges Sarazenen=Drama von ihm eiwas
1232 2114 2164 2183 angenehmer sein müsse, die Krallen nach Wunsch zu
2166 2120 3083 2174 ein wundervolles Kunstwerk— Gold und Elfens
3090 2150 3176 2201 bei“
303 2151 1221 2212 dunkel aber heftig einen „ungekochten Heidenkohl“
1239 2165 1701 2229 zeigen und zu verstecken.
2173 2158 3090 2218 bein — aus dem Lappen kommen sehen — und
3087 2193 3178 2238 rätl
303 2188 955 2258 nannte. Auch er ist nicht gerecht.
1326 2180 2153 2260 Adolar ließ nicht locker mit seinem Ichneumon.
2164 2190 3070 2270 Alles ohne Präparation, ohne doppelten Boden..
380 2217 1239 2287 Ich selbst lese Adolars kritische Erzeugnisse
3096 2233 3178 2281 The
1332 2219 2162 2289 „Wenn aber Einer seine Krallen lange ver¬
2252 2234 3084 2306 „Ich werde dagegen schreiben“, sagte Adola##
301 2269 1235 2320 nie, da ich, durch Jugenderinnerungen mit ihm
1250 2259 2169 2324 bergen konnte und plötzlich fahren sie ihm heraus
2249 2278 2497 2347 „Polemisch?“
309 2307 1136 2357 verkettet, ihm befreundet zu bleiben wünsche,
1253 2298 2169 2376 und nun — nun sieht er ein, daß er sie nicht mehr
2251 2290 3091 2377 „Sachlich. Du weißt, ich habe keinen Grund
3092 2342 3154 2391 so
394 2334 1247 2390 Was nicht hindert, daß mir Adolar dieser
1242 2349 1701 2423 zurückzwingen kann ...“
2169 2348 3075 2417 mich aufzuregen. Meine Kritiken kann er nicht
304 2375 1201 2437 Tage doch sein Glaubensbekenntniß versetzt hat.
1326 2371 2161 2436 Ich merkte, daß er bildlich redete. Besonders
2176 2382 2538 2462 gemeint haben —“
389 2407 1245 2459 Abends so gegen fünf Uhr kam er. Er ging
1242 2410 2174 2477 an Tagen, da er Kritiken zu schreiben hatte, that!
2262 2405 3087 2490 Weil er sie gewiß so wenig gelesen hat, wir
305 2460 1237 2515 gerade zufällig vorbei und sah Licht brennen, sagte
1253 2458 2169 2511 er das gern. Er probirte dann den Eindruck der
2171 2466 2605 2537 ich, dachte ich bei mir
318 2497 512 2563 er; also -
1244 2488 2171 2550 Gleichnisse seiner Prophetensprache mit Vorliebe an
2255 2484 3090 2564 „Deshalb bin ich, so scheint mir, der Bez
403 2509 1238 2575 Zunächst war er erquickend harmlos. Er er¬
1245 2537 2169 2592 Unschuldigen. Aber was er so recht eigentlich dies¬
2178 2539 2351 2608 rufene.“
304 2560 1241 2621 zählte, daß er seit fünf Tagen erst wollene Socken
1256 2561 2169 2629 mal meinte, blieb mir schleierhaft. Ich entschied
3091 2583 3134 2631 1
2261 2554 3093 2648 Aus irgend einem Grunde schien ihm das
317 2603 1246 2657 trage, und daß sie ihn — ein peinliches Zeichen
1259 2609 2167 2665 mich deshalb dafür, mir mit vielsagendem Lächeln
2169 2616 2395 2685 immer so.
313 2638 1249 2690 ihrer Neuheit — an den Sohlen heftig litzelten.
1245 2652 1978 2697 interessevoll meine Nägel zu betrachten.
2267 2639 3097 2698 „Ich werde mich auch nicht zum Vertheidiger
403 2679 1243 2726 Dann verbreitete er sich über den im Zoolo¬
1340 2661 2169 2746 „Das ist der Fall Sudermann“, sagte Adolar
2178 2688 3095 2754 der Kollegen aufwerfen. Ich werde ihm vielmehr
315 2716 1252 2779 gischen Garten heuangekomenen egyptischen Ichnen¬
1256 2705 2170 2774 nach einer Pause, indem er nach seiner Gewohnheit
2184 2732 2770 2787 auf anderem Boden begegnen.“
317 2747 1240 2802 mon, dem er nachrühmte, daß das schwärzliche
1252 2753 2179 2811 die sämmtlichen Gegenstände auf einem Rauchtisch
2270 2738 3144 2826 Adolar machte eine Kunstpause, in der ####d
322 2792 1240 2841 Brann seiner Beine ganz besonders dunkel gefärbt
1245 2793 2182 2845 pedantisch in eine gerade Linie legte und mit den
2179 2792 3103 2864 meine Rauchutensilien zum siebenten oder achten
319 2830 1240 2887 sei, und daß der schwarze Haarpinsel am Schwanz¬
1258 2833 2164 2897 Augen überzählte, als hab' er einem räthselhaften
2174 2835 3103 2889 Male aufmerksam überzählte. Das Resultat schien
315 2861 1250 2919 ende so üppig sei, wie er das nur selten an einem
1259 2869 1911 2942 Diebstahl auf die Spur zu kommen.
2176 2877 3092 2927 nicht von den früheren Ergebnissen abzuweichen.
317 2909 867 2975 Ichneumon wahrgenommen.
1337 2903 2174 2972 Meine Nägel behielten ihr merkwürdiges In¬
2178 2913 3093 2980 Er nickte befriedigt mit dem Kopf und fuhr forte
408 2915 1243 2980 Ich mußte ihm zu meiner Beschämung be¬
1258 2948 2177 3007 teresse für mich. Ich mußte Zeit gewinnen. Su¬
2280 2952 3096 3004 „Ich werde meinen Aufsatz, oder besser, die
1868 2970 2177 3029 Wie war das?
320 2964 1244 3029 kennen, daß ich mich für diesen Vertreter der Mar¬
1257 2994 1878 3031 dermann — ein Ichneumon.?
2192 2982 3100 3053 Serie meiner Artikel nennen: Die Verrohung i
315 3007 1249 3067 derfamilie bisher nur wenig interessirt habe, da ich
1258 3017 2171 3086 Mit den Krokodileiern konnte es doch kaum zu¬
2186 3029 2482 3090 der Dramatik.“
323 3049 1255 3115 mir bei einem kurzen Aufenthalt in Egypten be¬
1270 3060 1723 3125 sammenhängen — oder?
2265 3050 3060 3125 „Ach! Und was wirst Du darin sagen?“
1024 3081 1255 3134 Da aber
324 3096 1007 3141 greiflicherweise keine Hühner hielt.
1347 3080 2179 3165 „Du hast seine Artikel gelesen?“ sorschte
2267 3106 2879 3165 „Viel und sehr Merkwürdiges.“
318 3117 1260 3190 Adolar derartige bescheidene ernsthafte Entgegnun¬
1261 3125 2188 3191 Adolar finster und zählte dazwischen mit leise be¬
2268 3141 2676 3202 „Ich bin überzeugt.“
322 3157 1256 3230 gen leicht krumm nimmt — Kritiker sind immer
2273 3161 3097 3229 „Ich werde zunächst die Erniedrigung berüh¬
1266 3181 2176 3224 wegten Lippen meine kleinen silbernen Zündholz¬
315 3199 1250 3256 leicht verletzt, da sie auf Unfehlbarkeit erzogen sind
2194 3207 3107 3260 ren, zu der die dramatische Kunst bei Wahl der
1252 3204 2179 3272 büchschen und Cigaretienetuis zusammen: „Eins,
398 3240 1248 3285 so kramte ich in meinem Gedächtniß und fand
1259 3255 2143 3310 zwei — drei — Du hast seine — vier — fünf —
2192 3255 3053 3304 Stimmungsmittel gelangt ist. Ein Beispiel:
328 3269 1250 3321 einige Krokodileier. Das heißt: ich fand die Er¬
3112 3282 3236 3328 die un
1272 3289 2128 3352 sechs — Aufsätze über die Verrohung in der ¬
2185 3289 3104 3342 wurde auch im klassischen Drama wohl mal ein
329 3307 1259 3367 innerung aus dem naturwissenschaftlichen Unter¬
3097 3310 3253 3379 Zeit lä
1263 3323 2025 3387 sieben — acht — Theaterkritik verfolgt?“
2191 3326 3101 3380 Becher gereicht. Aber er war dann von Gold und
334 3348 1263 3398 richt, daß der Ichnenmon gern Krokodileier aus¬
3109 3351 3350 3402 die Menschei
2187 3364 3108 3415 man erfuhr, daß er mit edelstem Weine gefüllt
1354 3348 2183 3417 Allerdings, ich hatte. Sogar in jener merk¬
330 3378 1261 3450 lutscht — eine Leidenschaft, die ich nicht tadeln
2187 3392 3381 3450 war. Heute — regiert die Kaffeekanne, der Milch= Neues, nichts
1265 3402 2184 3476 würdigen seelischen Verfassung, in der man sich be¬
325 3408 1277 3482 kann — und ich begann sofort mit dieser Lenntniß
1271 3426 3390 3505 findet, wenn man einem offenbar nervösen Mann! topf, die Zuckerdose. Ich kenne Stücke, in denen! Stück?! Ein j
316 3467 610 3533 zu kolettiren.
