3436 4256
15 3910 72 3973 85
24 4007 94 4061 G
-9 4049 89 4123 riff
25 3295 82 3347 6
22 3341 79 3405 def
0 3426 78 3493 in
962 628 3125 681 Was gestern auf der Leinwand erschien, nahm von dem Kunstwerk des Dichters nicht nur die große
220 547 677 723 15. März 1927.
848 670 2959 733 Handlung, sondern brachte auch die Stimmung, brachte das Wehe und Keusche einer ersten jungen Liebe.
862 725 3039 778 Schnitzlers Meisterwerk ist von Herbert Juttke und Georg C. Klaren taktvoll ins Filmische übersetzt worden.
658 730 745 788 G
865 775 3133 855 Das Pshychologische ist zugunsten des Bildhaften zurückgedrängt, und das ist gut so. Die seelische Handlung
850 828 3062 891 kommt in einfachen klaren Linien heraus... Für die Negie zeichnen J. und L. Fleck verantwortlich
853 867 3051 950 Man muß den Regisseuren das Kompliment machen, daß sie die ungemein diffizile Handlung mit großem
3029 881 3100 941 500
861 925 3052 981 Verständnis für filmische Wirkungen behandelt haben. Sie inszenieren nicht grob auf die Situation, sondern
321 980 471 1040 W
868 977 3094 1026 versuchen, den Stimmungsgehalt bildlich zu erschöpfen. Dabei gibt es ausgezeichnete Regie=Einfälle, so ist
230 980 423 1052 e
348 999 595 1085 e ee
870 1023 3135 1094 die Behandlung des Duells meisterhaft . .. Um es gleich vorweg zu sagen: nach diesem Film ist Evelon Holt
870 1068 3138 1128 eine der Hoffnungen der deutschen Kinematographie... Vivian Gibson ist die mondüne Frau#
3123 1089 3242 1160 N
859 1118 3144 1177 von Welt, sie spielt ihre Salonschlange ohne in die so nahe liegenden Übertreibungen zu verfallen und macht
449 1138 540 1197 R9
865 1170 3133 1212 die Figur menschlich verständlich. Und man sieht mit Vergnügen die natürliche Eleganz ihrer Bewegungen,
241 1229 294 1267 1036
854 1222 3178 1278 man empfindet die Koketterie einer routinierten Großstadtdame, aber auch die Tragik#i# tes Zusammenbruchs
442 1247 499 1307 6
2533 1253 2612 1306 a0
234 1241 422 1315 S
867 1266 1519 1331 kommt wirksam zum Ausdruck
1596 1270 3100 1342 Die Photographie von Eduard Hösch ist gut, Jack Rotmils Bauten#
325 1270 581 1366 AAN
643 1290 790 1346 eheae
865 1313 2644 1379 sind geschmackvol und unaufdringlich. Alles in allem ein ausgezeichneter Film.
369 1318 477 1371 e
3062 1315 3129 1384 □105
2739 1327 2814 1379 1
663 1338 733 1389 1
344 1349 429 1414 100
2903 1347 3120 1415 IASR
266 1355 328 1417 0
431 1350 537 1409 G
1072 1377 1184 1433 E
746 1417 908 1469 RRR
889 1420 3206 1499 Es war gewiß ein Wagnis, Arthur Schnitzlers packendes Schauspiel, zu dessen Hauptvorzügen der
663 1448 732 1492 11
212 1436 911 1535 6. März 1927 lies sg
607 1483 3154 1542 feingeschlissene Dialog gehört, für den Film zu erobern, aber den Manuskriptverfassern Herbert Juttke und
581 1517 745 1577 ee
711 1519 3150 1592 Georg C. Klaren ist „der große Wurf gelungen“; denn sie haben wenigsteus die feine Mileuzeichnung und
482 1425 573 1594 19
572 1550 634 1605 4
621 1552 729 1594 R
224 1555 807 1624 N SUNN DTIAN eenechenue e che 1
860 1575 2789 1637 den starken Stimmungsgehalt der „Liebelei“ auf die flimmernde Leinwand hinübergerettet.
2832 1574 3148 1657 abel das
370 1599 494 1648 eete
222 1616 528 1678 S
861 1612 2808 1684 Hauptverdienst freilich der feinsinnigen Regie J. und L. Flecks gebührt, die in erste Reihe auf Herau
2836 1620 3108 1695 irbeitung
235 1648 364 1708 GE
715 1657 785 1692 RN
403 1653 472 1700 0
325 1660 467 1722 T
861 1672 2867 1726 des Gegenständlichen und auf die Schaffung eindrucksvoller Szenen und Bilder (Photographie Eduark
657 1691 728 1746 9000
2912 1675 3039 1755 ch
529 1695 622 1756 MR
860 1714 3013 1783 gerichtet war, wozu sich eine ausgeglichene, bis in die kleinsten Rollen gut besetzte Darstellung gesellte##
621 1769 723 1829 N
849 1775 2458 1810 Der Hegewald=Film wurde mit lebhaftem Beifall aufgenommen.
2770 1781 2830 1839 0
1471 1817 1597 1862 SR
571 1814 959 1894 e
502 1838 687 1915 S
893 1870 2843 1950 Es gibt Schauspiele, die ihrem Stoffgehalt und ihrer geistigen Haltung nach von vornherein
478 1883 800 1949 SRTR
2859 1872 2938 1946 her
861 1934 2853 1998 den Film als für das Theater bestimmt erscheinen... Es ist daher kein Zufall, das dieses Stu
496 1934 773 2013 N
713 1984 792 2036 1
838 1979 2913 2024 die Manuskriptverfasser Herbert Juttke und Georg C. Klaren einen recht guten File ergab ##
574 2018 3055 2089 schauspielerische Leistungen sind bemerkenswert. Evelyn Holt gibt die Christine Weyring, das gutgläubige
486 2077 3047 2115 kindliche Bürgermädchen, das am Schmerz seiner Liebe stirbt, mit ergreifender Innerlichkeit. Sie hat etwas
489 2123 3050 2198 Svon dem Zarten, Zerbrechlichen der Lilian Gish Vivian Gibson spielt mit Takt und Feinheit das
543 2165 604 2215 4
656 2166 3032 2244 elegante Luxusweibchen mit dem leichten Zuschuß von Dämonie. bei dem starken Beifall am Schluß
754 2198 816 2243 000
922 2218 1418 2290 W
2460 2235 2646 2300 e
792 2236 991 2314 S
576 2255 644 2309 4
362 2269 597 2347 05
872 2287 3071 2352 Vivian Gibson ist die liebelnde begehrenswerte Frau. Für diese bewährte Darstellerin mondäner
230 2308 3056 2388 lä2 Frauengestalten wurke diese Rolle zum Riesenerfolg, Evelyn Holt spielte die Christine, jugendzart, natürlich.
678 2382 3022 2454 anmutig und rührend, während Hilde Maroff, die lustige Freundin war, die das Leben wesentlich leichter nimmt.
366 2397 603 2439 e
581 2403 716 2453 REN
301 2411 692 2484 U e
739 2422 1017 2493 W
1150 2427 1496 2490 W
2884 2444 2994 2509 P
1004 2434 1197 2523 A
265 2446 463 2516 Speche
882 2486 3021 2546 ) und L. Flecklführen die Regie. Eine saubere, gepflezte, die Handlung geschickt steigernde Regien
263 2515 655 2583 W
724 2541 805 2586 G
509 2551 3028 2607 Eine wirklich überragende Leistung... Vivian Gibson. Sie ist jene leichtsinnige Doris Velten und be¬
308 2581 364 2622 8
501 2595 691 2646 W
680 2583 3063 2657 weist in ihrem kultiviert echten Spiel aufs neue — nein, in dieser Stärke zum erstenmal — ihr außer
226 2599 385 2676 N
386 2597 713 2690 e g
807 2622 3089 2712 ordentliches und einzigartiges filmisches Talent... Es gab sehr viel Beffall. Und auch an Tränen
506 2674 762 2740 e
751 2681 1582 2756 der Rührung fehlte es nicht.
257 2669 527 2748 K
2884 2686 3076 2754 W
2136 2697 2271 2751 ARR
707 2683 838 2758 SN
1824 2688 2041 2786 W
756 2727 858 2774 MR
325 2712 588 2773 G RR
674 2734 1104 2814 Se
2392 2768 2494 2818 WN
648 2793 3121 2861 Sn ee Ein guter Film, eine grundanständige, sauber gemachte Bildgeschichte, die ernistes Streben der Regisseure
234 2802 807 2889 S
774 2837 1606 2929 # L und J. Fleck, verrät.
630 2853 789 2909 K
2759 2862 2822 2909 00
1610 2784 1758 2934 ändige,
2895 2891 3114 2970 S
292 2906 412 2965 N
339 2908 606 2991 AAT
896 2951 3129 3016 Es enstand ein... Film, der nach vielem Gespreizten, das uns zuletzt begegnete, als Wert zu gelten
467 2947 632 3033 M
686 2960 865 3035 RR
219 2969 525 3053 erlin, asse
3099 3005 3162 3053 5
685 3005 3166 3080 hat. Die Christine der Evelyn Holt hat.. Momente eindringendsten Empfindens... Das Ereignis
350 3016 639 3090 S
868 3059 3122 3110 dieses Films... Vivian Gibson, deren lang feststehende, aber schändlich ausgenutzte Begabung hier in
392 3090 448 3132 65.
875 3103 3268 3170 einer auf allen Nerven gespielten, hinreißend erotisierenden Frauenrolle herrlich gesammelti
1257 3142 1377 3201 R
2712 3145 3093 3219 chee
238 3161 1240 3228 g
743 3185 805 3246 00
703 3196 760 3258 705
991 3201 3245 3252 Die Frauen, die das Herz auf dem rechten Fleck haben, weinen, teils offenkundig, teils abgestuft nach dem #
217 3220 790 3310 # 2ltärz 1927.
671 3263 758 3307 M
869 3235 3193 3337 Bildungsniveau, herb, gehemmt, verschämt... also ist der Erfolg schon erstritten Herbert Juliie
249 3293 356 3347 ehen
869 3292 3183 3382 und Georg C. Klaren haben, kurz gesagt, eine „Liebelei“ geschrieben, die der Masse des Kinopublikums sehr
241 3307 796 3393 resgeatchen
873 3347 3148 3420 ans Herz gehen wird, denn es ist, des Volkes Herz zu rühren, alles da: Leichte Flöhlichkeit, Jugendliebe,
565 3361 778 3431 NRR
249 3380 323 3446 2
452 3399 749 3457 W
880 3388 3169 3452 die girrende Kolette, Freundestreue, Vaterliebe, es ist alles da, und es ist in guten und akzeptablen Mengen
243 3387 756 3483 eeege. Ser eenereuese Mreite.
247 3444 370 3493 RTR
874 3451 3142 3510 da, und wir sind doch erschüttert... Evelyn Holt als Christine ist hier so süß und weich und lyrisch und #
643 3465 760 3529 ANN
872 3497 2578 3568 kindlich wie es die Rolle will. Der geschäftliche Erfolg steht außer Zweifel.
399 3511 451 3556 50
223 3499 738 3581 e enent de e e e.
2654 3504 2725 3585 0
864 3539 1194 3608 R
417 3555 584 3620 ARAR
2992 3575 3075 3628 8
765 3567 833 3643 4
602 3571 706 3656 □
862 3594 2167 3658 Endlich wieder ein nicht unerheblicher Publikumserfolg.
2246 3597 3028 3669 Evelyn Holt als einfältig liebendes
583 3623 815 3696 TR
3008 3617 3152 3679 RA
685 3650 788 3709 S
223 3633 615 3724 ig, Bernn,
871 3647 2884 3709 Mädel war wirklich vorzüglich ... Evelyn Holt hat den großen Beifall reichlich verdient.
610 3712 675 3746 W
315 3705 749 3796 S
997 3728 1142 3798 G
551 3739 971 3819 e e ee
243 3756 506 3822 e
352 3784 412 3833 W
696 3794 817 3845 BE
861 3811 3052 3876 Die Alltagsgeschichte von der süßen, dummen Liebe, die soviel Bitternis bringt, ist von Regie J. und
217 3829 783 3929 O. März 1927.
867 3877 3048 3936 L. Fleck sehr geschickt, ohne Tüftelei, klar und eindringlich in guter Lebensbeobachtung geschildert... Das
879 3913 3028 3989 junge Mädchen, daß das Leben und die Liebe so ernst nimmt, ist Evelyn Holt. Die junge Darstellerin,
241 3801 366 3990 O.2
700 3931 771 4005 4
878 3972 3048 4026 von der man sich für die Zukunft noch viel versprechen darf, hat echtes Gefühl und den Ausdruck dafür,
235 3960 310 4049 □
499 4015 666 4085 Slaheghere
872 4019 1595 4086 ohne weichlich sentimal zu werden
714 4012 782 4076 100
1655 4021 3047 4073 Bei der Premiere tiefe Ergriffenheit des Publikums, ein
348 3995 438 4078 100
255 4044 545 4124 SSRR
857 4063 1925 4122 Film, der überall starker Wiekung sicher ist.
408 4090 562 4130 Seegee
