3532 4224
1075 86 1128 158 □
987 105 1149 194 3
1148 188 1319 450 4
1060 394 1105 445 7
770 418 1163 542 * Ne pritg inhih.
1162 458 1373 528 *
621 519 767 568 ——
701 525 1307 603 ### Arthur Schnitzler.
623 584 1509 666 nennt, die reizendste Vertreterin dieser seiner
632 651 1507 716 zarten Geschöpfe gezeichnet. In Christine, die
636 697 1510 745 im Herzen des jungen Fritz Lobheimer nach einer
622 749 1511 807 langen Reihe seiner Liebeleien endlich die reine
628 792 1511 840 Liebe erweckt, ist eine Gestalt geschaffen, die
627 829 1515 875 zu dem Unvergänglichsten gezählt werden muß,
624 871 1527 924 was die moderne Literatur kennt. Martha
626 912 1514 962 Angerstein lieh-ihr in der gestrigen Auffüh¬
628 958 1515 1004 rung ihre ganze Anmut und ihre ganze reife
632 1005 1516 1049 Kunst. Ihr Partner, Johannes Riemann,
626 1037 1520 1099 fand den rechten Ton für die heiteren und tief¬
623 1086 1520 1150 tragischen Seiten seiner Rolle. Aurel No¬
623 1119 1521 1182 wotny und Else Bäck zeigten, wie ein Wiener
624 1168 1523 1229 verliebtes Pärchen lacht, töllt und busselt, und,
630 1223 1510 1264 das war sehr neit Röberr Müller machte au¬
623 1253 1502 1311 der kleinen Rolle des Violinisten Wessing ein 1.
635 1299 1515 1353 binettstückchen. Schabe, doßer uns bald verläßt.
739 1339 1515 1389 röffnet wurde der Abend mit der witzigen
751 1383 1512 1435 kterkomödie „Literatur", in der der
747 1421 1515 1483 sser die drei köstlichen grundverschiedenen
721 1479 1522 1530 en eines aristokratischen Stutzers, eines
649 1511 1522 1568 größenwahnsinnigen Literaten und eines leicht¬
635 1553 1525 1625 sinnigen Weibchens gegeneinander ausspielt, die
633 1601 1511 1653 von Bella Wagner, Aurel Rowotny und
642 1648 1519 1708 Robert Müller vorzüglich nachgezeichtet
1360 1691 1492 1763 Bas.
628 1685 1356 1770 wurden. usäue *  129= R
680 1745 760 1813 10
649 1782 1436 1882 Drei Einalier imn Schillerthegter.
635 1858 1450 1938 „Die Gefährtin.“ — „Paracelsus.“
831 1921 1321 1986 „Der grüne Kakadn.“
625 1971 1471 2055 5 (Im Charlottenburger Hause.)
679 2039 1514 2110 In diesen drei Einaktern, die von seiten der
625 2097 1516 2146 Schillerbühne eine treffliche Wahl bedeuten,
636 2137 1520 2188 kommt Arthur Schnitzlers ganze Wandlungs¬
634 2179 1506 2234 fähigkeit zu fast restlosem Ausdruck. In der „Ge¬
628 2236 1515 2285 fährtin“ ist es das moderne Liebesproblem,
629 2269 1515 2312 dessen taufendfältigen Wegen kein anderer so wie
638 2312 1508 2362 dieser zart empfindende Wiener Seelenarzt nach¬
629 2358 1515 2413 zuspüren vermag. Es ist eine schlichte Episode,
631 2412 1505 2457 die er in diesem Akt gibt, diese langsam im Be¬
630 2455 1508 2495 wußtsein des alternden Gatten aufdämmernde
632 2489 1510 2540 Wahrheit üben das geheime Liebesleben seines
638 2539 1512 2591 soeben der Erde übergebenen jungen Weibes. Und
624 2576 1519 2641 es sind verhaltene, zarte, empfindsame Worte, die
624 2631 1517 2685 die Menschen in dieser von dumpfer Schwermut
636 2666 1504 2722 erfüllten Szene sprechen: Menschen und Worte
633 2723 1507 2771 von Schnitzlers unendlich feiner Art. In ver¬
632 2750 1521 2804 ständnisvoller Nachschöpfung erwuchs das kleine
630 2812 1514 2862 Schauspiel dank der feinsinnigen Wiedergabe zu
628 2841 1509 2907 einem starken Eindruck. Max Reimer, Con¬
638 2890 1517 2947 rad Wiene und. Hedwig Pauly gaben die
625 2945 1511 2997 drei Hauptfiguren mit viel Takt und der aus der
624 2974 1440 3039 ganzen Stimmung gebotenen Zurückhaltung.
699 3033 1519 3080 Etwas kräftigere Nüancen findet der Dichter
643 3061 1516 3120 in „Paracelsus“. Es ist ein gereimter Scherz,
637 3110 1509 3159 ein Schwanken zwischen Spiel und. Wirklichkeit.
642 3155 1508 3206 Schnitzler benutzt die Figur des berühmten Arztes
644 3209 1517 3255 Paracelsus zu einer Analyse weiblicher Empfin¬
630 3254 1513 3299 dungen; und in dem scheinbaren Spiel, das der
640 3292 1527 3346 mittelalterliche Hypnotiseur mit der Frau
634 3331 1525 3371 Justina treibt, offenbart sich dem staunenden und
634 3377 1514 3431 verblüfften Gatten die reiche Skala der Liebes¬
630 3415 1515 3465 regungen, die auch im Herzen einer treuen
642 3457 1516 3510 Gattin schlummern und der Erweckung fähig sind.
634 3498 1521 3549 Die Justina Elsa Wasas hätte hier mehr Farbe
633 3542 1514 3601 zeigen dürfen; Herr Gerhard gab mit ein¬
632 3598 1508 3646 fachen, aber eindringlichen Mitteln den Para¬
644 3641 1512 3684 celsus; die Herren Bernecker (Cyprian),
634 3672 1516 3726 Bildt (Dr. Copus) und Braun (Junker An¬
630 3718 1400 3784 selm) trafen gut den Ton des Versspiels.
681 3753 1509 3817 Den Beschluß machte die figurenreiche Revo¬
640 3803 1511 3867 lutionsgroteske „Der grüne Kakadu“.
639 3845 1508 3907 Hier zeigt Schnitzler seine ganze große drama¬
637 3883 1511 3949 tische Gestaltungsfähigkeit und wie das Finale
625 3943 1521 3992 des lebensprühenden Einakters aus tollem Spiel
1211 3971 1536 4054 Aasmnsg.
1537 47 2405 95 des „schmalzigen", von kyrischem Honigseim
1544 78 2408 137 überfließenden Musikers, und die Jahre haben
1540 123 2374 187 sein innerstes Wesen offenbar nicht verändert.
1580 173 2402 216 Denn so wie die Zusammenstellung der Ge¬
1540 206 2409 259 dichte, die er hier vertont hat, beweist, daß es
1541 260 2417 314 ihm immer noch nur um die Erzielung billiger
1540 301 2405 351 Effekte zu tun ist, so ist auch die Musik zu diesen
1546 344 2415 403 Texten schlimmste Marzipanmusik, süß bis zur
1542 386 2406 438 Widerlichkeit, unmöglich in unserer heutigen
1540 436 2408 483 Zeit, abgestanden und innerlich von Unnatur an¬
1537 486 2417 536 gefressen. Ist es überhaupt möglich, daß ein
1539 520 2417 569 Musiker heute noch derart empfindet? Wie kann
1549 570 2414 629 alles, was in den letzten fünfzehn Jahren sich im
1530 612 2424 664 Reiche der Musik ereignete, so völlig spurlos an
1543 653 2417 699 einem schaffenden Musiker vorübergehen, ohne
1539 695 2418 746 ihn wenigstens zum Nachdenken zu veranlassen?
1536 741 2420 798 Wer sich so völlig in eine abgestorbene Welt ver¬
1539 785 2421 855 senkt, wie Meyer=Helmund es tut, hat uns
1539 822 2091 897 absolut nichts mehr zu sagen!
1609 871 2419 930 Nicht besser ist das zweite Stückchen „Ta¬
1539 910 2419 972 glioni". Da wird gezeigt, wie die berühmte Tän¬
1535 952 2427 1007 zerin Taglioni auf einer Reise in Rußland von
1540 1010 2423 1060 einem Räuber gefangen wird, und wie dieser
1538 1036 2424 1104 sentimentale Bandit keine anderen Sorgen hat,
1537 1100 2424 1152 als sich von der Künstlerin etwas vortanzen zu
1544 1142 2428 1194 lassen. Auch hier wieder die gleiche Musik von
1528 1177 2429 1240 unerträglicher Süße, auch hier abermals die ab¬
1541 1210 2432 1287 gebrauchten Mittel, die Zuhörer durch musika¬
1521 1240 2437 1322 lisches Mondscheingeflimmer in falsche Rührung
1542 1306 2424 1353 zu derfetzen! Nein, mit einer so beschaffenen
1538 1350 2431 1411 musikalischen „Kunst“ wollen wir nichts mehr
1534 1376 2439 1463 zu tun hoben! ... In dem ersten Stück zeich¬
1540 1429 2428 1501 nete sich Herr van Hulst aus, im zweiten
1546 1481 2425 1525 erratig die Tänzerin Grete Margot einen
1533 1517 1829 1595 farken Erfolg.
2091 1527 2386 1593 J. C. Lusztig.
1589 1604 2432 1681 Eine Abwehr der Rissen=Gegner. Das
1534 1658 2423 1728 Flugblatt des zur Bekämpfung Rissens organi¬
1540 1700 2423 1771 sierten „Protestbundes“ hat unter der großen
1553 1750 2414 1807 Mehrzahl der Genossenschafter einen Sturm
1541 1796 2417 1841 der Entrüstung wachgerufen. Das Rechts¬
1547 1840 2424 1901 schutzbureau führt in einer geharnischten
1552 1885 2418 1929 Erklürung etwa folgendes aus: „Wir erklären,
1550 1926 2413 1976 daß wir das letzthin veröffentlichte Flugblatt
1539 1971 2428 2036 eines sogenannten „Protestbundes“ gegen Rissen
1543 2017 2425 2076 aufs schärfste als groben Verstoß gegen
1601 2057 2427 2126 e genossenschaftliche Solidari¬
1541 2113 2413 2166 tät verurteilen. Ohne weiter auf die in dem¬
1539 2142 2414 2203 selben ausgesprochenen Verdächtigungen eiphu:
1525 2196 2417 2248 gehen, erklären wir hiermit: Wir haben in näch¬
1533 2239 2425 2288 ster Nähe und durch persönliche Beteiligung auf
1540 2289 2430 2342 dem reichen Arbeitsgebiete der Genossenschaft
1535 2328 2424 2383 jahrelang Gelegenheit gehabt, den Präsidenten
1543 2376 2432 2429 in seiner aufrechten Hingabe an die ihm anver¬
1525 2409 2417 2487 trauten Interessen der Genossenschaft zu beob¬
1547 2459 2421 2524 achten. Wir weisen deshalb mit Entschiedenheit
1538 2507 2421 2557 das in dem genosfenschaftlichen Leben neuartige
1537 2543 1864 2612 Vorgehen zurück.“
1591 2577 2422 2653 Das „Frauenkomitee“ hat ebenfalls zu
1539 2633 2421 2691 dem Flugblatt Stellung genommen. Es erklärt,
1535 2683 2420 2734 daß es sich zenügend von der aufopfernden Tätig¬
1528 2733 2415 2789 keit des Präsidenten überzeugt habe. „Laßt unsere
1532 2767 2420 2825 Genossenschaft und unser Ansehen nicht länger
1530 2816 2419 2876 durch dieses „Kesseltreiben“ herabziehen. Wir
1538 2860 2412 2910 können jetzt unmöglich länger schweigen. Jede
1534 2891 2426 2956 Kollegin schließe sich uns an und bilde sich selbst
1538 2934 2431 3011 ihr Urteil. Dann wird unsere einstimmige For¬
1542 2997 2431 3056 derung lauten: Unverzüglich vollgültige, tat¬
1539 3041 2411 3087 kräftige Beweise für diese ungeheuerlichen Ver¬
1540 3077 2418 3132 dächtigungen. Macht dieser unwürdigen Wühl¬
1535 3124 2429 3188 arbeit ein Ende, denn sie ist es einzig und allein,
1527 3158 2431 3229 die uns in unseren Arbeiten hemmt und unsere
1539 3227 2417 3283 ganze Organisation dem Gespött der Welt preis¬
1541 3258 1652 3316 gibt.“
1594 3303 2424 3381 Ein Strindberg=Zyklus im Deutschen
1537 3370 2418 3412 Schauspielhaus. Herr Direktor Lantz, der
1533 3413 2403 3462 künftige Leiter des „Deutschen Schauspielhauses“
1542 3456 2424 3501 (Komische Oper) schreibt uns: Bereits in der Er¬
1539 3496 2419 3552 öffnungswoche wird als Gedächtnisfeier
1531 3541 2431 3601 für August Strindberg das Passionsspiel
1533 3584 2434 3643 „Ostern“ in Szene gehen. Auf die Gedächtnis¬
1538 3623 2426 3681 feier wird unmittelbar die Aufführung des
1533 3670 2420 3729 Märchenspiels „Schwanenweiß“ folgen. Die
1534 3717 2424 3767 Musik zu „Schwanenweiß“ von Jon Libelius wird
1533 3755 2418 3812 unter persönlicher Leitung des Komponisten vom
1543 3800 2419 3850 Philharmonischen Orchester zu Gehör gebracht.
1545 3841 2424 3892 werden. — Das sind sehr hübsche Porsätze, die
1540 3888 2410 3932 zweifellos ihre Erfüllung finden werden, falls
1540 3922 2423 4005 Herr Lantz auch die — Konzession als Theater¬
