<?xml version="1.0" encoding="UTF-8" standalone="yes"?>
<PcGts xmlns="http://schema.primaresearch.org/PAGE/gts/pagecontent/2013-07-15" xmlns:xsi="http://www.w3.org/2001/XMLSchema-instance" xsi:schemaLocation="http://schema.primaresearch.org/PAGE/gts/pagecontent/2013-07-15 http://schema.primaresearch.org/PAGE/gts/pagecontent/2013-07-15/pagecontent.xsd">
    <Metadata>
        <Creator>prov=University of Rostock/Institute of Mathematics/CITlab/Gundram Leifert/gundram.leifert@uni-rostock.de:name=ONB_Newseye_GT_M1+(htr_id=10810)::::v=2.4.2
prov=University of Rostock/Institute of Mathematics/CITlab/Tobias Gruening/tobias.gruening@uni-rostock.de:name=de.uros.citlab.module.baseline2polygon.B2PSeamMultiOriented:v=2.4.2
prov=University of Rostock/Institute of Mathematics/CITlab/Tobias Gruening/tobias.gruening@uni-rostock.de:name=/mnt/transkribus/LA/DEA/URO/LA_news_onb_att.pb:de.uros.citlab.segmentation.CITlab_LA_ML:v=2.4.2
Transkribus</Creator>
        <Created>2019-10-07T11:58:54.644+02:00</Created>
        <LastChange>2019-10-09T12:34:54.968+02:00</LastChange>
        <TranskribusMetadata docId="223992" pageId="9509135" pageNr="1224" tsid="16650833" status="IN_PROGRESS" userId="40391" imgUrl="https://files.transkribus.eu/Get?id=SAIGSXSVENVUVFZAFJKIQVCE&amp;fileType=view" xmlUrl="https://files.transkribus.eu/Get?id=AAGSARMPQUCTEMWURTXRGWRO" imageId="6198117"/>
    </Metadata>
    <Page imageFilename="223992_1224.jpeg" imageWidth="3436" imageHeight="4352">
        <ReadingOrder>
            <OrderedGroup id="ro_1711446204319" caption="Regions reading order">
                <RegionRefIndexed index="0" regionRef="r1"/>
                <RegionRefIndexed index="1" regionRef="r2"/>
                <RegionRefIndexed index="2" regionRef="r3"/>
            </OrderedGroup>
        </ReadingOrder>
        <TextRegion orientation="0.0" id="r1" custom="readingOrder {index:0;}">
            <Coords points="258,240 258,305 804,305 804,240"/>
            <TextLine id="r1l1" custom="readingOrder {index:0;}">
                <Coords points="426,276 803,278 803,229 767,213 737,221 684,205 608,233 568,210 535,213 519,229 495,211 426,213"/>
                <Baseline points="433,268 458,268 484,268 510,269 536,269 562,269 588,269 614,269 640,269 666,269 692,269 718,269 744,269 770,269 796,269"/>
                <TextEquiv>
                    <Unicode>Liebelei</Unicode>
                </TextEquiv>
            </TextLine>
            <TextLine id="r1l2" custom="readingOrder {index:1;}">
                <Coords points="251,266 432,308 506,301 542,323 601,297 808,327 811,275 786,262 771,276 471,273 361,257 300,202 253,219"/>
                <Baseline points="258,260 285,265 312,270 339,275 367,279 394,282 421,285 449,287 476,290 503,291 531,293 558,294 585,294 612,295 640,295 667,295 694,294 722,294 749,293 776,293 804,292"/>
                <TextEquiv>
                    <Unicode>5. B</Unicode>
                </TextEquiv>
            </TextLine>
            <TextEquiv>
                <Unicode>Liebelei
5. B</Unicode>
            </TextEquiv>
        </TextRegion>
        <TextRegion orientation="0.0" id="r2" custom="readingOrder {index:1;}">
            <Coords points="969,169 969,331 1369,331 1369,169"/>
            <TextLine id="r2l1" custom="readingOrder {index:0;}">
                <Coords points="962,282 1044,292 1078,281 1093,293 1132,275 1171,295 1253,287 1338,311 1374,306 1376,241 1340,213 1279,232 1239,214 1215,230 1184,216 1158,232 1100,222 1070,244 964,220"/>
                <Baseline points="969,269 994,270 1019,271 1044,272 1069,273 1094,274 1119,276 1144,277 1169,279 1194,280 1219,281 1244,281 1269,281 1294,281 1319,279 1344,278 1369,276"/>
                <TextEquiv>
                    <Unicode>box 12/6</Unicode>
                </TextEquiv>
            </TextLine>
            <TextEquiv>
                <Unicode>box 12/6</Unicode>
            </TextEquiv>
        </TextRegion>
        <TextRegion orientation="0.0" id="r3" custom="readingOrder {index:2;}">
            <Coords points="2006,197 2006,4169 3099,4169 3099,197"/>
            <TextLine id="r3l1" custom="readingOrder {index:0;}">
                <Coords points="2042,229 3030,232 3029,191 2863,171 2551,216 2415,186 2042,189"/>
                <Baseline points="2049,226 2097,228 2146,230 2195,231 2243,232 2292,232 2341,232 2389,232 2438,232 2487,231 2536,230 2584,229 2633,228 2682,227 2730,225 2779,223 2828,222 2876,221 2925,220 2974,218 3023,217"/>
                <TextEquiv>
                    <Unicode>Paria, Kom, dan Francisco, Stockholm, St. Petersburg.</Unicode>
                </TextEquiv>
            </TextLine>
            <TextLine id="r3l2" custom="readingOrder {index:1;}">
                <Coords points="2168,289 2394,282 2472,302 2762,276 2811,296 2826,234 2167,244"/>
                <Baseline points="2174,278 2206,277 2238,276 2270,275 2303,273 2335,272 2367,270 2400,269 2432,267 2464,266 2497,264 2529,263 2561,263 2593,262 2626,262 2658,262 2690,262 2723,263 2755,264 2787,266 2820,268"/>
                <TextEquiv>
                    <Unicode>Sieben ############</Unicode>
                </TextEquiv>
            </TextLine>
            <TextLine id="r3l3" custom="readingOrder {index:2;}">
                <Coords points="2946,281 2962,284 2978,298 3009,302 3023,300 3034,289 3043,295 3063,288 3070,292 3106,272 3104,229 3074,216 3048,227 3035,225 3017,236 2999,230 2985,235 2963,224 2955,231 2944,230"/>
                <Baseline points="2953,272 2982,270 3011,268 3040,267 3069,266 3099,267"/>
                <TextEquiv>
                    <Unicode>Dlatt</Unicode>
                </TextEquiv>
            </TextLine>
            <TextLine id="r3l4" custom="readingOrder {index:3;}">
                <Coords points="1999,346 2792,350 2773,299 2625,322 2202,282 2001,297"/>
                <Baseline points="2006,333 2045,330 2084,329 2123,329 2162,329 2201,330 2240,332 2279,334 2318,337 2357,338 2396,341 2435,344 2474,346 2513,348 2552,349 2591,350 2630,350 2669,350 2708,349 2747,346 2786,343"/>
                <TextEquiv>
                    <Unicode>Asesehnltt ars: Hertnanusun</Unicode>
                </TextEquiv>
            </TextLine>
            <TextLine id="r3l5" custom="readingOrder {index:4;}">
                <Coords points="2162,419 2221,412 2281,428 2316,415 2351,429 2375,419 2386,428 2450,426 2452,367 2434,374 2384,354 2365,367 2276,365 2249,374 2234,364 2165,359"/>
                <Baseline points="2170,402 2197,406 2224,408 2252,409 2279,410 2307,410 2334,411 2361,411 2389,413 2416,415 2444,419"/>
                <TextEquiv>
                    <Unicode>14. 2 1913</Unicode>
                </TextEquiv>
            </TextLine>
            <TextLine id="r3l6" custom="readingOrder {index:5;}">
                <Coords points="2005,449 2058,467 2125,466 2165,487 2179,477 2202,481 2204,421 2187,413 2167,418 2148,403 2102,394 2067,407 2036,387 2006,396"/>
                <Baseline points="2011,452 2037,445 2063,442 2090,440 2116,441 2143,444 2169,448 2196,454"/>
                <TextEquiv>
                    <Unicode>963:</Unicode>
                </TextEquiv>
            </TextLine>
            <TextLine id="r3l7" custom="readingOrder {index:6;}">
                <Coords points="2360,563 2410,558 2466,572 2493,557 2628,554 2643,564 2668,551 2698,562 2699,499 2678,504 2659,490 2604,497 2572,477 2548,498 2478,494 2455,478 2390,479 2360,492"/>
                <Baseline points="2366,542 2391,544 2416,546 2441,547 2466,548 2491,549 2516,549 2541,549 2566,548 2591,548 2616,547 2641,546 2666,546 2692,545"/>
                <TextEquiv>
                    <Unicode>Theater.</Unicode>
                </TextEquiv>
            </TextLine>
            <TextLine id="r3l8" custom="readingOrder {index:7;}">
                <Coords points="2088,614 2989,624 3042,573 2088,589"/>
                <Baseline points="2095,613 2142,615 2189,617 2236,618 2283,619 2330,620 2377,621 2424,621 2471,621 2518,621 2565,621 2612,620 2659,619 2706,618 2753,617 2800,616 2847,615 2894,613 2941,611 2988,610 3036,607"/>
                <TextEquiv>
                    <Unicode>(Dr. F. C.) Man hat gelegentlich einmal ge¬</Unicode>
                </TextEquiv>
            </TextLine>
            <TextLine id="r3l9" custom="readingOrder {index:8;}">
                <Coords points="2003,659 2488,694 3038,661 3037,602 2992,632 2459,642 2128,643 2070,589 2003,612"/>
                <Baseline points="2010,664 2061,666 2112,667 2163,668 2214,669 2265,670 2316,671 2367,671 2418,671 2469,671 2520,671 2571,671 2622,670 2673,669 2724,668 2775,666 2826,664 2877,661 2928,659 2979,656 3031,653"/>
                <TextEquiv>
                    <Unicode>sagt, daß bei Arthur Schnitzler Liebelei und Ster¬</Unicode>
                </TextEquiv>
            </TextLine>
            <TextLine id="r3l10" custom="readingOrder {index:9;}">
                <Coords points="2012,718 3032,711 3031,653 2980,682 2012,693"/>
                <Baseline points="2019,716 2069,716 2119,716 2169,717 2220,717 2270,717 2320,718 2371,718 2421,718 2471,718 2522,718 2572,718 2622,717 2672,717 2723,716 2773,715 2823,714 2874,712 2924,710 2974,708 3025,705"/>
                <TextEquiv>
                    <Unicode>fbelei gewöhnlich Hand in Hand gingen. Auf das</Unicode>
                </TextEquiv>
            </TextLine>
            <TextLine id="r3l11" custom="readingOrder {index:10;}">
                <Coords points="2017,784 2853,750 3008,777 3032,722 2192,750 2016,712"/>
                <Baseline points="2023,770 2073,768 2123,767 2173,766 2223,765 2273,764 2323,764 2374,764 2424,763 2474,763 2524,763 2574,763 2624,763 2674,763 2725,762 2775,762 2825,761 2875,760 2925,759 2975,758 3026,756"/>
                <TextEquiv>
                    <Unicode>gestern aufgeführte dreiaktige Schauspiel, das sich</Unicode>
                </TextEquiv>
            </TextLine>
            <TextLine id="r3l12" custom="readingOrder {index:11;}">
                <Coords points="2024,813 2347,827 2521,794 2563,824 2910,821 3042,804 3042,777 2024,781"/>
                <Baseline points="2030,811 2080,811 2130,811 2180,811 2231,811 2281,812 2331,812 2381,812 2432,813 2482,813 2532,813 2582,813 2633,813 2683,813 2733,813 2783,812 2834,812 2884,810 2934,809 2984,808 3035,806"/>
                <TextEquiv>
                    <Unicode>ausgesprochen „Liebelei“ nennt, paßt der zitierte</Unicode>
                </TextEquiv>
            </TextLine>
            <TextLine id="r3l13" custom="readingOrder {index:12;}">
                <Coords points="2031,872 3032,872 3044,805 2575,834 2502,805 2319,834 2031,815"/>
                <Baseline points="2037,854 2087,855 2137,857 2187,858 2237,859 2287,859 2337,860 2387,860 2437,860 2487,860 2537,860 2587,859 2637,858 2687,858 2737,857 2787,856 2837,855 2887,855 2937,854 2987,853 3037,852"/>
                <TextEquiv>
                    <Unicode>Ausspruch in erster Linie. In der chiken Garcon¬</Unicode>
                </TextEquiv>
            </TextLine>
            <TextLine id="r3l14" custom="readingOrder {index:13;}">
                <Coords points="2028,918 3044,900 2982,861 2028,873"/>
                <Baseline points="2034,904 2084,905 2134,906 2184,907 2234,908 2285,908 2335,908 2385,908 2435,908 2485,908 2536,908 2586,907 2636,906 2686,906 2736,905 2787,904 2837,903 2887,902 2937,901 2987,900 3038,899"/>
                <TextEquiv>
                    <Unicode>wohnung von Fritz Lobheimer wird nämlich gelie¬</Unicode>
                </TextEquiv>
            </TextLine>
            <TextLine id="r3l15" custom="readingOrder {index:14;}">
                <Coords points="2036,957 3038,954 3025,921 2872,909 2036,922"/>
                <Baseline points="2043,953 2092,953 2141,954 2191,955 2240,955 2290,955 2339,955 2389,955 2438,955 2488,955 2537,955 2586,955 2636,954 2685,954 2735,953 2784,953 2834,952 2883,952 2933,951 2982,950 3032,950"/>
                <TextEquiv>
                    <Unicode>belt, zu welchem Zweck zwei junge Damen beigezogen</Unicode>
                </TextEquiv>
            </TextLine>
            <TextLine id="r3l16" custom="readingOrder {index:15;}">
                <Coords points="2030,1016 3037,1020 3037,959 2030,975"/>
                <Baseline points="2037,1006 2086,1005 2136,1004 2186,1004 2235,1004 2285,1004 2335,1004 2384,1004 2434,1005 2484,1005 2534,1005 2583,1006 2633,1006 2683,1006 2732,1006 2782,1005 2832,1005 2881,1004 2931,1002 2981,1001 3031,999"/>
                <TextEquiv>
                    <Unicode>sind und ein zweiter junger Herr. Die beiden</Unicode>
                </TextEquiv>
            </TextLine>
            <TextLine id="r3l17" custom="readingOrder {index:16;}">
                <Coords points="2035,1056 3044,1057 3044,1020 3000,1004 2035,1014"/>
                <Baseline points="2041,1053 2090,1052 2140,1052 2190,1051 2240,1051 2290,1051 2339,1051 2389,1051 2439,1051 2489,1051 2539,1051 2588,1051 2638,1051 2688,1051 2738,1051 2788,1051 2837,1050 2887,1050 2937,1050 2987,1050 3037,1049"/>
                <TextEquiv>
                    <Unicode>Paare sind sehr ungleich, das eine (Theodor Kai¬</Unicode>
                </TextEquiv>
            </TextLine>
            <TextLine id="r3l18" custom="readingOrder {index:17;}">
                <Coords points="2039,1107 2707,1094 3041,1123 3041,1074 2996,1055 2565,1056 2520,1083 2378,1054 2040,1064"/>
                <Baseline points="2046,1096 2095,1096 2144,1096 2194,1097 2243,1097 2293,1098 2342,1098 2392,1098 2441,1099 2491,1099 2540,1099 2589,1100 2639,1100 2688,1100 2738,1101 2787,1101 2837,1102 2886,1102 2936,1103 2985,1103 3035,1104"/>
                <TextEquiv>
                    <Unicode>ser — Mitzi Schlager) ist fidel und leichtsinnig,</Unicode>
                </TextEquiv>
            </TextLine>
            <TextLine id="r3l19" custom="readingOrder {index:18;}">
                <Coords points="2031,1151 3050,1153 3050,1117 3009,1108 2031,1109"/>
                <Baseline points="2037,1146 2087,1147 2137,1147 2188,1147 2238,1147 2288,1148 2339,1148 2389,1148 2439,1148 2490,1148 2540,1148 2590,1148 2641,1148 2691,1148 2741,1148 2792,1148 2842,1148 2892,1149 2943,1149 2993,1150 3044,1151"/>
                <TextEquiv>
                    <Unicode>das andere (Fritz Lobheimer — Christine Weiring)¬</Unicode>
                </TextEquiv>
            </TextLine>
            <TextLine id="r3l20" custom="readingOrder {index:19;}">
                <Coords points="2027,1206 2932,1214 3036,1196 3036,1150 2027,1151"/>
                <Baseline points="2033,1197 2082,1197 2132,1197 2182,1197 2232,1198 2282,1198 2332,1198 2381,1198 2431,1199 2481,1199 2531,1199 2581,1199 2631,1199 2681,1199 2730,1199 2780,1199 2830,1198 2880,1198 2930,1197 2980,1196 3030,1196"/>
                <TextEquiv>
                    <Unicode>ist sentimental und wird häufig von Ewigkeitsgedan¬</Unicode>
                </TextEquiv>
            </TextLine>
            <TextLine id="r3l21" custom="readingOrder {index:20;}">
                <Coords points="2031,1247 3007,1259 3034,1199 2031,1208"/>
                <Baseline points="2037,1246 2086,1246 2136,1246 2185,1246 2235,1246 2284,1246 2334,1246 2383,1247 2433,1247 2482,1247 2532,1247 2582,1247 2631,1247 2681,1247 2730,1247 2780,1246 2829,1246 2879,1245 2928,1244 2978,1243 3028,1242"/>
                <TextEquiv>
                    <Unicode>ken behelligt. Christine ist nämlich ein relativ an¬</Unicode>
                </TextEquiv>
            </TextLine>
            <TextLine id="r3l22" custom="readingOrder {index:21;}">
                <Coords points="2037,1304 3036,1304 3036,1255 2037,1253"/>
                <Baseline points="2043,1294 2092,1294 2141,1295 2190,1295 2240,1296 2289,1296 2338,1296 2388,1296 2437,1296 2486,1296 2536,1296 2585,1296 2634,1296 2683,1296 2733,1296 2782,1296 2831,1295 2881,1295 2930,1295 2979,1294 3029,1294"/>
                <TextEquiv>
                    <Unicode>ständiges Mädchen und liebt Fritz wirklich; Fritz</Unicode>
                </TextEquiv>
            </TextLine>
            <TextLine id="r3l23" custom="readingOrder {index:22;}">
                <Coords points="2036,1348 3042,1350 3032,1301 2036,1304"/>
                <Baseline points="2043,1343 2092,1344 2142,1344 2191,1344 2241,1345 2291,1345 2340,1345 2390,1345 2440,1345 2489,1345 2539,1345 2589,1345 2638,1345 2688,1345 2738,1345 2787,1344 2837,1344 2887,1344 2936,1343 2986,1343 3036,1342"/>
                <TextEquiv>
                    <Unicode>liebt sie auch, aber er hat im Hintergrund ein</Unicode>
                </TextEquiv>
            </TextLine>
            <TextLine id="r3l24" custom="readingOrder {index:23;}">
                <Coords points="2034,1403 2386,1404 2423,1376 2567,1414 2689,1390 3041,1411 3041,1351 2981,1345 2088,1346 2035,1374"/>
                <Baseline points="2041,1395 2090,1393 2140,1392 2190,1391 2239,1390 2289,1390 2339,1390 2388,1390 2438,1391 2488,1391 2538,1392 2587,1392 2637,1393 2687,1393 2736,1394 2786,1394 2836,1394 2885,1394 2935,1393 2985,1392 3035,1391"/>
                <TextEquiv>
                    <Unicode>„dämonisches Weib“, so daß man ahnt, von welcher</Unicode>
                </TextEquiv>
            </TextLine>
            <TextLine id="r3l25" custom="readingOrder {index:24;}">
                <Coords points="2038,1432 2517,1456 2567,1431 2700,1462 2931,1429 3038,1451 3039,1408 2038,1404"/>
                <Baseline points="2045,1436 2094,1437 2143,1438 2193,1439 2242,1440 2291,1441 2341,1441 2390,1442 2439,1443 2489,1443 2538,1444 2587,1444 2637,1444 2686,1444 2735,1444 2785,1444 2834,1443 2883,1443 2933,1442 2982,1441 3032,1439"/>
                <TextEquiv>
                    <Unicode>Gegend her der tragische Einschlag kommt. Ein</Unicode>
                </TextEquiv>
            </TextLine>
            <TextLine id="r3l26" custom="readingOrder {index:25;}">
                <Coords points="2019,1476 2107,1502 2334,1475 2409,1502 3031,1501 3031,1450 2929,1438 2019,1444"/>
                <Baseline points="2026,1486 2075,1487 2125,1487 2175,1487 2225,1487 2275,1487 2325,1488 2375,1488 2425,1488 2475,1488 2525,1488 2574,1488 2624,1488 2674,1488 2724,1488 2774,1488 2824,1488 2874,1487 2924,1487 2974,1487 3024,1486"/>
                <TextEquiv>
                    <Unicode>Heri erscheint — finster und mit schwarzem Cuta¬</Unicode>
                </TextEquiv>
            </TextLine>
            <TextLine id="r3l27" custom="readingOrder {index:26;}">
                <Coords points="2031,1534 3046,1547 3046,1510 2973,1494 2032,1501"/>
                <Baseline points="2038,1530 2088,1531 2138,1532 2188,1533 2238,1534 2288,1535 2338,1536 2388,1536 2438,1537 2488,1537 2539,1537 2589,1537 2639,1537 2689,1537 2739,1537 2789,1537 2839,1537 2889,1537 2939,1537 2989,1537 3040,1537"/>
                <TextEquiv>
                    <Unicode>way bekleidet, sagt Fritz, daß seine (des Herrn)</Unicode>
                </TextEquiv>
            </TextLine>
            <TextLine id="r3l28" custom="readingOrder {index:27;}">
                <Coords points="2032,1581 3046,1584 3046,1548 2938,1539 2032,1538"/>
                <Baseline points="2039,1579 2089,1581 2139,1582 2189,1582 2239,1583 2289,1583 2339,1583 2389,1583 2439,1582 2489,1582 2539,1582 2589,1581 2639,1581 2689,1580 2739,1580 2789,1580 2839,1580 2889,1580 2939,1580 2989,1581 3040,1582"/>
                <TextEquiv>
                    <Unicode>Gattin bei ihm (Fritz) einen Schleier vergessen habe“</Unicode>
                </TextEquiv>
            </TextLine>
            <TextLine id="r3l29" custom="readingOrder {index:28;}">
                <Coords points="2010,1656 3031,1634 3031,1600 2981,1589 2609,1586 2547,1617 2010,1573"/>
                <Baseline points="2017,1631 2067,1631 2117,1630 2168,1630 2218,1630 2269,1631 2319,1631 2369,1631 2420,1632 2470,1632 2521,1632 2571,1632 2621,1632 2672,1632 2722,1631 2773,1631 2823,1630 2873,1629 2924,1627 2974,1625 3025,1623"/>
                <TextEquiv>
                    <Unicode>und fordert Genugtuung. Wesentlich mehr Hand¬</Unicode>
                </TextEquiv>
            </TextLine>
            <TextLine id="r3l30" custom="readingOrder {index:29;}">
                <Coords points="2837,1666 2891,1677 2912,1672 2937,1678 2972,1669 3020,1675 3019,1638 2989,1638 2977,1649 2954,1643 2947,1649 2912,1650 2904,1644 2894,1650 2876,1636 2837,1651"/>
                <Baseline points="2843,1666 2871,1668 2899,1668 2928,1667 2956,1666 2984,1665 3013,1666"/>
                <TextEquiv>
                    <Unicode>Eeilt o</Unicode>
                </TextEquiv>
            </TextLine>
            <TextLine id="r3l31" custom="readingOrder {index:30;}">
                <Coords points="2045,1745 2916,1752 3068,1734 3069,1704 2045,1692"/>
                <Baseline points="2052,1726 2102,1726 2153,1726 2203,1726 2254,1726 2304,1727 2355,1727 2405,1728 2456,1729 2506,1729 2557,1730 2607,1731 2658,1731 2708,1732 2759,1732 2809,1732 2860,1732 2910,1732 2961,1732 3011,1731 3062,1730"/>
                <TextEquiv>
                    <Unicode>lung hat aber auch der zweite Akt nicht und im</Unicode>
                </TextEquiv>
            </TextLine>
            <TextLine id="r3l32" custom="readingOrder {index:31;}">
                <Coords points="2042,1805 2358,1772 2939,1799 3072,1775 3073,1731 2043,1746"/>
                <Baseline points="2049,1775 2099,1774 2150,1774 2201,1774 2252,1775 2303,1775 2354,1776 2404,1776 2455,1777 2506,1777 2557,1778 2608,1779 2659,1780 2710,1780 2760,1781 2811,1781 2862,1781 2913,1781 2964,1781 3015,1781 3066,1780"/>
                <TextEquiv>
                    <Unicode>dritten erfährt die unglückliche Christine, was wir</Unicode>
                </TextEquiv>
            </TextLine>
            <TextLine id="r3l33" custom="readingOrder {index:32;}">
                <Coords points="2060,1821 2723,1849 2950,1821 3053,1850 3077,1788 2060,1799"/>
                <Baseline points="2066,1824 2116,1825 2166,1825 2216,1826 2266,1827 2317,1828 2367,1828 2417,1829 2467,1830 2517,1830 2568,1830 2618,1831 2668,1831 2718,1831 2768,1832 2819,1832 2869,1832 2919,1832 2969,1831 3019,1831 3070,1831"/>
                <TextEquiv>
                    <Unicode>alle schon lange wissen, daß ihr geliebter Fritz</Unicode>
                </TextEquiv>
            </TextLine>
            <TextLine id="r3l34" custom="readingOrder {index:33;}">
                <Coords points="2060,1869 3077,1895 3077,1857 2968,1836 2061,1824"/>
                <Baseline points="2066,1868 2116,1870 2166,1871 2216,1873 2266,1874 2317,1876 2367,1876 2417,1877 2467,1878 2517,1879 2568,1880 2618,1880 2668,1881 2718,1881 2768,1882 2819,1882 2869,1882 2919,1882 2969,1882 3019,1882 3070,1882"/>
                <TextEquiv>
                    <Unicode>tot ist — im Zweikampf gefallen für eine andere.</Unicode>
                </TextEquiv>
            </TextLine>
            <TextLine id="r3l35" custom="readingOrder {index:34;}">
                <Coords points="2131,1927 3073,1942 3073,1894 3019,1884 2131,1897"/>
                <Baseline points="2138,1927 2184,1930 2230,1931 2277,1933 2323,1934 2370,1936 2416,1937 2462,1937 2509,1938 2555,1938 2602,1938 2648,1938 2694,1938 2741,1938 2787,1938 2834,1938 2880,1938 2926,1938 2973,1938 3019,1938 3066,1939"/>
                <TextEquiv>
                    <Unicode>Man soll Schnitzlers „Liebelei“ mit Schillers</Unicode>
                </TextEquiv>
            </TextLine>
            <TextLine id="r3l36" custom="readingOrder {index:35;}">
                <Coords points="2053,1987 2964,2014 3060,1988 3023,1945 2776,1974 2722,1946 2229,1955 2054,1923"/>
                <Baseline points="2060,1982 2109,1982 2159,1982 2209,1982 2258,1982 2308,1983 2358,1983 2407,1984 2457,1985 2507,1985 2557,1986 2606,1987 2656,1987 2706,1988 2755,1988 2805,1988 2855,1989 2904,1988 2954,1988 3004,1988 3054,1987"/>
                <TextEquiv>
                    <Unicode>„Kabale und Liebe“ verglichen haben. Gerade frap¬</Unicode>
                </TextEquiv>
            </TextLine>
            <TextLine id="r3l37" custom="readingOrder {index:36;}">
                <Coords points="2050,2021 2613,2056 3063,2029 2997,1992 2122,2001 2050,1972"/>
                <Baseline points="2056,2029 2106,2029 2156,2030 2206,2030 2256,2031 2306,2032 2356,2032 2406,2033 2456,2034 2506,2035 2556,2036 2606,2037 2656,2038 2706,2038 2756,2039 2806,2039 2856,2039 2906,2039 2956,2039 3006,2038 3056,2037"/>
                <TextEquiv>
                    <Unicode>pant ist aber die Aehnlichkeit zwischen den bei¬</Unicode>
                </TextEquiv>
            </TextLine>
            <TextLine id="r3l38" custom="readingOrder {index:37;}">
                <Coords points="2051,2067 2201,2100 2522,2073 2735,2103 3073,2095 3074,2059 2762,2038 2441,2069 2052,2021"/>
                <Baseline points="2058,2076 2108,2077 2158,2078 2209,2079 2259,2080 2310,2081 2360,2081 2411,2082 2461,2083 2512,2083 2562,2084 2612,2084 2663,2085 2713,2085 2764,2086 2814,2086 2865,2087 2915,2088 2966,2089 3016,2090 3067,2091"/>
                <TextEquiv>
                    <Unicode>den Stücken kaum zu nennen. Allerdings kommt</Unicode>
                </TextEquiv>
            </TextLine>
            <TextLine id="r3l39" custom="readingOrder {index:38;}">
                <Coords points="2065,2143 2204,2113 2298,2146 2836,2150 2903,2118 3072,2165 3073,2095 2065,2085"/>
                <Baseline points="2071,2129 2120,2129 2170,2129 2220,2129 2270,2129 2319,2130 2369,2131 2419,2131 2469,2132 2518,2133 2568,2135 2618,2136 2668,2137 2717,2137 2767,2138 2817,2139 2867,2139 2916,2139 2966,2139 3016,2138 3066,2137"/>
                <TextEquiv>
                    <Unicode>ja in beiden ein alter Musiker vor, der je</Unicode>
                </TextEquiv>
            </TextLine>
            <TextLine id="r3l40" custom="readingOrder {index:39;}">
                <Coords points="2056,2194 3054,2197 3073,2159 2206,2132 2056,2161"/>
                <Baseline points="2062,2175 2112,2176 2162,2176 2212,2177 2263,2178 2313,2178 2363,2179 2413,2180 2464,2180 2514,2181 2564,2182 2614,2182 2665,2183 2715,2184 2765,2184 2815,2185 2866,2186 2916,2186 2966,2187 3016,2188 3067,2188"/>
                <TextEquiv>
                    <Unicode>eine Tochter hat. Und in beiden Fälle werden die</Unicode>
                </TextEquiv>
            </TextLine>
            <TextLine id="r3l41" custom="readingOrder {index:40;}">
                <Coords points="2061,2230 3070,2236 3070,2190 2996,2181 2061,2189"/>
                <Baseline points="2067,2225 2116,2226 2166,2227 2216,2229 2266,2230 2316,2231 2365,2231 2415,2232 2465,2232 2515,2233 2565,2233 2614,2234 2664,2234 2714,2234 2764,2234 2814,2235 2863,2235 2913,2235 2963,2236 3013,2237 3063,2237"/>
                <TextEquiv>
                    <Unicode>Töchter gegen Ende des Stückes sehr unglücklich.</Unicode>
                </TextEquiv>
            </TextLine>
            <TextLine id="r3l42" custom="readingOrder {index:41;}">
                <Coords points="2060,2276 3043,2299 3072,2235 2752,2262 2468,2226 2433,2253 2060,2238"/>
                <Baseline points="2066,2275 2118,2276 2171,2277 2223,2278 2276,2279 2328,2279 2381,2280 2434,2280 2486,2281 2539,2281 2591,2281 2644,2282 2696,2282 2749,2283 2802,2284 2854,2285 2907,2286 2959,2287 3012,2289 3065,2291"/>
                <TextEquiv>
                    <Unicode>Auch eine gewisse Aehnlichkeit der Titel läßt sich</Unicode>
                </TextEquiv>
            </TextLine>
            <TextLine id="r3l43" custom="readingOrder {index:42;}">
                <Coords points="2065,2340 2695,2347 2765,2315 2862,2347 2977,2313 3052,2345 3075,2300 2065,2287"/>
                <Baseline points="2072,2323 2121,2323 2171,2323 2221,2323 2271,2324 2321,2324 2370,2325 2420,2326 2470,2327 2520,2328 2570,2328 2619,2329 2669,2330 2719,2330 2769,2331 2819,2331 2868,2332 2918,2332 2968,2331 3018,2331 3068,2330"/>
                <TextEquiv>
                    <Unicode>nicht verkennen. Kabale kommt aber in der</Unicode>
                </TextEquiv>
            </TextLine>
            <TextLine id="r3l44" custom="readingOrder {index:43;}">
                <Coords points="2057,2386 2570,2369 2641,2402 2787,2370 2852,2403 3049,2397 3075,2341 2058,2347"/>
                <Baseline points="2064,2369 2114,2371 2164,2372 2214,2373 2264,2375 2315,2376 2365,2376 2415,2377 2465,2378 2515,2378 2566,2378 2616,2379 2666,2379 2716,2379 2766,2380 2817,2380 2867,2380 2917,2381 2967,2381 3017,2382 3068,2383"/>
                <TextEquiv>
                    <Unicode>„Liebelei“ sozusagen gar nicht vor — und Liebe</Unicode>
                </TextEquiv>
            </TextLine>
            <TextLine id="r3l45" custom="readingOrder {index:44;}">
                <Coords points="2050,2432 2875,2437 2990,2471 3082,2448 3082,2411 2956,2382 2051,2382"/>
                <Baseline points="2056,2418 2107,2420 2158,2422 2209,2423 2260,2424 2311,2425 2362,2425 2413,2426 2464,2426 2515,2427 2566,2427 2617,2427 2668,2428 2719,2428 2770,2429 2821,2430 2872,2431 2923,2432 2974,2434 3025,2436 3076,2438"/>
                <TextEquiv>
                    <Unicode>ist der allgemeinen Anschauung nach doch etwas,</Unicode>
                </TextEquiv>
            </TextLine>
            <TextLine id="r3l46" custom="readingOrder {index:45;}">
                <Coords points="2055,2484 2736,2479 2809,2505 2838,2495 2839,2458 2741,2464 2631,2432 2521,2449 2468,2424 2271,2447 2056,2427"/>
                <Baseline points="2062,2470 2100,2471 2139,2473 2177,2474 2216,2475 2254,2476 2293,2476 2331,2477 2370,2477 2408,2477 2447,2477 2485,2477 2524,2477 2562,2477 2601,2477 2639,2478 2678,2478 2716,2479 2755,2479 2793,2480 2832,2482"/>
                <TextEquiv>
                    <Unicode>das sich von Liebelei unterscheidet ...</Unicode>
                </TextEquiv>
            </TextLine>
            <TextLine id="r3l47" custom="readingOrder {index:46;}">
                <Coords points="2136,2526 3070,2559 3071,2510 2960,2499 2137,2498"/>
                <Baseline points="2143,2527 2189,2528 2235,2529 2281,2530 2327,2532 2373,2533 2419,2535 2465,2536 2511,2537 2557,2538 2603,2540 2649,2540 2695,2542 2741,2543 2787,2543 2833,2544 2879,2544 2925,2544 2971,2544 3017,2543 3063,2543"/>
                <TextEquiv>
                    <Unicode>Was man an Schnitzlers „Liebelei“ haupt¬</Unicode>
                </TextEquiv>
            </TextLine>
            <TextLine id="r3l48" custom="readingOrder {index:47;}">
                <Coords points="2058,2590 2823,2612 3072,2596 3073,2558 2496,2566 2108,2530 2058,2554"/>
                <Baseline points="2064,2578 2114,2579 2164,2581 2214,2582 2264,2583 2314,2584 2364,2586 2414,2587 2464,2587 2514,2589 2565,2589 2615,2590 2665,2591 2715,2591 2765,2592 2815,2592 2865,2592 2915,2591 2965,2591 3015,2590 3066,2589"/>
                <TextEquiv>
                    <Unicode>sächlich rühmen wird, ist seine Personen= und</Unicode>
                </TextEquiv>
            </TextLine>
            <TextLine id="r3l49" custom="readingOrder {index:48;}">
                <Coords points="2050,2637 3081,2637 3000,2596 2051,2589"/>
                <Baseline points="2056,2630 2109,2631 2163,2631 2216,2632 2270,2633 2324,2634 2377,2635 2431,2637 2485,2638 2538,2639 2592,2640 2645,2641 2699,2641 2753,2642 2806,2642 2860,2642 2914,2642 2967,2641 3021,2640 3075,2638"/>
                <TextEquiv>
                    <Unicode>Milieuschilderung, allenfalls noch ein stellenweise</Unicode>
                </TextEquiv>
            </TextLine>
            <TextLine id="r3l50" custom="readingOrder {index:49;}">
                <Coords points="2051,2691 3071,2706 3071,2670 2983,2650 2785,2669 2641,2642 2572,2673 2466,2641 2052,2637"/>
                <Baseline points="2058,2679 2108,2679 2158,2680 2209,2681 2259,2682 2309,2683 2360,2684 2410,2684 2460,2685 2511,2686 2561,2687 2611,2688 2662,2688 2712,2689 2762,2689 2813,2690 2863,2690 2913,2690 2964,2690 3014,2690 3065,2690"/>
                <TextEquiv>
                    <Unicode>fließend geführter Dialog. Alles in allem keines¬</Unicode>
                </TextEquiv>
            </TextLine>
            <TextLine id="r3l51" custom="readingOrder {index:50;}">
                <Coords points="2054,2731 3076,2740 3076,2713 2908,2693 2849,2719 2813,2692 2054,2699"/>
                <Baseline points="2060,2728 2110,2730 2160,2731 2211,2732 2261,2734 2312,2735 2362,2736 2413,2736 2463,2737 2514,2737 2564,2738 2614,2738 2665,2739 2715,2739 2766,2739 2816,2739 2867,2740 2917,2740 2968,2741 3018,2741 3069,2742"/>
                <TextEquiv>
                    <Unicode>wegs genug für ein gutes Schauspiel. Von den</Unicode>
                </TextEquiv>
            </TextLine>
            <TextLine id="r3l52" custom="readingOrder {index:51;}">
                <Coords points="2055,2784 3020,2808 3079,2770 2056,2733"/>
                <Baseline points="2062,2779 2112,2779 2163,2780 2213,2780 2264,2781 2314,2782 2365,2783 2415,2784 2466,2785 2516,2786 2567,2787 2617,2788 2668,2789 2718,2789 2769,2790 2819,2790 2870,2791 2920,2791 2971,2790 3021,2790 3072,2789"/>
                <TextEquiv>
                    <Unicode>Figuren, die er auf die Bretter stellt, macht</Unicode>
                </TextEquiv>
            </TextLine>
            <TextLine id="r3l53" custom="readingOrder {index:52;}">
                <Coords points="2053,2826 3069,2854 3069,2812 2999,2794 2054,2784"/>
                <Baseline points="2060,2823 2110,2825 2160,2827 2210,2829 2260,2830 2310,2831 2360,2832 2411,2833 2461,2834 2511,2834 2561,2835 2611,2835 2661,2835 2711,2835 2762,2836 2812,2836 2862,2836 2912,2836 2962,2836 3012,2836 3063,2837"/>
                <TextEquiv>
                    <Unicode>eigentlich nur der alte Violinspieler Weiring den</Unicode>
                </TextEquiv>
            </TextLine>
            <TextLine id="r3l54" custom="readingOrder {index:53;}">
                <Coords points="2045,2878 3070,2891 3070,2857 3010,2842 2046,2847"/>
                <Baseline points="2052,2871 2102,2872 2153,2875 2203,2876 2254,2878 2304,2879 2355,2880 2405,2881 2456,2881 2506,2882 2557,2883 2608,2883 2658,2883 2709,2884 2759,2884 2810,2884 2860,2885 2911,2885 2961,2886 3012,2886 3063,2887"/>
                <TextEquiv>
                    <Unicode>Eindruck von etwas halbwegs Neuem. Wie er do</Unicode>
                </TextEquiv>
            </TextLine>
            <TextLine id="r3l55" custom="readingOrder {index:54;}">
                <Coords points="2047,2934 3054,2947 3054,2911 2987,2888 2860,2912 2302,2881 2146,2909 2048,2878"/>
                <Baseline points="2054,2923 2103,2924 2153,2925 2202,2926 2252,2927 2302,2928 2351,2929 2401,2930 2451,2931 2500,2932 2550,2933 2600,2933 2649,2934 2699,2935 2749,2936 2798,2936 2848,2937 2898,2937 2947,2938 2997,2938 3047,2938"/>
                <TextEquiv>
                    <Unicode>der alten Strumpfwirkersfrau sein Herz ausschüt¬</Unicode>
                </TextEquiv>
            </TextLine>
            <TextLine id="r3l56" custom="readingOrder {index:55;}">
                <Coords points="2045,2996 2834,2981 3017,3009 3054,2957 2046,2950"/>
                <Baseline points="2052,2977 2101,2977 2151,2977 2201,2977 2251,2978 2300,2978 2350,2979 2400,2980 2450,2981 2499,2982 2549,2983 2599,2983 2649,2984 2698,2985 2748,2986 2798,2986 2848,2986 2897,2987 2947,2987 2997,2986 3047,2986"/>
                <TextEquiv>
                    <Unicode>tet, da hat man die Empfindung einer interessan¬</Unicode>
                </TextEquiv>
            </TextLine>
            <TextLine id="r3l57" custom="readingOrder {index:56;}">
                <Coords points="2054,3031 3060,3036 3060,3003 2833,2981 2562,3009 2305,2977 2245,3008 2055,2976"/>
                <Baseline points="2061,3025 2110,3025 2160,3025 2209,3025 2259,3026 2309,3026 2358,3027 2408,3028 2457,3029 2507,3030 2557,3031 2606,3032 2656,3033 2705,3033 2755,3034 2805,3035 2854,3035 2904,3035 2953,3035 3003,3035 3053,3034"/>
                <TextEquiv>
                    <Unicode>ten, zum mindesten noch nicht abgegriffenen Figur</Unicode>
                </TextEquiv>
            </TextLine>
            <TextLine id="r3l58" custom="readingOrder {index:57;}">
                <Coords points="2051,3091 2459,3069 3055,3104 3056,3040 2052,3033"/>
                <Baseline points="2058,3077 2107,3077 2157,3076 2206,3076 2256,3075 2305,3075 2355,3076 2404,3076 2454,3076 2503,3077 2553,3077 2603,3078 2652,3079 2702,3080 2751,3080 2801,3082 2850,3082 2900,3083 2949,3085 2999,3086 3049,3087"/>
                <TextEquiv>
                    <Unicode>gegenüberzustehen — man denkt vielleicht an Grill¬</Unicode>
                </TextEquiv>
            </TextLine>
            <TextLine id="r3l59" custom="readingOrder {index:58;}">
                <Coords points="2047,3121 2388,3152 2598,3121 2863,3158 2936,3126 3061,3142 3062,3104 2048,3083"/>
                <Baseline points="2053,3124 2103,3123 2153,3122 2203,3122 2253,3122 2303,3122 2353,3123 2403,3124 2453,3125 2503,3126 2554,3127 2604,3128 2654,3130 2704,3131 2754,3132 2804,3133 2854,3134 2904,3134 2954,3134 3004,3134 3055,3133"/>
                <TextEquiv>
                    <Unicode>parzers armen Spielmann. Herrn Nelson ist es</Unicode>
                </TextEquiv>
            </TextLine>
            <TextLine id="r3l60" custom="readingOrder {index:59;}">
                <Coords points="2052,3186 3031,3198 3073,3158 2052,3145"/>
                <Baseline points="2058,3172 2108,3171 2158,3171 2209,3172 2259,3172 2310,3173 2360,3174 2410,3175 2461,3176 2511,3177 2562,3178 2612,3180 2662,3181 2713,3182 2763,3183 2814,3184 2864,3185 2914,3185 2965,3186 3015,3186 3066,3185"/>
                <TextEquiv>
                    <Unicode>gestern trefflich gelungen, diese Gestalt glaubhaft</Unicode>
                </TextEquiv>
            </TextLine>
            <TextLine id="r3l61" custom="readingOrder {index:60;}">
                <Coords points="2050,3223 3067,3226 2926,3188 2752,3182 2686,3214 2602,3179 2050,3185"/>
                <Baseline points="2056,3218 2106,3219 2156,3220 2206,3221 2256,3222 2307,3223 2357,3223 2407,3224 2457,3225 2507,3225 2558,3226 2608,3226 2658,3227 2708,3228 2758,3228 2809,3229 2859,3230 2909,3231 2959,3232 3009,3233 3060,3234"/>
                <TextEquiv>
                    <Unicode>und sympathisch darzustellen. Sowohl in der</Unicode>
                </TextEquiv>
            </TextLine>
            <TextLine id="r3l62" custom="readingOrder {index:61;}">
                <Coords points="2060,3278 3065,3286 2980,3232 2060,3236"/>
                <Baseline points="2066,3267 2115,3269 2165,3270 2214,3271 2264,3272 2314,3272 2363,3273 2413,3274 2463,3274 2512,3275 2562,3275 2612,3276 2661,3277 2711,3277 2761,3278 2810,3279 2860,3279 2910,3280 2959,3281 3009,3282 3059,3284"/>
                <TextEquiv>
                    <Unicode>Szene mit der alten Binder, die bei Frl. Kühnau,</Unicode>
                </TextEquiv>
            </TextLine>
            <TextLine id="r3l63" custom="readingOrder {index:62;}">
                <Coords points="2055,3329 3067,3338 3044,3300 2937,3285 2056,3278"/>
                <Baseline points="2062,3315 2114,3318 2167,3320 2219,3321 2272,3323 2324,3324 2377,3325 2430,3326 2482,3326 2535,3327 2587,3327 2640,3328 2692,3328 2745,3328 2798,3329 2850,3330 2903,3330 2955,3332 3008,3333 3061,3334"/>
                <TextEquiv>
                    <Unicode>wie man wohl nicht mehr zu betonen braucht, in</Unicode>
                </TextEquiv>
            </TextLine>
            <TextLine id="r3l64" custom="readingOrder {index:63;}">
                <Coords points="2045,3378 2621,3388 2676,3363 2832,3402 3060,3371 3060,3338 2993,3331 2046,3335"/>
                <Baseline points="2052,3365 2102,3366 2152,3368 2202,3370 2252,3371 2302,3372 2352,3373 2402,3374 2452,3375 2502,3376 2552,3377 2602,3378 2652,3379 2702,3379 2752,3380 2802,3380 2852,3380 2902,3381 2952,3380 3002,3380 3053,3380"/>
                <TextEquiv>
                    <Unicode>den allerbesten Händen war, wie auch in der</Unicode>
                </TextEquiv>
            </TextLine>
            <TextLine id="r3l65" custom="readingOrder {index:64;}">
                <Coords points="2055,3417 2886,3441 3042,3438 3058,3403 2055,3374"/>
                <Baseline points="2061,3415 2110,3417 2160,3419 2209,3420 2259,3421 2308,3422 2358,3423 2407,3424 2457,3424 2506,3425 2556,3425 2605,3425 2655,3426 2704,3426 2754,3427 2803,3427 2853,3427 2902,3428 2952,3429 3001,3429 3051,3430"/>
                <TextEquiv>
                    <Unicode>Aussprache mit seiner Tochter, die Frl. Lederer</Unicode>
                </TextEquiv>
            </TextLine>
            <TextLine id="r3l66" custom="readingOrder {index:65;}">
                <Coords points="2055,3473 3063,3486 3063,3429 2055,3440"/>
                <Baseline points="2061,3466 2110,3467 2160,3468 2210,3469 2260,3470 2309,3471 2359,3471 2409,3472 2459,3473 2508,3473 2558,3474 2608,3474 2658,3475 2707,3475 2757,3476 2807,3476 2857,3477 2906,3477 2956,3478 3006,3478 3056,3479"/>
                <TextEquiv>
                    <Unicode>ergreifend, stellenweise wirklich erschütternd ver¬</Unicode>
                </TextEquiv>
            </TextLine>
            <TextLine id="r3l67" custom="readingOrder {index:66;}">
                <Coords points="2051,3523 3017,3546 3052,3503 2964,3475 2687,3507 2568,3473 2052,3477"/>
                <Baseline points="2057,3516 2106,3517 2155,3518 2205,3519 2254,3519 2304,3520 2353,3520 2402,3521 2452,3521 2501,3521 2551,3522 2600,3522 2649,3522 2699,3523 2748,3523 2798,3524 2847,3525 2896,3526 2946,3527 2995,3528 3045,3530"/>
                <TextEquiv>
                    <Unicode>körperte, leistete er Treffliches. Das Paar Mitzi¬</Unicode>
                </TextEquiv>
            </TextLine>
            <TextLine id="r3l68" custom="readingOrder {index:67;}">
                <Coords points="2054,3572 3032,3589 3058,3537 2055,3524"/>
                <Baseline points="2061,3562 2110,3563 2160,3564 2209,3565 2259,3566 2308,3567 2358,3568 2407,3569 2457,3570 2506,3571 2556,3572 2605,3572 2655,3573 2704,3574 2754,3575 2803,3576 2853,3576 2902,3577 2952,3578 3001,3579 3051,3580"/>
                <TextEquiv>
                    <Unicode>Theodor (Fräulein Bognar und Herr Wonger)</Unicode>
                </TextEquiv>
            </TextLine>
            <TextLine id="r3l69" custom="readingOrder {index:68;}">
                <Coords points="2050,3618 2650,3641 2734,3618 2735,3594 2593,3572 2524,3594 2050,3573"/>
                <Baseline points="2056,3614 2089,3615 2123,3615 2156,3616 2190,3617 2224,3618 2257,3618 2291,3619 2324,3619 2358,3620 2392,3620 2425,3621 2459,3621 2492,3621 2526,3621 2560,3621 2593,3621 2627,3621 2660,3621 2694,3620 2728,3620"/>
                <TextEquiv>
                    <Unicode>war aufs Beste zusammengebracht</Unicode>
                </TextEquiv>
            </TextLine>
            <TextLine id="r3l70" custom="readingOrder {index:69;}">
                <Coords points="2771,3636 2798,3645 2814,3630 2843,3629 2857,3641 2883,3633 2966,3639 2990,3629 3023,3635 3050,3628 3051,3601 3034,3604 2995,3582 2968,3590 2944,3583 2928,3593 2913,3582 2772,3587"/>
                <Baseline points="2778,3623 2804,3622 2831,3623 2857,3623 2884,3625 2911,3626 2937,3627 2964,3627 2990,3628 3017,3627 3044,3625"/>
                <TextEquiv>
                    <Unicode>sowohl Fräu¬</Unicode>
                </TextEquiv>
            </TextLine>
            <TextLine id="r3l71" custom="readingOrder {index:70;}">
                <Coords points="2049,3661 3067,3685 3068,3640 2995,3629 2880,3653 2050,3629"/>
                <Baseline points="2055,3664 2105,3664 2155,3665 2205,3665 2256,3666 2306,3666 2356,3667 2407,3668 2457,3668 2507,3669 2558,3669 2608,3670 2658,3671 2708,3672 2759,3673 2809,3673 2859,3674 2910,3674 2960,3675 3010,3675 3061,3675"/>
                <TextEquiv>
                    <Unicode>lein Bognar wie Herr Wonger lagen die gestrigen</Unicode>
                </TextEquiv>
            </TextLine>
            <TextLine id="r3l72" custom="readingOrder {index:71;}">
                <Coords points="2051,3719 3022,3739 3068,3685 2052,3660"/>
                <Baseline points="2058,3709 2108,3711 2158,3712 2208,3714 2258,3715 2308,3717 2358,3718 2409,3718 2459,3719 2509,3720 2559,3720 2609,3721 2659,3721 2709,3721 2760,3722 2810,3722 2860,3722 2910,3722 2960,3723 3010,3723 3061,3723"/>
                <TextEquiv>
                    <Unicode>Rolien trefflich, mag auch Herr Wonger vielleicht</Unicode>
                </TextEquiv>
            </TextLine>
            <TextLine id="r3l73" custom="readingOrder {index:72;}">
                <Coords points="2052,3761 2539,3792 3060,3769 3060,3743 2962,3757 2880,3722 2052,3721"/>
                <Baseline points="2058,3761 2107,3762 2157,3762 2207,3763 2257,3763 2306,3764 2356,3765 2406,3766 2456,3766 2505,3767 2555,3768 2605,3768 2655,3769 2704,3770 2754,3770 2804,3771 2854,3772 2903,3772 2953,3772 3003,3773 3053,3773"/>
                <TextEquiv>
                    <Unicode>im ersten Akt stellenweise etwas gewaltsam im</Unicode>
                </TextEquiv>
            </TextLine>
            <TextLine id="r3l74" custom="readingOrder {index:73;}">
                <Coords points="2050,3816 2912,3839 3058,3813 2999,3774 2051,3773"/>
                <Baseline points="2056,3812 2105,3811 2155,3811 2205,3811 2255,3811 2304,3812 2354,3812 2404,3813 2454,3814 2503,3815 2553,3816 2603,3817 2653,3818 2702,3819 2752,3820 2802,3821 2852,3822 2901,3823 2951,3823 3001,3823 3051,3824"/>
                <TextEquiv>
                    <Unicode>Zentrum der Handlung, wenn man von einer sol¬</Unicode>
                </TextEquiv>
            </TextLine>
            <TextLine id="r3l75" custom="readingOrder {index:74;}">
                <Coords points="2043,3876 2940,3858 3025,3892 3058,3883 3059,3834 2044,3822"/>
                <Baseline points="2050,3859 2100,3859 2150,3859 2200,3860 2250,3861 2300,3862 2350,3863 2400,3863 2450,3865 2500,3866 2551,3867 2601,3868 2651,3870 2701,3870 2751,3871 2801,3872 2851,3872 2901,3873 2951,3873 3001,3872 3052,3872"/>
                <TextEquiv>
                    <Unicode>chen überhaupt sprechen kann, gestanden sein.</Unicode>
                </TextEquiv>
            </TextLine>
            <TextLine id="r3l76" custom="readingOrder {index:75;}">
                <Coords points="2042,3926 3059,3938 3059,3902 2979,3877 2042,3876"/>
                <Baseline points="2048,3906 2098,3907 2148,3908 2198,3909 2248,3910 2299,3912 2349,3912 2399,3914 2449,3915 2499,3915 2550,3916 2600,3917 2650,3918 2700,3918 2750,3919 2801,3919 2851,3920 2901,3920 2951,3921 3001,3921 3052,3921"/>
                <TextEquiv>
                    <Unicode>Herrn Olden in einer größeren Rolle zu sehen,</Unicode>
                </TextEquiv>
            </TextLine>
            <TextLine id="r3l77" custom="readingOrder {index:76;}">
                <Coords points="2051,3965 2907,3982 3054,3958 3014,3920 2052,3919"/>
                <Baseline points="2058,3952 2107,3954 2157,3956 2206,3957 2256,3959 2305,3960 2355,3961 2404,3962 2454,3962 2503,3963 2553,3963 2602,3964 2652,3964 2701,3965 2751,3965 2800,3966 2850,3967 2899,3967 2949,3969 2998,3970 3048,3971"/>
                <TextEquiv>
                    <Unicode>ist immer ein besonderes Vergnügen. Mag die</Unicode>
                </TextEquiv>
            </TextLine>
            <TextLine id="r3l78" custom="readingOrder {index:77;}">
                <Coords points="2036,4002 3057,4019 3043,3968 2037,3970"/>
                <Baseline points="2042,4003 2092,4004 2142,4005 2193,4006 2243,4008 2294,4009 2344,4010 2394,4011 2445,4012 2495,4013 2546,4014 2596,4015 2646,4015 2697,4016 2747,4016 2798,4017 2848,4017 2898,4016 2949,4016 2999,4016 3050,4015"/>
                <TextEquiv>
                    <Unicode>Rolle des Fritz auch lange nicht so dankbar sein,</Unicode>
                </TextEquiv>
            </TextLine>
            <TextLine id="r3l79" custom="readingOrder {index:78;}">
                <Coords points="2043,4064 3046,4070 3046,4020 2044,4022"/>
                <Baseline points="2050,4051 2099,4053 2149,4054 2198,4055 2248,4056 2297,4057 2347,4058 2396,4058 2446,4059 2495,4059 2545,4060 2594,4060 2644,4060 2693,4060 2743,4060 2792,4060 2842,4060 2891,4060 2941,4060 2990,4060 3040,4060"/>
                <TextEquiv>
                    <Unicode>wie jene, mit der er seinerzeit in „Anatole“ bril¬</Unicode>
                </TextEquiv>
            </TextLine>
            <TextLine id="r3l80" custom="readingOrder {index:79;}">
                <Coords points="2041,4109 3016,4125 3057,4119 3058,4073 2042,4063"/>
                <Baseline points="2048,4099 2098,4100 2148,4102 2198,4103 2248,4104 2298,4105 2348,4106 2399,4107 2449,4108 2499,4108 2549,4109 2599,4109 2649,4110 2699,4110 2750,4111 2800,4112 2850,4112 2900,4113 2950,4114 3000,4115 3051,4116"/>
                <TextEquiv>
                    <Unicode>liert hat, so erwies es sich auch gestern, daß</Unicode>
                </TextEquiv>
            </TextLine>
            <TextLine id="r3l81" custom="readingOrder {index:80;}">
                <Coords points="2033,4136 2702,4182 2963,4148 3002,4177 3065,4146 3065,4114 2347,4128 2033,4083"/>
                <Baseline points="2039,4145 2090,4147 2141,4148 2192,4150 2243,4151 2294,4152 2345,4154 2396,4155 2447,4156 2498,4157 2549,4158 2600,4158 2651,4159 2702,4159 2753,4159 2804,4159 2855,4159 2906,4159 2957,4158 3008,4157 3059,4156"/>
                <TextEquiv>
                    <Unicode>Herr Olden nur einen großen Fehler hat — zu</Unicode>
                </TextEquiv>
            </TextLine>
            <TextEquiv>
                <Unicode>Paria, Kom, dan Francisco, Stockholm, St. Petersburg.
Sieben ############
Dlatt
Asesehnltt ars: Hertnanusun
14. 2 1913
963:
Theater.
(Dr. F. C.) Man hat gelegentlich einmal ge¬
sagt, daß bei Arthur Schnitzler Liebelei und Ster¬
fbelei gewöhnlich Hand in Hand gingen. Auf das
gestern aufgeführte dreiaktige Schauspiel, das sich
ausgesprochen „Liebelei“ nennt, paßt der zitierte
Ausspruch in erster Linie. In der chiken Garcon¬
wohnung von Fritz Lobheimer wird nämlich gelie¬
belt, zu welchem Zweck zwei junge Damen beigezogen
sind und ein zweiter junger Herr. Die beiden
Paare sind sehr ungleich, das eine (Theodor Kai¬
ser — Mitzi Schlager) ist fidel und leichtsinnig,
das andere (Fritz Lobheimer — Christine Weiring)¬
ist sentimental und wird häufig von Ewigkeitsgedan¬
ken behelligt. Christine ist nämlich ein relativ an¬
ständiges Mädchen und liebt Fritz wirklich; Fritz
liebt sie auch, aber er hat im Hintergrund ein
„dämonisches Weib“, so daß man ahnt, von welcher
Gegend her der tragische Einschlag kommt. Ein
Heri erscheint — finster und mit schwarzem Cuta¬
way bekleidet, sagt Fritz, daß seine (des Herrn)
Gattin bei ihm (Fritz) einen Schleier vergessen habe“
und fordert Genugtuung. Wesentlich mehr Hand¬
Eeilt o
lung hat aber auch der zweite Akt nicht und im
dritten erfährt die unglückliche Christine, was wir
alle schon lange wissen, daß ihr geliebter Fritz
tot ist — im Zweikampf gefallen für eine andere.
Man soll Schnitzlers „Liebelei“ mit Schillers
„Kabale und Liebe“ verglichen haben. Gerade frap¬
pant ist aber die Aehnlichkeit zwischen den bei¬
den Stücken kaum zu nennen. Allerdings kommt
ja in beiden ein alter Musiker vor, der je
eine Tochter hat. Und in beiden Fälle werden die
Töchter gegen Ende des Stückes sehr unglücklich.
Auch eine gewisse Aehnlichkeit der Titel läßt sich
nicht verkennen. Kabale kommt aber in der
„Liebelei“ sozusagen gar nicht vor — und Liebe
ist der allgemeinen Anschauung nach doch etwas,
das sich von Liebelei unterscheidet ...
Was man an Schnitzlers „Liebelei“ haupt¬
sächlich rühmen wird, ist seine Personen= und
Milieuschilderung, allenfalls noch ein stellenweise
fließend geführter Dialog. Alles in allem keines¬
wegs genug für ein gutes Schauspiel. Von den
Figuren, die er auf die Bretter stellt, macht
eigentlich nur der alte Violinspieler Weiring den
Eindruck von etwas halbwegs Neuem. Wie er do
der alten Strumpfwirkersfrau sein Herz ausschüt¬
tet, da hat man die Empfindung einer interessan¬
ten, zum mindesten noch nicht abgegriffenen Figur
gegenüberzustehen — man denkt vielleicht an Grill¬
parzers armen Spielmann. Herrn Nelson ist es
gestern trefflich gelungen, diese Gestalt glaubhaft
und sympathisch darzustellen. Sowohl in der
Szene mit der alten Binder, die bei Frl. Kühnau,
wie man wohl nicht mehr zu betonen braucht, in
den allerbesten Händen war, wie auch in der
Aussprache mit seiner Tochter, die Frl. Lederer
ergreifend, stellenweise wirklich erschütternd ver¬
körperte, leistete er Treffliches. Das Paar Mitzi¬
Theodor (Fräulein Bognar und Herr Wonger)
war aufs Beste zusammengebracht
sowohl Fräu¬
lein Bognar wie Herr Wonger lagen die gestrigen
Rolien trefflich, mag auch Herr Wonger vielleicht
im ersten Akt stellenweise etwas gewaltsam im
Zentrum der Handlung, wenn man von einer sol¬
chen überhaupt sprechen kann, gestanden sein.
Herrn Olden in einer größeren Rolle zu sehen,
ist immer ein besonderes Vergnügen. Mag die
Rolle des Fritz auch lange nicht so dankbar sein,
wie jene, mit der er seinerzeit in „Anatole“ bril¬
liert hat, so erwies es sich auch gestern, daß
Herr Olden nur einen großen Fehler hat — zu</Unicode>
            </TextEquiv>
        </TextRegion>
    </Page>
</PcGts>
