3484 4192
329 241 738 312 Liebelei
326 229 1324 353 4 box 13/6
2026 557 2512 669 Vorsenblatt. Tasnee
2006 688 2518 811 = 0Kl. 1834
451 704 1186 804 „OBSERVER
498 776 1208 860 I. österr. behördl. konzessioniertes
1877 787 2688 880 Neueinstudierung von Schritzlers „Liebe¬
463 815 1228 912 Unternehmen für Zeitungs-Ausschnitte
1836 841 2687 934 leis. Das Zagreber Dramd bereitet eine
1838 886 2685 973 Neueinstudierung " Schnitzlers Dra¬
568 895 1137 984 Wien I, Wollzeile 11
1840 949 2695 1040 ma -Liebelei- vor. Die Regie führt Ka Me¬
621 963 1074 1027 Telephon R-23-0-43
1847 987 2703 1086 sarié. Die Hauptrollen spielen: Nada Babié,
1833 1028 2704 1115 Ervina Dragman, Bogumila Vilhar, Strahi¬-
1837 1075 2697 1186 nia Petrovié, Mato Grkovié, Rudolf Kukié
441 1072 809 1178 Ausschnitt aus:
1821 1110 2254 1200 und Viekoslav Airié.
778 1131 1292 1266 Morsenbian. Tadeng
442 1270 1266 1387 vom. 30.0NT. 1934
358 1439 1303 1503 Theater, Kunst und Literatur
2658 1528 2785 1636 66
1750 1604 2691 1741 „LILBLEET
365 1545 1712 1710 Arthur Schnitzler:
356 1698 1511 1810 Neueinstudiert im Grossen Theater
2067 1750 2914 1829 len. Und wo blieb es im zweiten, na¬
1227 1759 2054 1839 des Stück entweder nicht aufführen
380 1792 1197 1870 Zagreb, 29. Oktober. Somit hatten
2075 1810 2916 1879 mentlich im dritten Akt? Nada Babié
1216 1806 2050 1896 sollen — einen Dauerwert hat es ohne¬
364 1870 1197 1925 wir Gelegenheit, gewisse Grenzen der
2075 1869 2924 1928 hätte doch nur eines Hinweises ge¬
1217 1872 2053 1934 hin nicht — oder hätte ein Kabinetts¬
2072 1914 2923 1976 braucht, was denn ein ssüßes Mädele
352 1905 1205 1983 Leistungsfähigkeit unseres Theaters
1217 1919 2053 1978 stück daraus machen müssen. Die Fi¬
357 1954 1202 2020 kennenzulernen. Vor allem der Spiel¬
2076 1956 2927 2023 ist. Das übrige hätte sie selbst gebracht.
1220 1975 2060 2023 gur, die Mato Grkovié geschaffen,
355 2010 1202 2074 leitung. Der rührige und unermüdliche
2072 2014 2790 2079 Also fehlte es an dem Hinweis.
1217 2016 2062 2083 hätte dabei in ihrer Hudozestvenigröße
2122 2044 2929 2127 Bogumila Vilhar war die richtige
353 2057 1210 2114 Spielleiter Ka Mesarié stand ganz
1222 2053 2069 2136 und dem Hudozestvenitypus eine treff¬
2064 2102 2920 2168 Figur. Die Künstlerin übte ganz offen¬
352 2099 1215 2161 offenbar vor einer Aufgabe, die ihm im
1227 2114 1989 2180 liche Richtschnur abgeben können.
2083 2136 2929 2215 sichtlich Zurückhaltung. Diese soll ihr
355 2149 1213 2221 ursprünglichen Sinne des Wortes fremd
1265 2152 2053 2221 Dem Personenverzeichnis nach! Stra¬
2086 2202 2842 2271 auch anerkennend gebucht werden.
358 2208 1199 2264 war. Die drei Akte waren jeder für
1228 2201 2068 2283 hinia Petrovié gab den Vater, den
2133 2250 2931 2321 Gjurgiica Devié wirkte sympa¬
352 2257 1198 2318 sich innerlich verschiedenartig ange¬
1229 2272 2069 2322 Geiger. -Liebeleis ist zwar eine Tra¬
2087 2297 2778 2356 thisch durch sicheres Auftreten.
364 2299 1206 2351 legt. Es waren drei Dramen, wovon
1225 2298 2071 2383 gödie, die Figur ist aber keineswegs
2133 2339 2936 2408 Viekoslav Afrié hat gänzlich ver¬
354 2345 1211 2406 das erste (der erste Akt) schwach und
1237 2355 2064 2418 pathetisch. Neben Christine, Mizzi,
2078 2394 2935 2471 sagt. Das war kein Student, kein Sohn
351 2398 1200 2449 blaß, das zweite „passabelz, das dritte
1229 2402 2060 2464 Fritz und Theodor kann es keine Pa¬
2079 2440 2933 2513 reicher Eltern, aber auch nichts ande¬
367 2442 1214 2501 trotz aller Kräftespannung ein Versa¬
1238 2450 2066 2514 thetik im Stück geben. Die Figur wirkte
2079 2487 2948 2548 res. Kein Ton klang aufrichtig noch
365 2484 1210 2560 ger war. Das waren freilich leider kein
1235 2500 2065 2552 und dies auch nur wegen der starken
2087 2549 2927 2603 richtig. Offenbar dieselbe Schuld der
1234 2549 2064 2617 Kunst Petrovié’, daher nur im zweiten
370 2542 1213 2602 Wien und kein Schnitzler. Die modi¬
2081 2586 2925 2656 Spielleitung, wie bei Ervina Dragman.
1230 2592 2077 2670 Akt. Im dritten gab es des Guten zu¬
372 2587 1215 2656 schen Kleider machen es nicht allein.
2088 2632 2945 2712 Bei beiden offenbar auch noch ein
1240 2637 2070 2713 viel. Die Pathetik zerriß das Stück
363 2637 1218 2697 Im Gegenteil. Sie störten. Störten in
2083 2683 2930 2747 Mangel: Man treibt zu wenig Kultur¬
1227 2695 1505 2760 Schnitzlers.
372 2689 1214 2744 einem abscheulichen Maße. Das Stück
2080 2737 2926 2792 und Sittengeschichte. Gewisse Kennt¬
1272 2722 2074 2801 Aus demselben Grunde war die gan¬
357 2733 1215 2795 Schnitzlers ist sowohl seinem äußeren
2088 2784 2939 2846 nisse gehören ins Fach des modernen
1234 2790 2074 2847 ze Figur unserer lieben und werten
366 2780 1208 2845 Rahmen als auch seinem inneren Ge¬
2087 2832 2933 2881 Schauspielers. Auch frug man sich
1235 2836 2077 2899 Ervina Dragman mißraten. Diese
366 2828 1217 2891 schehen nach kein Stück, das aus einem
2085 2871 2927 2943 ganz erstaunt, was denn jenes Herum¬
1246 2884 2073 2945 Trauerweide ist vom ersten Akt an
361 2889 1208 2953 bestimmten Jahrzehnt Wiens heraus¬
2091 2924 2930 2990 torkeln und Herumstolpern auf der
1232 2937 2065 3001 falsch aufgefaßt und falsch durchge¬
362 2922 1210 3008 gewachsen wäre. Liebeleien dieser Art
2080 2949 2930 3029 Bühne zu bedeuten hätte. Man ist von
1247 2973 2068 3051 führt. Ervina Dragman verfügt über
360 2976 1215 3052 sind überhaupt nicht ort- und zeitbe¬
2082 3025 2933 3082 Afrié ganz andere Leistungen gewöhnt.
1239 3020 2081 3086 innige Töne, die unbedingt wirken
371 3031 1216 3092 dingt. Modekleider älteren Datums wir¬
2089 3067 2940 3132 Diesmal scheinen sich durch eine sel¬
1228 3072 2076 3137 müssen. Ihre Sentimentalität ist echt.
360 3071 1216 3150 ken dazu in der Regel lachhaft. Denn
2093 3109 2939 3176 tene Koinzidenz die Fehler des Künst¬
1232 3123 2082 3176 Hier war sie falsch verwendet. In den
369 3125 1227 3183 Mode ist kein Stil und kein Symbol ei¬
2086 3163 2938 3240 lers und die des Spielleiters gegensei¬
1234 3164 2086 3235 beiden ersten Akten war fast kein
375 3171 1218 3235 ner Epoche. Ebenso wie alte Jungfern
2100 3209 2622 3289 tig potenziert zu haben.
1241 3228 2075 3281 Satz richtig eingesetzt, noch richtig
363 3217 1220 3280 komisch und verletzend wirken, wenn
2139 3256 2949 3321 Rudolf Kukié als Theodor gab sich
1241 3268 2075 3324 moduliert. Im dritten Akt gab es starke
367 3263 1217 3327 sie sich angeblich znicht modische, in
2101 3302 2947 3358 eine Note zu blöd. Er muß zwar ein
1243 3316 2075 3369 Momente. Die Künstlerin steuerte aber
369 3323 1228 3390 Wirklichkeit aber nach einem zufälli¬
2092 3348 2940 3419 liebenswürdiger Flachkopf sein, aber
1249 3361 2081 3428 von Anfang an zu geradlinig auf diese
365 3369 1226 3439 gen Modeschnitt ihrer Jugendjahre
2097 3413 2933 3479 tatsächlich ein gemütlicher, ein esym¬
1242 3413 2080 3485 Endszenen hin. Es muli ganz anders
381 3422 1228 3487 kleiden. So wirkten auch die weibli¬
2096 3454 2378 3514 pathischer.
1246 3461 2092 3532 kommen. Das Flockige der Gestalt
369 3475 1212 3530 chen Gestalten auf der Bühne. Solche
2137 3467 2947 3568 Mato Grkovié muß zum Schluß
1242 3506 2078 3578 muß anfangs zur Geltung kommen.
374 3519 1227 3585 Dramen sind zeitlos zu geben. Dann
2105 3547 2945 3614 nochmals mit ehrender Anerkennung
1246 3558 2080 3616 Dann schneiden Autor und Künstlerin
378 3554 1231 3626 kommt der Ideen- und Gefühlsinhalt
2108 3602 2942 3653 genannt werden. Es war eine Spitzen¬
1247 3597 2089 3665 immer tiefere Linien in das Stück.
374 3618 1224 3683 zur Geltung. Das er Samstag glatt hin¬
2106 3647 2944 3702 leistung, diese kleine Nebenrolle. Ja,
1252 3655 2084 3710 Die letzten Schreie haben dann den
370 3658 1232 3733 gemordet wurde, daran ist auch die¬
2113 3695 2955 3762 die sind so zu spielen. Dann hat das
1245 3702 2081 3760 Augenblick zu zeigen, da das dumme
370 3703 1227 3789 ser -Echtheitskollere mitschuldig, Die
2113 3739 2574 3812 Zeug seine Wirkung.
1254 3742 2086 3812 Gänschen zum tragisch liebenden Weib
382 3752 1218 3815 Aufführung zeigte, daß Mesarié keine
2144 3771 2944 3844 Man muß mit Stücken dieser Art äu¬
1244 3792 2083 3870 geworden. Da hätte eben die Spiellei¬
373 3801 1232 3870 Ahnung vom Wiener ssüßen Mädele
2099 3844 2947 3892 Berst vorsichtig sein. Zumal kein zwin¬
1252 3851 2078 3899 tung von Anfang an eingreifen müssen.
386 3852 1218 3910 hat. Daher waren die Figuren von Er¬
2102 3893 2942 3944 gender Grund vorliegt, sie aufzufüh¬
1250 3898 2081 3947 Das sind keine Ansichtssachene. Die
383 3898 1232 3975 vina Dragman und Nada Babié falsch
2113 3943 2945 3996 ren. Wir wollen hoffen, daß dieser
1242 3935 2080 4011 Figur ist von Schnitzler eindeutig ge¬
376 3951 1226 4019 eingestellt, und das ganze Stück geriet
2110 3982 2954 4049 Abend nicht so bald einen gleichen
1255 3991 1466 4058 zeichnet.
377 3999 1232 4072 damit in eine verlogene Perspektive,
1289 4014 2508 4108 Nada Babié wird wohl niemand ] Nachfolger erhält.
383 4045 1241 4105 die als Endergebnis eine Lauheit des
2508 4040 2946 4154 Zdenko Vernic „
388 4076 2091 4181 Publikums zur Folge hatte. Man hätte das volle Theaterblut absprechen wol¬
