3248 4320
473 178 691 247 iebe
266 176 943 296 5. Knei
917 2189 1029 2297 n%
927 2290 1039 2353 ale,
936 2338 1034 2412 der
924 2387 1023 2471 er¬
915 2425 1040 2509 #7
929 2494 1020 2555 für
920 2534 1006 2611 i'n,
952 160 1386 257 box 10/1
1912 316 2554 411 Oun „. Un Thedlel-Bor
1288 360 2581 470 steuungen verboten. Er schwärmt offenbar nur für — „ungarische
1273 436 1593 504 Komödien“
1692 559 2160 654 Theater-Figaro.
1377 613 2576 704 Merkt es Euch, Ihr neuaufstreben wollenden dramatischen Schrift¬
1278 691 2628 773 steller=Talente, die Ihr dem bescheidenen Grundsatz huldigt, Euch in ###
1286 750 2573 816 der Stille zu bilden! Talent allein nützt nichts, man muß auch einer
1282 792 2573 842 Clique angehören, wenn man überhaupt aufgeführt und hinterher
1285 845 2579 895 um jedes Preis gelobt sein will. — Diese Clique vermag eben heut¬
1286 895 2571 960 zutage Vieles — man könnte sagen beinahe Alles! — Das schaufelt,
1277 960 2570 1008 gräbt, bohrt und sprengt sogar, wenn es auf zu hartes Gestein soßt,
1284 985 2570 1039 um sich mit seinen ersten dramatischen Stylübungen gleich Eingang
1278 1039 2579 1098 zu den ersten Bühnen zu brechen. Wie wäre es sonst möglich, daß
1286 1085 2575 1154 wir auf den vornehmsten Theatern Wien's Stücken begegnen würden,
1277 1138 2577 1202 die jeder Dramaturg als dramatisch unreif, demnach als zur Auf¬
1275 1189 2578 1246 führung ungeeignet zurückweisen müßte. Die Clique zwingt aber förmlich
1279 1239 2576 1294 die Wiener vornehmsten Bühnen, sich zu Versuchsstationen für die
1277 1267 2583 1357 grünen Erzeugnisse ihrer Angehörigen herzugeben. Wir haben da
1282 1346 2568 1399 neuestens wieder zwei Werke erlebt, Arthur Schnitzler's „Liebelei“.
1285 1386 2579 1455 im Burgtheater und „Ein Regentag" Charakterstudie von
1282 1437 2576 1489 J. J. David im Deutschen Volkstheater. Beide
1278 1487 2579 1536 Herren werden als große Geister gepriesen. Für Beide wurde, obwohl
1289 1532 2576 1598 sie als dramatische Schriftsteller eigentlich noch gar nichts Nennens¬
1279 1579 2575 1639 werthes geleistet hatten, die Reklametrommel in mächtiger Weise
1285 1632 2580 1691 gerührt. Die Tage der Aufführungen rückten heran. Das Publikum
1285 1687 2581 1732 kam, sah und — war auf's höchste enttäuscht. — „Das also ist
1285 1732 2606 1800 jenes, schon im Vorhinein als so hochinteressant gepriesene Werk? —
1291 1783 2585 1863 J, du lieber Himmel! Ich habe mich selten so gelangweilt. — Wie
1607 1858 2366 2096 K NG
1945 2050 2490 2198 4/5 —8
1057 2236 2340 2323 man nur so etwas geben kann!“ — So und ähnlich flüsterte man
1052 2284 2337 2371 sich beim Nachhausegehen zu. — Aber große Talente — bedeutende
1051 2342 2302 2417 Dichter — sind die Herren laut Bericht doch. — Zugegeben! —
1044 2389 2342 2479 Wir wollen es ihnen nicht absprechen — sie mögen vielleicht ganz
1057 2430 2340 2519 interessante Novellen, Romane und Charakterstudien schaffen können,
1045 2489 2332 2570 aber wirksame dramatische Werke zu schaffen, verstehen sie absolut
1031 2540 2332 2617 nicht. Das steht einmal fest! — Wenn sie sich auch an den ersten
1050 2578 2326 2665 Aufführungs=Abenden von ihren Freunden und Bekannten und von
1035 2625 2330 2712 der Claque bejubeln und vor die Rampen rufen lassen — solcher
1035 2675 2328 2761 Triumph ist nicht dauerhaft; ja, es mehrt auch keineswegs den Ruhm
1044 2737 2330 2821 solcher Dichter, wenn man die Opponenten — wie dies im Deutschen
1036 2782 2325 2859 Volkstheater bei der Première des „Regentag“ geschah — mit
1045 2836 1841 2905 Brachialgewalt aus dem Theater entfernt.
1131 2883 2321 2952 Still und geräuschlos wurde im Josephstädter Theater
1045 2940 2313 3017 „Die Doppelhochzeit“ abgesetzt und ein dreiaktiger Schwank „Der
1035 2985 2318 3069 Rabenvater“ von Hanns Fischer und Josef Jarno aufgeführt.
1033 3030 2321 3120 Mindestens zwei Autoren müssen es heutzutage sein. Diese dramatischen
1037 3071 2312 3163 Kompagniearbeiten sind eben auch eine „Errungenschaft“ unserer
1025 3122 2320 3215 Neuzeit. Früher, in der „verzopften Epoche“ gab es das allerdings
1029 3191 2315 3246 nicht. Da trat jeder Schriftsteller, der als solcher gelten wollte, allein
1036 3246 2292 3317 auf den Plan und man kam nie in die eigenthümliche Lage, „Dichter“
1023 3278 2309 3352 paarweise beurtheilen zu müssen. Heute hat auch da, wie im Fabriks¬
1031 3331 2307 3412 wesen, die Arbeitstheilung platzgegriffen. Ob das die Würde und das
1026 3387 2310 3464 Ansehen der Schriftsteller hebt, wollen wir dahingestellt sein lassen.
1034 3439 2312 3515 „Der Rabenvater“ ist übrigens eine äußerst lustige Situationskomödie
1030 3488 2308 3579 nach französischem Muster gearbeitet — nicht lasziv — aber von
1022 3523 2296 3618 seltenskecker Frivolität. Gespielt wurde überraschend gut, das unaus¬
1018 3582 2306 3670 gesetzte Lachen und der Beifall war echt, das Publikum ging befriedigt
1013 3628 1355 3695 aus dem Hause.
1106 3678 2299 3747 SGelegentlich der Wiederaufnahme des L'Arronge'schen Volks¬
1025 3717 2299 3810 stückes Mein Leopold“ im Raimund=Theater konnte nur die
1030 3784 2299 3854 neue Besetzung interessiren. Das Stück selbst ist ja, wie bekannt, gut
1020 3839 2306 3912 und beliebt. „Mein Leopold“ wurde auch im Raimund=Theater
1160 3878 2304 3946 dgut gespielt, jedoch die ursprüngliche Darstellung, in welcher
1193 3944 2309 3995 Sund Jauner Glanzleistungen boten, weckt bei den älteren
1105 3986 2073 4073 iterbesüchern immer noch angenehmere Erinnerungen.
