3484 4224
587 149 1001 227 Liebelei
1116 146 1584 250 box 13/8
447 139 1005 270 8. Mamt maad
835 652 1058 737 Seite 6
1438 660 1704 773 Sonntag
2351 673 2880 764 Neues Wiener Journal
3399 684 3491 763 4.
2010 745 3500 836 it schlichen, vielicht doch eine Urt von geheiner Rotwendigteit „Schin
964 770 1886 879 Wesen des, Burgtheaters.
1991 808 3081 890 darstellt, läßt sich vom Außensiehenden nicht ergründen.
3188 823 3488 891 erinnern. Di
1213 848 1618 934 Aus Gespräche mit
2113 870 3498 929 Weiters und vor allem kommt das Burgtheater aber zu theaters wurde
1998 897 3498 992 Schaden, weil es aus den verschiedensten Gründen gerade in dem von Schauspie
1193 907 1683 1008 Artur Schnitzler.
2002 952 3492 1021 für ein Theater wichtigsten Belang, im Engagieren und damit allererstklassig.
898 968 2022 1065 Artur Schnitzler liebt es durchaus nicht, sich für die
2002 1012 3499 1084 auch Bezahlen erster schauspielerischer Kräfte sparen muß. Aber einigen sehr
777 1029 2008 1109 Oeffentlichkeit zu „erinnern". Obwohl niemand geistvoller,
2016 1053 3499 1123 schon an sich kommt ihm sein künstlerischer Apparat teurer als der Zusommen
789 1076 2007 1146 scharmanter und erkenntnisreicher über die gewissen, im Laufe
2007 1098 3224 1170 anderen Theatern zu stehen. Rein geschäftlich geführte Betriebe
3204 1096 3487 1170 man das Nebe
787 1128 3490 1214 eines Lebens sich ergebenden Zusammenstöße mit Menschen, können in schlechten Zeiten rücksichtsloser als ein Burg=akzeptiert. Da
784 1187 3495 1235 Masken, Dingen und Institutionen zu erzählen weiß, als theater abbauen und den momentan entbehrlichen Mit= bare, instinktn
781 1220 1019 1298 gerade er.
1999 1237 3210 1305 arbeiter auf die Straße werfen. Hier beginnt aber nicht nur
3217 1258 3500 1317 mehr den Sin
903 1283 3217 1368 Und so macht man ihm auch keine Fieude mit dem ein Noblesse öblige, sondern die soziale Frage in Dingen
3307 1304 3500 1376 Die stär
778 1291 3499 1375 Ersuchen, Erlaubnis zur Veröffentlichung der einen oder anderen des Burgtheaterbetriebs mitzusprechen. Ein Staat, der mit seinen wohl auf das
780 1377 3221 1461 apart pointierten Geschichte zu geben, deren Hintergrund das Steuergeldern so und so viele für ihn vielleicht bereits überflüssig
3204 1407 3496 1465 seligkeit und
775 1414 3217 1481 Burgtheater und deren Handelnde die Menschen aus dem Burg= gewordene Beamte bis an ihr Lebensende zu erhalten sich ver¬
3206 1451 3499 1510 Dieses neue
773 1451 2018 1527 #theater sind. Aus Rücksicht auf Lebende, wie zum Teil auch schon
2008 1473 3219 1550 pflichtet, kann nicht Menschen aufs Pflaster setzen, die das Un¬
3206 1494 3496 1563 stellerischen, d
774 1528 3481 1565 Tote, gibt er diese Erlaubnis nicht, und die Oeffentlichkeit mag glück haben, nichts weiter als Künstler zu sein. So ergeben sich und nie ganz
780 1555 2011 1615 dies bedauern. Denn wenn Artur Schnitzler aus persönlichen
2008 1577 3488 1658 Belastungen, mit denen das Burgtheater immer stärker als ausgezeichnete
783 1592 2011 1673 Erinnerungen eine inhaltlich oft nur winzige Anekdote erzählt
2005 1620 3499 1703 irgendein nächstbester Geschäftsbetrieb zu rechnen haben wird selbst habe sie
802 1653 876 1702 —
852 1652 1999 1729 nicht ohne sich zuvor der Diskretion des Zuhörers zu ver¬
2009 1670 3479 1753 Aber es gehört wohl mit zum Wesen eines Burgtheaters, daß die bestätigen, das
773 1700 2008 1785 sichern — dechiffriert, er mitunter mit zehn Worten ein ganzes
1992 1722 3223 1786 Tatsache seiner Existenz wahrscheinlich und bestenfalls „nur“ ein
3218 1730 3463 1806 abhängt, in
783 1738 1003 1816 Zeitalter.
1982 1746 3223 1852 Aktivposten in künstlerischer und kultureller Hinsicht und nicht
3315 1792 3498 1855 Wenn
890 1767 2007 1862 Seine unveröffentlichten und vielleicht gar nicht geschriebenen
1990 1817 3185 1895 auch die Gewähr eines guten Geschäftes sein kann. c. m.
3188 1814 3498 1909 und warum m
775 1842 2023 1910 persönlichen Erinnerungen ans Burgtheater, mit dem er von
3201 1887 3487 1955 fehlt, so muß
776 1880 2024 1961 frühester Jugend auf verbunden ist, sind solche Dechiffriexungen
2073 1901 2982 2008 Hugo Hofmannsthal über
2973 1904 3152 1998 das
3204 1927 3500 1997 gelegentlichen
776 1939 2011 2001 eines Zeitalters. Sie bis auf weiteres bei sich zu behalten;
3201 1975 3490 2050 Salzburger Fe
782 1968 2013 2045 scheint ihm gerade jetzt ein besonderer Anlaß gegeben: die Tat¬
2362 1975 2853 2073 Burgtheater.
3206 2017 3498 2087 gemuth, Herrr
778 2016 2022 2104 sache, daß anläßlich des Burgtheaterjubiläums kaum ein Tag
3218 2058 3488 2142 Eindrücke emp
2287 2045 2933 2155 Aus einem Gespräch.
785 2059 2026 2146 vergeht, an dem er nicht ersucht wird, persönliche Erinnerungen
3300 2122 3489 2186 Um übr
769 2128 2020 2189 an das Burgtheater für die Oeffentlichkeit zur Verfügung
2094 2119 3221 2200 „Meine Ansicht über das Burgtheater?“ fragt Hugo Hof¬
767 2164 1008 2250 zu stellen.
3218 2172 3491 2237 unsicherheit im
1989 2175 3213 2247 mannsthal, das Arbeitszimmer seines schönen Maria=Theresia¬
893 2230 3499 2277 Durch seinen Vater, zu dessen Patienten- und Freundeskreis Schlößchens in Rodaun langsam durchschreitend. „Damit schlägt solche nicht uu
768 2242 3492 2340 die bedeutendsten Künstler des alteu Burgtheaters gehörten, er, man mir so ziemlich das unglücklichste oder sagen wir: das mir Einzelschicksal¬
3212 2315 3491 2384 wie Frau Me¬
784 2321 3205 2408 gaben sich schon für den Heranwachsenden die ersten Berührungen augenblicklich am ungelegensten kommende Gesprächsthema vor,
3191 2362 3498 2426 sehe, die die
779 2369 2816 2418 mit der damals noch unbestritten ersten, führenden Bühne des das überhaupt jemandem einfallen könnte.“
781 2403 2009 2488 deutschen Kulturkreises. Noch bevor er selbst als Autor mit dem
3196 2406 3486 2473 für das Bur
2095 2425 3202 2492 Ich glaube beiläufig zu wissen, was er meint. Das Burg¬
3202 2452 3489 2520 dunkelt wur
777 2464 1992 2525 Burgtheater in Verbindung kam, verstärkten sich diese Beziehungen,
1990 2471 3231 2528 theater feiert ein Jubiläum Jubiläumsstimmung verpflichtet, wenn
3198 2504 3498 2570 ihren eigentlich
778 2507 2003 2575 da Artur Schnitzler als junger Arzt einen Teil der Burgtheater¬
1992 2526 3233 2580 sie nicht affektiv verführt, aus Gründen der Konvention zum
771 2548 1418 2628 klientel seines Vaters übernahm.
3201 2556 3487 2614 deren Pendeln
1984 2576 3211 2630 Bekränzen des ehrwürdigen Objekts. Um im laut schallenden
3198 2601 3498 2670 bürgerlichen
898 2609 3199 2670 Dieser junge Doktor der Medizin, Kind aus gutem Hause Chor von Festrednern die eigene Stimme zu erheben, müßten ein
3207 2650 3488 2727 schickfal zu sein
773 2669 3215 2727 und voruteilsloser gesinnt. als man es bei Söhnen guter Häuser paar Voraussetzungen gegeben sein, von denen Hugo Hofmannsthal
3291 2701 3488 2769 Um gan
773 2716 3225 2791 damals liebte, wuchs in einer Zeit auf, in der es für schön= einige anführt: vertrauteie Kenntnis des zu Feiernden, als er sie
3209 2728 3493 2818 in Erinnerun
769 2752 3207 2831 geistige junge Leute seiner sozialen wie Altersklasse als das besitzt. Ein inneres Verhältnis zum Gefeierten, in diesem Falle
3211 2802 3495 2862 Organismus n
775 2817 3210 2866 Maximum des überhaupt Erreichbaren angesehen wurde, von der dem Burgtheater. Und Hofmannsthal glaubt, daß ihm, einem
3209 2847 3489 2911 unter denen u
786 2850 3201 2918 „Neuen Freien Presse“ gedruckt und im Burgtheater aufgeführt zu der zwei oder drei führenden Dichter Oesterreichs, ein inneres
3199 2896 3499 2956 Die besonderen
775 2902 3045 2965 werden. Ob der junge Schnitzler diesen Ehrgeiz des Gedrucktwerdens! Verhältnis zum Wiener Burgtheater eigentlich mangelt.
777 2941 2012 3015 teilte, ist mir nicht bekannt. Wohl aber erinnere ich mich, von
2095 2954 3498 3031 „Es wäre“, sogt er, „gewiß möglich und vielleicht ver¬ eigentlich schon
770 2995 1997 3053 ihm gehört zu haben, daß er heute noch den Tag, an dem
3113 2998 3488 3075 zu vor dieser Zeit
1990 2999 3127 3081 lockend, die eigene Stellung zum Komplex „Burgtheater“
764 3026 1988 3094 Max Burckhard seine „Liebelei“ zur Aufführung am Burgtheater
3199 3044 3490 3102 pflegenden Vor
1997 3068 3208 3128 präzisieren. Im Rahmen eines genügend durchdachten und auch
779 3085 1990 3162 annahm, als einen der denkwürdigsten Tage seines Lebens
3205 3093 3498 3157 Darstellungsstil
1983 3104 3204 3172 dann noch schwierig zu formulierenden Essays. Einen solchen zu
779 3130 997 3201 bezeichnet.
3197 3139 3497 3193 Einheit verm
1979 3145 3206 3220 schreiben, ist mir gerade jetzt oft genug angetragen worden und
3204 3176 3491 3243 wirkende Bre
883 3187 3210 3269 Bis dahin Verehrer und Freund des Burgtheaters, trat er ich habe abgelehnt. Wenn ich nicht ablehne, im Rahmen eines
778 3211 1384 3297 mit diesem Tag als Autor
3209 3223 3500 3294 einen ebensoseh
1392 3244 3205 3316 — dem das Theater mindestens Gesprächs ein paar das Burgtheater und meine Stellung zu ihm
3197 3269 3488 3344 verderbliche Er
772 3270 1993 3343 soviel verdankt, als er ihm — dem engeren, ja engsten Kreise
1983 3293 3200 3360 betreffende Fragen zu beantworten, so schicke ich voraus, daß es
763 3315 1281 3392 des Burgtheaters bei.
3207 3328 3500 3390 Aufgaben ein
1289 3327 1999 3389 Aber Artur Schnitzler wäre nicht
2005 3341 3205 3399 sich bei diesen Aeußerungen nur um solche eines Privatmannes
3209 3365 3468 3433 Gewalt die —
774 3364 1992 3429 der außerordentlich persönliche, scharfsichtige und zu unbeeinflußtem
2003 3391 3210 3455 handelt. Eines Privatmannes der kaum irgendwelche Verbindungen
3200 3416 3501 3479 Theater hineinz
768 3416 2002 3480 Urteil befugte Mensch, der er ist, wenn eigene Erlebnisse mit
2000 3441 3210 3494 mit dem Burgtheater unterhält, irgendwie wesentlich nie mit ihm
3195 3464 3491 3528 „moderne“ Bu
763 3455 1997 3544 dem Burgtheater seinen Blick für das Wesen dieses Instituts zu
1991 3487 3191 3548 verbunden war, der endlich sehr selten ins Burgtheater kommt
1533 3512 1735 3573 A S h
3194 3508 3496 3578 reißende Stilun
775 3515 1249 3586 trüben vermocht hätten.
1983 3533 3190 3600 und in seinem eigenen Schaffen seit Jahren schon Wege ein¬
3196 3559 3495 3620 ganze Reihe
881 3568 3195 3665 Das Weien des Burgtheaters — es enthällt sich ihm nicht geschlagen hat, die sich mit denen des Burgtheaters so gut wie
3192 3603 3492 3672 Burckhard wohl
764 3604 1988 3691 so sehr bei Betrachtung des künstlerisch Geleisteten, als in
1993 3624 2376 3709 gar nicht berühren.
3197 3651 3501 3729 theater sal ein
774 3656 2008 3731 Imponderabilien. Wörten wie „Atmosphäre“ und „Tradition“
2084 3657 3204 3738 Ich will aber nicht leugnen, daß ich im Jubiläum dieses
766 3696 1994 3791 ohne die man bei Unterhaltungen übers Burgtheater schwer aus.
3278 3709 3491 3780 Dies w
1992 3712 3209 3775 Instituts etwas bis zu einem gewissen Grade auch mich Be¬
768 3758 1995 3819 zukommen vermag, gehl auch er nicht aus dem Wege. Die
3200 3752 3490 3826 früh und damit
1996 3755 3216 3835 wegendes sehe. Denn auch ich gehöre zu den Oesterreichern, die
771 3813 1995 3876 spezielle Burgtheateratmosphäre wurde ihm nie so deutlich, als wenn
1993 3818 3500 3879 dem Burgtheater eine Reihe großer, von mir bis zum heutigen einer neuen 2#
766 3858 3201 3920 er gewisse Begleiterscheinungen des Theaterspielens anderswo zum Tag nicht vergessener Jugendeindrücke verdanken. Diese Eindrücke
3197 3856 3490 3931 als ihm, auf
764 3900 1998 3964 Vergleich heranzog. Und er vermag es nicht, in der oft zitierten,
3202 3913 3498 3980 sich zusammen.
1988 3916 3202 3983 habe ich besonders früh gesammelt, als ganz junger Gymnasiast,
768 3957 1995 4018 ebenso oft verlästerten oder belächelten Tradition“ einen Popanz
1982 3961 3492 4015 der zwischen seinem zwölften und etwa fünszehnten Jahr als stil unverkenn
764 3996 1992 4077 oder einen nebelhaften, nicht recht kousistenten Begriff zu erblicken.
1982 4009 3499 4070 regelmäßiger Besucher des alten Hauses oft und oft Gelegenheit ein ausgezeichn
883 4048 3475 4122 Atmosphäre wie Tradition des Burgtheaters scheinen ihm hatte, die glanzvollen Leistungen der hier versammelten Künstlei eine Brücke z
3185 4079 3495 4150 Zeit, um die
1685 4112 1761 4161 unge
1944 4106 2284 4179 nzu bewundern
1305 4111 1374 4158 118
