3436 4224
351 198 588 267 iebe
171 194 827 307 5 Mmhe1
858 191 1309 271 box 13/8
2134 153 2270 242 UN
2296 172 2470 261 934
1528 190 1765 297 I MES
2116 240 2279 325 ung
2865 276 2986 352 —
1514 366 2463 508 Mentre Ophüls
2484 370 2779 515 gira
1860 515 1977 601 44
1706 565 2993 672 ia Sigliora G. tatt,,
1496 664 2992 733 Se é perosche la terra, simile a se l’a-Ista tradizione concitata, sentimentale e
1464 689 2986 781 Thitator produce, & pur veroche questaldrammatica, di questa onesta tradizione
1459 744 2993 818 Pindssima, riferita non pin d unserritortolche esclude lonicamente ogni comptaci¬
1464 803 2214 845 #in senso generale, ma a und citta, ac
2230 798 2998 851 mento puramente formale, Ophüls ha
1451 832 2223 878 Aquista un siqnisicato sociale, di costume,
2223 835 2991 881 piaszato i suoi obiettivi per La signora di
1452 864 2228 929 di sentimenti, di malinconie, e di com¬
2224 878 2992 933 tutti. che sta per essere terminata, negli
1459 903 2218 956 Iplessi, piacche vogliomo porlare di Vien
2220 916 2989 956 stabilimenti romani, per conto della & No¬
1458 951 2215 993 na, la cullo della psico-analisi, II com¬
2221 950 2991 996 vella film v. Naturalmente per evitare la
1450 984 2214 1039 Apiesso fipico della Vienna repubblicana
2217 987 2994 1035 volgaritg in und via che di queste buche
1452 1011 2207 1082 1e i complessimeril efantasmi
2221 1021 2993 1075 é piend, non sono sufficienti Pentusiasmo
2228 1072 2988 1116 e le disposizioni sentimentali; ma basta
1451 1061 2215 1108 Inon fürono mui tanto vivi, se 1 stoli pin
2215 1108 2990 1154 bedere comte Ophüls dirige per capire co¬
1458 1106 2213 1152 noti e pin geniali della repübblica, come
1458 1140 2997 1188 Von Stroheim, comte Lubitsch non han-Ime la sud regia non sia fatta di solo slan¬
1455 1179 2998 1234 Jno fatto che riprodurre lo spirito di quel-Icio. Non capita spesso di veder rinniti
1450 1201 2986 1277 Ala societd, come potera apparire natu-lin un giovone, tanto fuoco e tanta pedan¬
2224 1254 2999 1303 teria. L’avvenire é in grembo d Giove.
1454 1246 2213 1307 Tralmente a nomini ehe ridero la sine
2219 1290 3019 1338 e in questo caso nelle profonditd delta—
1467 1300 2212 1350 dell’impero e il disperdersi di tanta gran¬
2210 1336 3001 1380 Imacchind da presa; md, che si rimprove¬
2209 1366 2998 1420 Tri. d Ophüls, come qualeuno ha fatto,
2201 1401 2990 1452 Iproprio it suo eccesso di controllo, mi
2212 1439 2999 1497 sembra inginsto. Non é di pedanteria, di
2210 1485 2997 1531 lordine, di coscienza c di antorita che ha
2215 1515 2994 1574 bisoqno la postid einematograsia? Una
2209 1537 3018 1618 correitass che dura in proiezione non pin¬
2212 1594 3001 1638 di tre minuti e che à costata pin di diect
2204 1632 2997 1676 Tore di lovoro, non é un fatto nuono del
2200 1664 2992 1725 quale mai furono testimoni i nostri ted¬
1664 1682 1733 1772 *
2194 1698 2998 1770 Itri di prosa? Ma questa pedunteria sareb¬
2210 1740 2990 1793 be senza risuitati se essa non sostenesse
2206 1784 2997 1841 Te temperasse il fuoco nativo di questo
2192 1817 2990 1874 dircttore. L’obbiamo visto incitare i due
2201 1846 2990 1916 Toiovani amanti del film streiti perduta¬
2206 1895 2995 1957 mente nelle spire di un palzer; e sicco¬
2210 1947 2995 1989 7ne non gli pareva che fosse stato rag¬
2207 1975 2989 2019 soiunto il grado giusto di abbandono e di
2204 2006 2993 2067 Teleganza, egli si & meszo innanzi alla
2209 2049 2990 2104 coppig c con tutto ilnisotrasflqurato dal¬
2202 2080 2991 2142 Ua melodia Pabbiamo visto battere in
2198 2121 2985 2177 Teadenze le mani mentre il suo piecolo
2201 2154 2984 2209 Te rotondo corpo di quaglid imperiale si
2188 2192 2982 2246 Tniegara dolcemente alle note della dan¬
2196 2245 2992 2292 Iza, invitando gl’innamorati e Poperatore,
2193 2285 2995 2328 Pottimo Arata che sequina la piccola co¬
2202 2312 2988 2371 Imitivo danzante con l’occhio incollato al
2198 2344 2986 2409 Icerchio di caucciu della macching da
2197 2391 2359 2440 1presd.
2221 2406 2989 2480 Dobbiamo nascondere le apprensioni da
2215 2466 2986 2526 cui summo presi quando sentimmo che
2204 2502 2987 2556 questa Signora di tutti sarebbe stata in¬
2203 2540 2988 2594 Iterpretata da Isa Miranda? Noi Daveva¬
2204 2575 2989 2631 Imo vista in Tenebre e all’infuori di aleu¬
2209 2617 2988 2666 ne quglitä puramente esterne, non ci era¬
2200 2660 2981 2702 Ivamo accorti di altro. Ebbene anche que¬
2203 2692 2984 2750 Ista attrice é cambiata da cima a fondo,
2197 2729 2985 2777 Tcome apvenne per quella Magda Schnei¬
2206 2769 2533 2824 g#r. cle fino a.L
2656 2772 2981 2829 m gonsi de.
2197 2787 2980 2863 rmto nte inglorio¬
2214 2845 2991 2888 sa delle ingloriose commedie tedesche di
2215 2885 2977 2927 Neufeld eiche nelle mani di Ophüts é di¬
2204 2926 2985 2987 ventata cost umile, cosi modesta, cost
2213 2966 2731 3008 innamoratg e innamorante.
2220 2998 2976 3050 La Miranda sente forse di giocore mol¬
2195 3030 2982 3097 Ite delle sue carte in questo film e vi si &
2200 3072 2981 3130 Imessa quindi. con tutto l'impegno, ma
2201 3114 2986 3165 forse le sue qualitg naturali non aurebbe¬
2189 3150 2985 3204 Tro maniera di mettersi in luce se Ophüls
2190 3194 2986 3240 Inon le avesse dato fiducig e non le indi¬
2200 3231 2979 3278 tcasse continnamente quale sia la strada
2202 3268 2974 3336 ginsta per commuoversi ed esaltarst da¬
2202 3307 2625 3356 nanti all’'obbiettivo.
2220 3325 2984 3394 Come auvenga poi che questa esalta¬
2189 3379 2980 3444 (zione si conservi unche dopo dieci prove
2199 3423 2982 3477 le riprove della stessa scend, sotto il fuo¬
2193 3451 2988 3515 Lco fisso e crudele dei riflettori, fra gli
2200 3495 2995 3557 Vordini incompresibili del direttore, che un
2208 3549 2979 3592 assistente traduce eche malgrado le at¬
2195 3572 2976 3629 Itenzioni di costui sono spesso morlist¬
2201 3618 2990 3650 Tcantie dolorosi lo stesso; come duvenha
2214 3643 2980 3698 che la simpalig e la erdialitd, tra ali at¬
2199 3688 2982 3736 Itori## ## regista, in queste condizioni, ri¬
2203 3731 2981 3773 mannd immulnta e ansi si decresed, & un
2187 3759 2974 3810 Tmistero che Remmeno Vinvincibile sorri¬
2193 3789 2843 3840 Iso di Ophüls riesce a spiegarci.
2217 3836 2975 3896 Benass; ci dicena, l’altro giorno, #che e¬
2195 3872 2999 3933 Toli non ha mai lavorato cosl benege.Di¬
2194 3914 2977 3970 Tcdsso, con quel suo tono riserpalo, ci ha
2190 3940 2984 3999 Idetto 16 stesso. Chi conosce questi due at¬
2187 3986 2981 4032 Itori sa benissemo come i loro umori sie¬
1585 4005 2098 4060 Ophüls sorregge Isa Miranda
2203 4026 2990 4073 noterribili e come sia facile indurli al¬
1477 4029 2169 4088 estenuata da una prova durata 10 ore
2193 4059 2976 4112 Vira e al dispresso. Ma non sono soltan¬
1459 4083 2176 4141 Arata mette in giusta luce Isa Miranda
2193 4101 2983 4151 Ito essi ad essere contenti. Ophüls ci ha
1564 4122 2092 4169 Ophüls catechizza la Miranda
2194 4137 2973 4199 neurutn dne mn # n¬
