3484 4320
438 183 805 259 Liebelei
264 167 1408 300 5. box 12/2
1065 1447 1450 1534 Telephon 12.801.
516 1585 1258 1689 JOSSEHTEN
351 1668 1435 1760 I. österr. beh. konz. Unternehmen für Zeitungs¬
570 1725 1234 1796 Ausschnitte und Bibliographie.
538 1777 1298 1872 Wien, I., Conoordiaplatz 4.
749 1855 1082 1920 Vertretungen
367 1887 1459 1960 in Berlin, Brüssel, Budapest, Chicago, Cleveland, Christiania,
362 1951 1459 1990 Gent, Kopenhagen, London, Madrid, Mailand, Minneapolis,
370 1975 1461 2046 New-Vork, Paris, Rom, San Francisco, Stockholm, St. Peters¬
771 2024 1067 2079 burg, Toronto.
707 2058 1122 2122 Quellenangabe ohne Gewähr.)
363 2128 768 2225 Ausschnitt aus;
766 2135 1557 2241 ERLINER TAGRLATT
640 2222 1164 2309 II. öhC 1911
362 2251 627 2350 —
691 2354 1282 2450 „Tiebelei“ als Oper.
490 2424 1472 2519 Generalprobe im Leipziger Neuen Theater.
475 2486 1500 2558 (Telegramm unseres Korrespondenten.)
1067 2544 1576 2616 * Leipzig, 10. Januar.
413 2594 1623 2661 Im Neuen Theater gelangt morgen das von Franz
373 2633 1605 2703 Neumann verlonte Schuitzlersche—Schauspiel „Liebelei“ zur
367 2680 1612 2742 ersten Aufführung. Bei der Generalprobe machte das Weik
373 2736 1622 2786 einen starken Eindruck. Neumann bringt mit dieser
381 2773 1610 2826 Oper sein erstes Werk zur Aufführung. Er hat das Schau¬
373 2812 1625 2862 spiel Schnitzlers fast ganz im Urtext verwendet. Das Werk ist von
374 2854 1626 2898 Anfang bis zum Ende musikalisch interessant. Hier und da lehnt sich
368 2895 1610 2952 der Komponist — hauptsächlich im ersten Akt — an Puccini,
378 2930 1636 2993 Charpentier und andere an, besonders findet man verschiedene
382 2990 1628 3033 Erinnerungen an Charpentiers „Luise“. Im übrigen aber geht er
376 3023 1624 3078 seinen eigenen Weg. Der erste Akt hat ihm musikalisch offenbar
372 3069 1626 3121 die größten Schwierigkeiten gemacht, da er hier den Dialog
377 3105 1625 3171 überwiegen läßt. Es wäre vielleicht geschickter, diesen Dialog in
373 3148 1625 3198 Fritzens Zimmer melodramatisch zu verarbeiten. Starke In¬
377 3194 1623 3244 dividualität kommt im zweiten Akt zum Durchbruch, und auch
377 3237 1631 3293 der Schluß des dritten Aktes, wo das tragische Moment gut
383 3283 1626 3334 herausgearbeitet wurde, ist musikalisch wertvoll. Die Aufführung ist
375 3330 1625 3386 mit großer Sorgfalt vorbereitet und die Ausstattung glänzend. Der
371 3350 1244 3430 Komponist wird der Erstaufführung beiwohnen.
2643 1658 3053 1762 Telephon 12.801.
2682 1756 2883 1843 D
2109 1798 2869 1885 „ODSLNVEN
1946 1863 3039 1970 1. österr. beh. konz. Unternehmen für Zeitungs¬
2153 1940 2836 1989 Ausschnitte und Bibliographie.
2119 1970 2901 2064 Wien, I., Concordiaplatz 4.
2342 2049 2658 2126 Vertretungen
1934 2112 3044 2174 in Berlin, Brüssel, Budapest, Chicago, Cleveland, Christiania,
1945 2148 3041 2213 Genf, Kopenhagen, London, Madrid, Mailand, Minneapolis,
1940 2196 3042 2259 New-Vork, Paris, Rom, San Francisco, Stockholm, St. Peters¬
2336 2226 2639 2282 burg, Toronto.
2297 2266 2683 2335 Oaelienangabe ohne Gewähr.)
2764 2258 3078 2380 12 1 1911
1931 2319 2320 2404 Ausschnitt aus:
2326 2389 3033 2478 Mener Mittags-Zeitung
1937 2443 2088 2494 vom:
2045 2513 3035 2594 „Liebelei“ als Oper. Gestern gelangte im
1875 2559 3029 2635 Neuen Theater in Leipzig das von Franz Neumann
1877 2607 3014 2688 vertonte Schnitzlersche Schauspiel „Liebelei“ zur
1876 2663 3018 2740 ersten Aufführung. Neumann hat das Schauspiel Schnitzlers
1880 2705 3012 2785 fast ganz im Urtert verwendet, das Werk ist vom Anfang
1865 2752 3020 2845 bis zum Ende musikalisch interessant, hie und da lehnt sich
1878 2807 3003 2886 der Komponist an Puccini, Charpentier und andere an
1879 2846 3007 2917 im übrigen aber geht er seinen eigenen Weg. Der erste Ak¬
1872 2906 3004 2969 hat ihm musikalisch offenbar die größten Schwierigkeiten ge¬
1869 2955 3004 3027 macht, da er hier den Dialog überwiegen läßt. (Stark¬
1878 2991 3011 3075 Individualität kommt im zweiten Akt zum Durchbruch, auch
1878 3042 2999 3110 der Schluß des dritten Akts, wo das tragische Moment gu
1876 3092 3005 3169 herausgearbeitet wurde, ist musikalisch wertvoll. Die Auf
1873 3148 3031 3252 führung war mit großer Sorgfalt vorbereitet und die Aus¬
1875 3183 2231 3243 stattung glänzend.
