3436 4224
569 178 714 243 bel
739 193 791 243 8
274 180 912 276 5. B1
980 168 1402 254 box 10/3
1874 74 2712 136 In treatedl ren an Homunig Tron hn dr
1859 118 2711 174 Pexpounding his views upon the science of love-making.
1857 158 2722 201 Love should not be treated as a grand passion, he says,
1859 189 2725 225 for it is then exciting, injurious, even deadly; love for
1857 224 2726 256 a roung man should be a recreation pure and simple;
1859 255 2714 296 above all, a liaison with a married woman should be
1857 285 2712 322 avoided, a sensible man permitting himself only flirta¬
1864 315 2712 359 tions with young girls who demanded nothing more
1861 349 2730 390 than he chose to give. Theodor selects his words with
1854 384 2720 416 direct intention, for his friend is deeply entangled in a
1860 416 2709 454 love affair with a married woman who loves him pas¬
1864 444 2712 479 sionately—too passionately, and he is beginning to
1868 476 2724 513 writhe under the chains with which he has bound him¬
1868 516 2725 555 self. Theodor has invited to an improvised supper his
1891 542 2716 576 friend“ Mizi, a vivacious young person from a mil¬
1859 572 2721 605 linery establishment, and her friend Christine, a gentle,
1863 608 2727 647 rather sentimental girl of virtuous character, who has
1855 637 2707 680 expended the best she has to give upon Lobheimer.
1855 667 2705 708 The two girls presently arrive in Fritz’s rooms—Mizi
1862 702 2716 751 the personification of animal spirits and“cheeky“
1859 734 2707 780 good-comradeship, in the gavest of costumes; Christine
1858 772 2713 813 shy but loving, her beauty being set off by a simple
1863 806 2710 840 dress. The ladies arrange the supper-table, the
1859 834 2716 879 men providing the eatables and wines, and soon
1856 868 2716 907 all is joy and convivality. After supper a
1851 894 2720 926 little freedom in the matter of kisses is per¬
1869 931 2718 962 mitted, and Fritz sits down to play a waltz for
1865 958 2719 996 Mizi and her friend, Christine bending over the piano
1865 991 2721 1034 with no eyes but for him. She tells him under cover of.
1862 1031 2710 1065 the soft music what he is to her, how his love for her
1853 1061 2717 1106 has beautified her life; and Lobheimer almost feels as
1858 1091 2716 1126 if he loves her indeed, so soothing is her gentle, tender
1867 1125 2718 1174 nature after the wild passion of the riper woman.
1857 1152 2726 1191 Suddenly the gay company are interrupted by the
1860 1190 2722 1223 ringing of the door bell; Lobheimer, looking from the.
1869 1220 2725 1265 window recognises the husband he has wronged.
1859 1250 2716 1298 Hurriedly acquainting his friends with thefact he sends
1857 1289 2703 1330 them all into another room, and admits his late visitor.
1851 1320 2718 1355 Ashort scene pregnant with meaning follows; the men
1858 1344 2717 1391 exchange but few sentences; the husband has found
1850 1380 2715 1420 Lobheimer’s letters—which he brings him¬in his wife's¬
1868 1414 2719 1456 possession and is aware of his dishonour. He does not
1872 1449 2722 1489 wish the letters to be found“ afterwards,' he says, and
1868 1475 2709 1513 Fritz understands, and places himself at the disposal of
1870 1513 2709 1544 the man he has betrayed. The duel will take place in
1863 1541 2716 1585 two days; and the interview ends with the repression
1857 1576 2707 1611 of feeling with which it commenced. Lobheimer recalls
1864 1606 2707 1640 his friends and endeavours to act as if nothing had hap¬
1856 1637 2711 1681 pened, but his wonted spirits will not come at his
2556 1670 2586 1696 W
1871 1666 2704 1709 bidding, and the company soon disperse. Theodor,
1859 1704 2715 1745 being requested by his friend to return, does so, and
1863 1734 2533 1776 reluctantly undertakes the office of second.
1889 1765 2716 1794 The second act shows us Christine’s home, and intro¬
1863 1791 2723 1844 duces her father—first violin at one of thetheatres. Old
1863 1830 2718 1877 Weiring is a character in his way, and a philosopher;
1865 1867 2716 1917 he contends that the only things worth having in later
1858 1886 2706 1932 life are the “remembrances, and would rather his child
1873 1930 2712 1973 should love under any conditions than that she should
1859 1956 2712 1999 have no sweet memories in her old age. So he is later
1868 1991 2704 2025 on neither surprised nor grieved at Christine’s love for
1857 2013 2710 2067 Lobheimer, and calmly receives all the insinuations of
1859 2056 2714 2091 a mischief-making neigbbour, who tries to calumniate
1862 2088 2709 2120 his daughter. Christine herself watches all day for her
1853 2122 2699 2155 lover, who has promised to come; she is alternately
1867 2155 2705 2201 hopeful and despairing, for it is late in the evening
1864 2189 2708 2227 when he arrives. He tells her he will be absent for a
1869 2219 2701 2259 time—that he is going a journey, and in the moment of
1868 2251 2693 2296 farewell, with a prevision of his end upon him, he really
1869 2284 2702 2319 loves the girl who has given him her life. He promises
1862 2321 2645 2354 to write to her and then, with a heavy heart, goes.
1884 2347 2701 2386 The third act contains some painfully impressive
1857 2381 2706 2415 scenes; Christine waits and watches in vain for some
1862 2417 2705 2446 token from her lover, but her father, learning the
1847 2447 2700 2493 truth, endeavours to comfort her. His words lead her
1852 2481 2686 2521 to believe Lobheimer has deserted her; and she
1846 2503 2687 2548 demands the truth from him. Theodor comes as she
1848 2546 2689 2582 is in the act of leaving for Lobheimer’s house, and
1848 2574 2703 2622 brings the news of his death. Gradually it becomes
1846 2598 2700 2651 clear to Christine that the man she loved has been
1860 2641 2705 2681 killed by the man he had betrayed; that she had never
1848 2673 2700 2716 really possessed his heart, and rhe gentle girl is in that
1856 2707 2703 2752 moment a passionate woman. She at least will go to
1862 2742 2700 2787 her dead lover to say farewell, she avows, and then
1855 2776 2708 2819 learns that he was buried that morning. His parents.
1861 2803 2697 2846 his friends, and relations were present at the funeral,
1857 2841 2700 2878 only she who had so blindly loved him had known
1860 2867 2705 2909 nothing of it, and he had left no written or spoken mes¬
2093 2898 2119 2920 1*
1863 2901 2696 2936 sage for her. Wild with grief and the bitter conscious¬
1863 2936 2690 2977 nessthat she was“ less than nothing' to him, she breaks
1861 2965 2696 3010 from the detaining hands of her father and rushes froto
1854 2997 2692 3038 the house. The old man does not tiy to follow her; he
1854 3020 2696 3066 is weak and powerless to help her. He sits down alone
1841 3058 2690 3097 in his despair, and cries,“ She will never return, never
1845 3100 2694 3144 again! The audience were profoundly moved, a fact
1854 3135 2700 3168 mostly due to the po##rful acting of Frau Sorma in
1859 3159 2706 3206 the röle of Christine and of Herrn Reicher as old
1862 3191 2695 3226 Weiring; and author andartists were much applauded.
1850 3227 2698 3264 Herrn Rittner and Jarno played their respective parts
1856 3257 2696 3299 in the best manner; Herr Nissen was excellent in the
2481 3279 2510 3296 5o
1850 3288 2690 3324 short but effective challenge scene; and Frau Nissen¬
1860 3318 2695 3359 Schneider was charming and vivacious as the frivolous
1855 3351 2095 3393 little milliner.
1864 3386 2692 3428 Preceding the Crama Heinrich von Kleist’s clever and
1849 3422 2693 3454 ever-popular little comedy Der Zerbrochene Krug was
1853 3449 2693 3486 given, producing the customary hearty laughter. Herr
1858 3482 2698 3516 Hermann Müller excelled himself in the chief röle of
1853 3515 2699 3547 Adam, the village magistrate, and special commenda¬
2521 3539 2547 3556 —
1847 3548 2694 3580 tion must be allowed to Mesers Fischer and Biensfeldt
1844 3583 2693 3638 as Licht, themagistrate's elerk, and Rüprecht- the
2191 3611 2263 3659 —
1832 3608 2045 3667 peasant. —
2302 3613 2684 3669 M h  W
