3484 4320
414 160 665 236 Liebe
249 169 849 277 5. Lae1
172 1157 547 1233 ieben. Mit mehreren
166 1216 546 1273 Bier eine Kommission
177 1248 541 1306 bes gebildet, welche
199 1288 537 1341 Der Baufonds ist
186 1321 545 1378 heim steht also nicht
187 1362 535 1414 k wurde vergrößert,
196 1393 539 1453 e Vorträge fanden
177 1432 538 1500 eiches, aber ein von
186 1555 556 1623 chen Frau erschießt
187 1602 553 1661 eganter, leichtlebiger
181 1651 556 1711 orgenden, Schlimmes
185 1690 546 1760 rer Art ist, als das
193 1737 556 1800 n und Christinens
199 1778 552 1851 D. Mein Gott, wenn
228 1832 542 1893 30 ohne ernste und
230 1874 568 1932 Liebe ein bischen
194 1923 243 1976 unf
257 1926 561 1987 issen wollte! Es
371 1963 561 2022 swürdige,
415 2012 554 2071 verliebt
404 2057 555 2113 od um
395 2103 555 2163 darüber
436 2147 545 2208 dichter
408 2187 569 2248 dem es
409 2238 558 2297 Er hat
450 2285 544 2339 1, in
434 2324 557 2387 bessere
470 2372 567 2434 gen.
490 2420 550 2476 in
871 148 1401 241 box 10/4
2022 1044 3128 1133 ——rgefene del einem Meistei in de. Schiontbacher¬
2003 1106 3137 1176 straße arbeitete, fand, als er an dem genannten Tage Abends
848 1112 1926 1206 Eurnosgengasse, iontdl äbei volt gsefunden und fengenommen.
1996 1136 3132 1211 heimkehrte, den Schlüssel in der Stubenthür stecken und diese offen,
956 1156 1984 1235 — Kleine Rotizen. Vorgestern empfing der Herr Oberbürger¬
1998 1174 3139 1242 obwohl seine Frau nicht anwesend war. S. bemerkte denn auch
837 1218 1983 1258 meister die Deputation des Vereins „Süd=Wiesbaden“
1997 1213 3140 1283 sofort, daß die Geldkassette aus der Kommode und das
851 1223 1997 1310 nahm die Petition betreffend den Ausbau der Moritzstraße bis zum
2001 1249 3145 1309 Elni, welches stets auf der letzteren sland, gestohlen waren.
843 1278 1989 1351 Rondell und die Offenlegung des Kaiser Friedrich=Rings, entgegen
1992 1281 3139 1347 Der Verdacht, den Diebstahl verübt zu haben, lenkte sich
842 1304 1989 1378 und gestattete der Deputation in liebenswurdigster Weise die münd¬
2003 1320 3139 1392 alsbald auf den in demselben Hause wohnenden Kollegen
844 1359 1992 1414 liche Besprechung und Begründung der angestrebten Ziele. Gleich¬
1997 1354 3143 1427 des Bestohlenen, den Schuhmacher Friedrich Grimmer, geboren
840 1403 1986 1467 lautende Petition ist auch den Herren Stadtverordneten zugegangen.
1996 1392 3145 1473 1865 zu Lindau, welcher jehr oft in die Wohnung der Bestohlenen
901 1424 1999 1487 - Am 4. d. M., Abends 7½ Uhr, wird Frau H. Wagner im
1994 1473 3144 1571 bleiben. Man hat Ursache, dem Residenz=Theater dankbar zu sein,
846 1513 1987 1576 hinreichend bekundet, daß sie das Zeug zu einer echten „Sentimentalen“
2011 1525 3147 1601 daß es uns in so vortrefflicher Weise die Kenntniß des werthvollen
848 1555 1989 1635 in sich hat. Sie verräth ein warmes Empfinden, dem sie durch ihr
2000 1586 2655 1650 gut modernen Dichtwerks vermittelte.
854 1606 1992 1665 Organ guten Ausdruck zu geben versteht; sie hat ein sehr natürliches,
849 1655 1996 1713 einfaches Spiel, und ihr ganzes Auftreten erweckt entschieden Sym¬
2253 1662 2934 1748 Aus Kunst und Leben.
860 1690 2004 1769 pathie, sodaß man ihr als der Künstlerin die prächtigen Blumen¬
2069 1703 3120 1783 * Konzert. Am vorgestrigen Abend, den 31. October #nd
864 1741 2003 1811 spenden gern zusprechen möchte, die sie als auftretende Direktorin
2010 1767 3104 1838 im Saale des Kasinos das erste Konzert des Sängerchols de
860 1783 2000 1860 bis jetzt so reichlich einheimste. Sicher ist es als Gewinn für das
2011 1795 3137 1862 „Wiesbadener Lehrer=Vereins“ unter Leitung des Herrn
2017 1837 3149 1899 Direktor H. Spangenberg statt. Der Cher sang ein „Veni,
862 1829 2012 1912 Anditorium zu betrachten, wenn Frau Alice Rauch öster in
2012 1870 3158 1937 sancte spiritus“, angeblich (aber in dieser Form höchst unwahr¬
852 1870 2015 1936 Rollen des sentimentalen Faches austritt. In Herrn Bartak
2023 1908 3164 1974 scheinlich) von Robert, König von Frankreich (970 bis 1031)
861 1933 2013 1994 als Fritz Lobheimer fand sie einen ebenbürtigen Partner,
2008 1935 3164 2014 komponirt, einen neuen a cappella-Chor von Otto Dorn, betitelt
858 1964 2009 2039 der die nervöse Unruhe und Hast im Wesen des jungen Mannes
2023 1990 3158 2052 „Maurenzug“, und Chorlieder von Attenhofer, Gastoldi u. A.
2022 1998 3179 2085 Am besten glückten den Sängern die kleineren Werke. Das
859 2006 2012 2090 gut zum Ausdruck brachte und besonders in jener peinlichen Scene,
2032 2048 3162 2119 musikalisch sehr fein empfundene und dabei glücklich den
859 2055 2011 2152 als ihm der Gatte der von ihm verführten Frau entgegentrat, durch
2026 2089 3158 2154 jetzt leider modernen Schwulst vermeidende Werk von Dorn
875 2096 2016 2182 die Wahrheit seines Spieles fesselte. Ein ausgezeichneter Vertreter
2030 2124 3161 2191 bereitete den Vortragenden noch große Schwierigkeiten, sodaß
864 2148 2015 2218 der jeunesse d’oréewar Herr Jordan als Freund Theodor. Es
2030 2153 3163 2221 die reine Intonation und das dadurch bedingte Verstehen Seitens
2027 2192 3165 2270 der Hörer darunter litten. Als Mitwirkende erschienen die Altistin
874 2185 2019 2270 kommt ihm immer besonders zu gute, wenn er, wie hier, im Spiel
2028 2232 3164 2297 Fräulein Therese Behr aus Köln und der Pianist Herr Otto
875 2248 2013 2324 neben tragischem Ernst die angeborene Komik, die sich in seinem
2025 2265 3169 2346 Voß aus Wien. Die Sängerin ist im Besitz einer echten, weichen,
866 2285 2021 2371 ganzen Habitus verräth, nicht vollständig zu verleugnen braucht.
2025 2316 3174 2370 1 recht dunkel gefärbten Altstimme. Sie intonirt gut, spricht auch
875 2323 2023 2408 Absolut waschecht war die Mizi Schlager des Fräulein Schäffer.
2029 2340 3165 2419 gut aus; der Vortrag leidet nur etwas unter einer zu weit¬
2032 2368 3173 2445 gehenden Sentimentalität, die sich in der Wahl der Lieder
880 2370 2024 2446 Der Typus dieses leichtgesinnten Wiener Kindes des Augenblicks
2038 2410 3171 2480 bemerkbar machte und eine gewisse Monotonie im Gefolge
878 2422 2017 2506 konnte kaum besser dargestellt werden, als durch sie, die
2040 2446 3179 2521 hatte. Der junge Pianist, wie es hieß, ein Schüler von
879 2457 2033 2558 zudem die einzige war, die ihr „Weanersch“ — das
2030 2487 3173 2565 Leschetitzky, besitzt eine schon recht bedeutende Technik, besonders im
1827 2505 2031 2569 sonverain
878 2519 1771 2598 Stück spielt in der österreichischen Kaiserstadt
2042 2526 3177 2596 Oktavenspiel, in welchem er mit dem berühmten basso ostinato
2045 2561 3166 2626 in Chopins As-dur-Polonaise und in zwei Werken von Liszt
873 2555 2024 2630 beherrschte. Das Bestreben der meisten Anderen, den vor¬
2038 2601 3171 2655 (ungarische Rhapsodie No. 6 und, als Zugabe, eine Tarantella) recht
885 2598 2026 2686 geschriebenen Dialekt leidlich von sich zu geben, wirkte milunter ein
2044 2644 3172 2698 bewerkenswerthe Proben ablegte. Jugendkraft und Jugendfreudigkeit
885 2646 2034 2738 wenig beängstigend; zweifellos ist es besser, der Schauspieler redet,
2041 2672 3178 2732 verführen Herrn Voß nur noch allzu oft, in einer gewissen
891 2694 2024 2772 „wie ihm der Schnabel gewachsen ist“ als daß er sich coram populo
2038 2707 3186 2781 pianistischen „Kraftmeierei“ sein Heil zu suchen; er hat dies aber
2043 2732 3184 2819 garnicht nöthig, denn im Vortrag von einem „Albumblatt“ von
875 2732 2032 2804 die Zunge an einem ihm nicht geläufigen Dialekt zerbricht. Er¬
2055 2784 3172 2847 Spangenberg und einer Verceuse von Chopin bewies er, daß er
887 2779 2031 2869 greifend und rührend wirkte Herr Unger in der Rolle des Vaters
2043 2822 3177 2891 durch feinen, sinnigen Vörtrag viel vornehmere Wirkungen er¬
884 2832 2036 2900 Weiring. Frau Pauly hatte in dem Röllchen der praktischen
3014 2854 3105 2903 —II.
2038 2872 2268 2936 zielen kann.
889 2878 2036 2945 Strumpfwirkersgattin, die an ihre sidele Jugend gar nicht mehr
2140 2891 3182 2956 * Verschiedene Mittheilungen. Der Luitpold=Preis
883 2925 2038 2988 denken mochte, einen hübschen Erfolg und Herr Schwartze
2043 2930 3185 2992 für eine deutsche Oper wurde, wie aus München telegraphirt
883 2959 2040 3043 nicht minder in seiner Episode als betrogener, racheheischender
2056 2969 3183 3037 wird, keiner der 98 eingesandten Arbeiten zuerkannt und zwischen
2041 3001 3182 3086 den relativ besten Opern „Theuerdank“ von Ludwig Thuille=München
881 3011 2035 3086 Ehemann. Die Regie hatte mit Verständniß für ein gut abgetöntes
2058 3050 3183 3122 „Der tolle Eberstein“ von Arthur Könnemann=Mährisch=Ostrau und
896 3054 2037 3133 Ensemble und ein stimmungsvolles Milieu gesorgt, und da somit
2052 3086 2938 3161 „Sarema“ von Alexander Zemlinsky=Wien getheilt.
885 3092 2045 3173 Dichter, Schauspieler und Regisseur sich verbunden hatten, etwas
899 3126 3030 3246 recht Gutes zu Wege zu bringen, so konnte der Erfolg nicht aus= Friedrich Haase ist gestern 70 Jahre alt geworden.
3137 1085 3272 1148 mor
3138 1177 3265 1222 Age
3143 1201 3275 1263 erhiel
3151 1246 3283 1293 beken:
3152 1285 3297 1332 Wohl
3158 1337 3295 1405 seinee
3155 1396 3288 1444 gelad
3151 1435 3264 1475 das
3152 1446 3287 1518 Kronz
3161 1504 3271 1558 Gard
3176 1595 3288 1679 910
3154 1652 3305 1762 san
3154 1746 3301 1819 Hoh
3159 1798 3302 1869 von I
3166 1848 3300 1904 gebrat
3162 1885 3295 1952 verlie
3166 1956 3316 2029 Maca
3165 2009 3307 2067 er.-19
3160 2050 3300 2101 Krieg
3160 2085 3299 2143 haup
3164 2118 3309 2175 Nove
3166 2157 3301 2218 „Fan
3168 2192 3311 2244 corps
3171 2235 3306 2284 lange
3179 2269 3300 2315 Resi
3171 2302 3306 2350 Regi¬
3176 2338 3308 2400 entge
3174 2398 3286 2469 erfol.
3179 2453 3318 2506 Witt
3184 2405 3310 2598 M
3188 2671 3328 2722 Milte
3182 2715 3309 2760 Auth.
3196 2750 3315 2795 Golt
3189 2772 3332 2832 bahn
3194 2818 3327 2876 Gelse
3196 2845 3323 2904 166.2
3190 2891 3334 2956 Itali
3189 2928 3324 2977 121.1
3199 2960 3328 3030 Hand
3195 3021 3349 3086 Staat¬
