3484 4256
357 111 1418 188 IKKE FOR DET NI IEAIERT AFTES
187 183 1678 275 Svermeri, Wiener-Stykke med Mu-leg. Ti mod en paa, at Forsgget maatte
244 219 1672 331 sik efter Arthur Schnitzlers -Lie-Ifalde uheldigt ud, har Komponisten
243 291 1679 393 beleie. Musik af Oscar Strauss. Oscar Straus aabenbart selv teenkt, da
928 349 1684 429 han ikke har vovet sig frem med det
237 367 928 453 Paa Dansk ved Mogens Dam.
936 419 1686 488 1 Estrig eller Tyskland, men har valgt
236 428 939 511 Iscenesat af Emanuel Gregers.
934 451 1687 548 ar holde Ur-Premiere i det fjerne Ko¬
212 481 920 577 Schnitzlers Elskovsleg. (-Liebelei=)
930 525 1133 609 benhavn.
195 545 934 623 staar klassisk i Kobenhavns Teater¬
952 544 1695 665 Det gik heller ikke. Trods en virke¬
189 582 938 691 historie fra Dagmarteater-Fremfgrel¬
199 639 1702 733 serne, ferst med Anna Larssen, senerelig neensom Fremfpreise i Aftes af Det
194 703 1689 790 med Eise Skouboe. Klassisk som et fny Teater, trods en Musik, der har en
196 741 1701 850 Tidsbillede fra 80’ernes Wien, med dets Del Poesi 1 sin Tone, en ung og stor
200 830 1688 906 rorende Skildring af Tragedien, hvori Sangstemme til at fremhave den Mu¬
203 854 1702 981 den borgerlig uskyldige Musikerdatter sik, en nydelig Iscenessettelse og et
208 913 1706 1037 Christine begaar Selvmord af Fortviv-Spil, der gennemgasende er s#erdeles
192 994 1707 1095 lelse over sin Ungdams strandede  smukt, gav Sangspillet „Sveermeri¬
205 1035 1706 1141 Karlighed til Wiener-Officeren, der saa godt som intet af Schnitzlers Skue¬
209 1118 1705 1205 falder i Duellen mod sin 1 sine Egte-spil. Musiken giver blankt op overfor
204 1184 1705 1261 mandsrettigheder kreenkede Major. 1Tragedien i Elskovslegen, Stykket selv!
229 1221 1446 1311 Et voveligt Eksperiment at sege at bliver til fersk Operette.
968 1291 1715 1377 De ferste Akter tegnede til net
211 1295 956 1401 vaudevillesere denne dystre Elskovs¬
901 1348 1710 1442 —Sukces a la Jomfruburet.. I Billeder
942 1403 1698 1480 fra en Vaddelebsrestaurant og en ty¬
934 1469 1712 1541 pisk wiensk Restaurationshave har
945 1506 1717 1606 Teatret opsat velafstemte Scenerier
941 1578 1719 1663 med broget Folkeliv og med 80’ernes
950 1637 1728 1722 morsomme Klededragter, der altid
945 1690 1720 1780 gleeder Publikum og kleeder Skuespil¬
962 1751 1721 1832 lerne, navnlig Damerne. Ogsaa den
963 1810 1729 1891 borgerlige Hysge 1 Stadtsmusikant
958 1872 1730 1950 Weirings Stue falder godt nok sammen
948 1930 1729 2014 med Vaudeville-Stemning. Drejescenen
956 1987 1725 2072 snurrer livligt de kendte Sangspilbil¬
958 2030 1734 2124 leder rundt med den alvorlige Chri¬
962 2084 1737 2188 stines himmelske Kerlighed og med
978 2161 1744 2244 Veninden, den kaade Mizzis, mere jor¬
972 2195 1739 2309 diske, medens nette Sange veksler
972 2275 1747 2353 med muntre Optrin. Men saa bliver
976 2332 1746 2419 det trist og mat — glider ud 1 Ingen¬
983 2392 1752 2464 ting, hverken Oscar Straus eller
984 2434 1755 2537 Schnitzler. Christine faar naturligvis,
984 2513 1748 2584 efter at have erfaret sin Elskers Ded i
987 2560 1743 2649 Duellen, ikke Lov til at begaa Selv¬
978 2610 1759 2702 mord; hun finder Trest i Favnen paa
980 2669 1748 2773 sin gamle Fader. Men end ikke den
981 2721 1760 2824 forholdsvis lykkelige Udgang kan red¬
998 2790 1753 2896 de Sangspillet fra en ulykkelig Ud¬
996 2882 1129 2956 gang.
1020 2915 1761 3010 Spillet er som sagt upaaklageligt. 1
1000 2979 1768 3078 Else Jarlbak har Kobenhavn aaben
1003 3048 1761 3127 bart den Operetteprimadonna, der len¬
995 3118 1761 3185 ge er savnet. Dend unge Sangerinde
1011 3159 1753 3241 har vundet i Frigjorthed, tager sig for¬
1011 3213 1760 3295 treffelig ud i Christines Tournyre-Drag¬
1004 3272 1770 3375 ter og synger med en ung og frisk
1012 3312 1773 3413 Stemme, der henviser hende til langt
1010 3384 1778 3470 sterre Partier end det, der her er Tale
1020 3443 1775 3539 om. Hun har seerlig en betydelig Suk¬
1014 3519 1766 3587 ces i en Kvartet, hun synger sammen
1012 3558 1769 3661 med Erling Schroeder og Henry Schmidt
1027 3610 1787 3702 (de to Officerer) og Clara Oste (en
1017 3682 1781 3770 spreeisk og forslagen Mizzi — en Rolle,
1019 3729 1781 3821 der endnu engang understreger Jenne
1020 3797 2513 3872 lille veevre Skuespillerindes Talent).jen stilfeerdig Inderlighed i Folelsen,
1027 3857 2520 3951 Udmarket er ogsaa Holger Reenberg! som ger denne Sceneskikkelse til den
1020 3895 2527 3996 som Faderen. Den gamle Musikersmukkeste, Reenberg har skabt i mange
2137 3956 2493 4043 Georg Wiinblad.
1011 3981 1897 4058 bliver fremstillet med en Indlevelse,Aar.
