3484 4224
1158 3004 1205 3094 —
654 176 696 246 1
364 180 500 250 iet
287 179 1298 267 ansbelei box 13/2
304 575 1323 639 Gerriere dend Sera, 10 Maggie 1902
1243 740 2728 817 CURRTZRL TEA
1225 859 2697 934 Filodrammatiei fanche lei. Ma prima di distruggere tut¬
1907 916 2665 963 ti e due gli amanti, ha lasciato il tem¬
1931 948 2681 1006 po alla piü credula, alla piu fresca,
1169 927 1912 1035 sOristina,
1921 982 2673 1052 alla piu innocente e amorosa dell’amo¬
1936 1021 2668 1092 re, di apprendere che cosa c’é nel fon¬
1165 1024 1926 1100 Dramma in tre atti di Arturo Schnitzler
1940 1066 2387 1119 do della coppa soave.
1206 1087 1924 1140 Con Liebelei (é il titolo di questa com¬
1952 1081 2691 1151 Questa storia, che poi fu tante volte
1173 1120 1928 1185 media che, trentacinque anni fa, al tem¬
1936 1130 2684 1197 malamente rifatta, & bella piu che per
1176 1168 1932 1219 po delle rappresentazioni datene da Te¬
1176 1170 2678 1264 resina Mariani e Oreste Calabresi, füsl cast che svolge. per la figura della
1928 1226 2698 1273 protagonista, la cui realtà lieve e can¬
1177 1248 1934 1300 Stradotto in Amoregyiamenti) cominei0,
1928 1258 2686 1310 dida e un po' sfumata e commovente,
1179 1283 1933 1344 il 9 ottohre 1895, al Burgtheater di Vien¬
1937 1295 2696 1348 non racchinde un personaggio soltan¬
1177 1324 1919 1373 na, la vittoriosa e illustre vita artistica
1940 1330 2706 1388 to, ma tutta la gentilezza, e la gene¬
1180 1359 1922 1410 di Arturo Schnitzler. II delizioso ciclo
1941 1363 2693 1421 rosità, e la speranza, e il dolore della
1180 1398 1921 1459 d’a Anafolios era gia scritto, ma nol
1935 1403 2691 1462 passione giovinetta. Non c’é bisogno
1180 1435 1919 1487 se ne era rappresentata che qualche
1938 1443 2685 1510 che, per far morire questa tanto minor
1170 1474 1929 1526 parte, e Mürchen, il primo tentativo tea¬
1931 1488 2674 1538 Margherita, siano impiegate le magi¬
1177 1511 1920 1574 trale, era stato un flasco. Liebelei fisse
1941 1526 2686 1569 che seduzioni di Faust e la malvagia
1180 1548 1925 1610 nella coscienza del pubblico e nella de¬
1934 1557 2686 1616 potenza di Meflstofele. E' pin leggero
1175 1589 1929 1634 finizione della critica quelli che furono,
1944 1596 2692 1653 l'urto della realtà, perché é pin pie¬
1180 1630 1936 1675 in manlera troppo assoluta, considerati
1937 1635 2697 1687 colo il sogno. Ma il peso della vita che
1178 1666 1936 1726 gli elementi essenziali, i caratteri pre¬
1940 1676 2681 1732 cade é sempre quello. Per questo, le
1178 1703 1930 1766 minenti di tutta l’opera di questo arti¬
1926 1713 2673 1763 forme un po’ invecchiate della comme¬
1174 1742 1926 1796 sta. Si cominció a dire che egli era il
1924 1752 2675 1822 dia non ci sembrano troppo avvizzite;
1185 1780 1932 1835 pocta dell'amore e della morte. Pensa¬
1943 1792 2677 1861 ché l’aroma della poesia le conserva
1176 1818 1921 1881 te che terrore una qualifica simile! C’e¬
1941 1836 2214 1905 quasi intatte.
1184 1858 1925 1906 ra da essere preso per un romantico
2246 1853 2377 1930 Xx*
1186 1898 1609 1969 delirante e lugubre.
1221 1933 2689 1987 In verità, Arturo Schnitzler descrisse] Pietro Charoff ha messo in scena que¬
1183 1955 2685 2032 T’amore come la piu preziosa essenzalsta commedia con una verità fluida,
1185 1999 2699 2066 della vita, dolce ma corrosiva; e, qua-Imerbida, suggestiva, con qualche ecces¬
1188 2036 2702 2122 si per guarire da questo amor dell’a-/so di soste attorno ai particolari nei
1948 2070 2696 2127 primo atto, ma sempre imprimendo al¬
1186 2081 1934 2147 more, lo scrittore che egli era si fece
1949 2116 2702 2168 l’interpretazione un segno di bellezza
1187 2138 1946 2180 Taiutare dal medico che era stato, e dal
1937 2153 2697 2205 patetica, e sviluppando fuori da essa
1190 2167 1934 2223 galante un poco scettico che fu sem¬
1189 2188 2685 2271 pre, per rappresentarne la realtà, sem-Iquasi uno spirito delicatamente musi¬
1192 2241 2703 2292 pre piü spoglia dalle sue appassionate jcale. Tutti gli attori vanno lodati: 1’Op¬
1944 2264 2700 2325 po, che rese assai bene la malinconia
1191 2282 1938 2329 illusioni. Nella piena maturità, serisse
1195 2308 2698 2360 quel Girofondo, nel quale l’amore nonamoresa di Fritz, e la sua angoscia, e
1941 2346 2684 2406 la sua tenerenza, nel momento del di¬
1178 2357 1938 2418 Te che schernita, focosa e breve brutali¬
1956 2387 2689 2432 stacco; it Dilietdi, che recitó con giusta
1191 2400 1944 2454 tà; in Liebelei, composta nel bel tempo
1955 2424 2681 2479 gaiezza e con bella gravità la parte di
1181 2437 1932 2496 giovanile, l'amore profondo e fidente
1945 2464 2686 2510 compagno di piaceri e d’amico nell’ora
1182 2471 1932 2524 fa le sue prime dolorose esperienze.
1948 2502 2688 2549 del pericolo e della sventura; il Ceserl,
1180 2515 1932 2572 Cristina, la protagonista, s’avvede che
1947 2551 2686 2593 un po’ troppo in sordina nelle sue pri¬
1190 2555 1944 2620 esso, che per lei é tutto, non é inve¬
1174 2572 2689 2634 ce che un episodio per l’uomo al qualefme scene, ma commovente nelle succes¬
1953 2611 2685 2668 sive; Rossana Masi, eccellente nell’in¬
1179 2631 1944 2697 [si 6 data. Piu saggia di lei, una sua
1192 2650 2688 2727 amica, Mitzi, l'ammonisce che le flam-terpretazione di Mitzi per spontanei¬
1188 2688 2685 2744 me del cuore sono effimere, e che daltä e giocondità tipica, e la signora Ri¬
1942 2731 2693 2792 va, che perd avrei voluto svelasse un
1206 2742 1939 2799 esse bisogna aspettarsi solo la gioia at¬
1951 2773 2690 2826 poco meno il senso caricaturale del suo
1192 2781 1950 2856 tuale, senza ipotecare l'avvenire. Puo
1953 2812 2705 2868 personaggio. Quanto a Kiki Palmer,
1188 2825 1940 2877 Tessere, pensava lo Schnitzler, una veri¬
1957 2848 2700 2909 protagonista, si deve dire che dalla
1159 2860 1941 2924 tà assoluta l'amore, se in si diversa ma¬
1949 2889 2707 2947 quieta grazia goldoniana ha saputo
1192 2900 1942 2962 Infera e in grado si differente & sentito
1206 2927 2712 2993 dai due che avvince? Se gli amanti sonj passare a questo drafnind di passione
1199 2958 2705 3032 sempre oscuri l’uno per l’altro? Se cia-Icon talento caldo ed espressivo, facen¬
1946 2994 2695 3048 do molto di piu di quello che ci si po¬
1196 3011 1952 3082 scuno dei due sa bene quello che da,
1183 3039 2696 3102 Ima ignora quello che ha in contraccam-Iteva aspettare, anche essendo ottimi¬
1945 3078 2693 3144 sti, da una si giovine attrice. Nel primo
1184 3091 1948 3145 bio? La stessa incomprensione che il
1203 3118 2704 3182 Pirandello compiange in tutti i rappor-fe nel secondo atto ella recitó con una
1179 3157 2691 3230 ti umani, 1o Schnitzler la rappresenta-Isincerità sicura, e varia, e forte, note¬
1190 3187 2693 3281 va nei rapporti d’amore. Eppure, pa-[volissima. Meno mi & piacluta nel ter¬
1170 3233 2697 3296 Treva dire lo scrittore, questo triste, in-zo atto. Forse, in quest'atto, piuttosto
1956 3272 2701 3324 che costringerla a raggiungere una in¬
1193 3284 1955 3353 gannevole amore, vale piu di ogni al¬
1959 3311 2693 3357 tensa drammaticità, della quale aveva
1200 3317 1950 3383 tra cosa. Ci sono uomini, fa confessare
1950 3346 2702 3404 gia dato ottimo e breve saggio nel fina¬
1185 3358 1940 3439 a un personaggio di un'altra sua com¬
1952 3389 2698 3440 le del secondo, ma che ora richiedeva
1188 3397 1947 3459 media, che nutrono ambizionf scientifl¬
1953 3428 2690 3484 da lei una resistenza che senza lungo
1191 3433 1952 3499 sche, politiche, artistiche; ma voi donne
1953 3463 2709 3529 esercizio non si acquista, era meglio
1202 3476 1943 3546 siete quelle che contate di piü! Lo ri¬
1957 3507 2697 3553 far vibrare nella sua recitazione la cor¬
1200 3513 1941 3587 conosceva ese ne irritava; le constata¬
1951 3550 2707 3590 da della commozione e del pianto, piül
1207 3545 1957 3617 va con un misto di ribellione e di ras¬
1964 3578 2714 3632 che quella della fredda e potente e tra¬
1197 3589 1943 3644 segnazione. Perció il poeta dell’amore
1956 3613 2706 3677 gicn disperazione. La signorina Palmer
1198 3631 1947 3701 [era anche un critico; e diede un sin¬
1958 3659 2678 3714 ebbe un vivissimo successo personale.
1202 3675 1947 3745 golare sapore all’opera sua il fatto che
1970 3688 2711 3741 Belle e piene di carattere le scene.
1198 3707 1958 3776 ia stta osservazione psicologica, che a¬
1966 3734 2703 3789 Tre chiamate dopo fl primo atto, ein¬
1209 3756 1947 3805 veva una crudele precisione scientifica,
1953 3778 2708 3835 que o sei dopo il secondo, ed altret¬
1199 3787 1952 3849 non gelasse il moralista, ma anzi lo
1195 3814 2716 3901 intenerisse, lo commuovesse di piu. Egliltante, e anche piü, dopo il terzo. La
1209 3850 2700 3909 coltivava con voluttuosa tristezza le il-Isignora Riva e il. Ceseri ebbero nel se¬
1956 3879 2703 3952 condo atto un applauso a scena aperta.
1188 3894 1956 3954 lusioni nelle quali aveva cessato di
1992 3935 2529 3994 Stasera Cristina si replica.
1213 3945 1958 3992 credere. E sopra a queste illusionl,
1194 3976 1952 4045 faceva aleggiare la morte. Ma non la
2524 3982 2679 4042 r. S.
1202 4018 1960 4091 mnorte che sboccia dall’amore, voluttà
1211 4049 1963 4119 suprema, o catastrofe nella tragedia di
1201 4092 1961 4155 (Ginlietta e Romeo e di Otello e Desde¬
