3484 4256
594 151 1750 188 wie sie, glückseng enttauscht, dem Liebsten ihr Stuochen, ihre
1763 155 1861 210 Zu
606 188 1745 229 Siebensächelchen zeigen darf, wir sehn bei alledem in ihrer
1767 198 1865 243 zun
593 217 1747 268 Brust die dumpfe Ahnung, daß dieses Maienglück verwehen wird,
1763 238 1856 280 gut
589 265 1753 308 wie draußen die Blüthen des Flieders. Sie möchte alles wissen
1771 273 1852 319 Be
595 294 1755 349 von ihrem Liebsten, und er sagt ihr nichts. Sie möcht' ihn
1762 304 1850 359 zus.
606 331 1867 381 immer fragen, und er verbietet ihr das Fragen. In dieser Un= nie
604 374 1859 419 gewißheit, wankend zwischen Furcht und Hoffnung, verzehrt sie De
599 406 1860 454 sich; als die Gewißheit kommt, sind auch schon Verzweiflung vor
596 450 1851 498 und Tod da. Man hat ihn sterben lassen, ohne sie zu nu
603 490 1749 534 rufen. Man hat ihn begraben, ohne ihr's anzusagen.
1765 505 1858 547 per
602 529 1745 572 Denn was soll ein kleines „Verhältniß“, eine kleine
1769 541 1857 586 schi
611 571 1755 614 „Liebelei“ unter den standesgemäßen Leidtragenden? Sie hat ihn
1778 580 1868 630 sch!
599 613 1755 654 auf Erden im Leben und im Tode nicht finden können. Nun sucht
1773 620 1865 667 Ho
607 643 1769 687 sie ihn dort drüben. Wir bleiben zurück bei dem Papa, dem sie
1767 655 1856 706 der
606 684 1755 729 sich envertraut hatte, der ihr das bischen Erdenglück gegönnt
1761 686 1868 746 zur
602 722 1750 763 hätte, auch wenn es flüchtig gewesen wire, und dem nun seine
1775 736 1857 784 der
607 760 1771 806 alten Beine den Hilfedienst versagen: er hat nicht die physische
1771 770 1860 821 we
592 799 1854 853 und seelische Kraft, sein Kind ins glücklose Dasein zurückzuretten. 1 un
656 837 1760 878 Obwohl der Dichter von einer künstlerischen Konstruktion aus¬
605 851 1863 924 geht, obwohl er nach alter Lustspieltechnik das ernste Liebespaar die
1779 890 1855 942 zu!
614 906 1864 952 zu einem muntern Liebelpärchen in künstlichen Gegensatz stellt] ein
606 951 1868 1003 und eins durch das andre fortwährend beleuchtet, so ist doch alles 1 wir
607 991 1756 1032 wundervoll echt, wahr und klar in dem Stück; mit einem einzigen
622 1024 1698 1074 kühnen Griff ins Leben ist das Komplizirteste so gefaßt daß
751 1057 1113 1113 auf der Hand=liegt.
1293 1061 1525 1110 seiner wohlig
841 1174 957 1223 formuli
1039 1179 1489 1232 Bemerkungen, aber sie
1774 1182 1861 1236 uni
722 1215 885 1261 ation un
1110 1205 1593 1256 Lenten, die sie machen, In
1785 1230 1864 1275 ein
1106 1255 1629 1322 ensgenuß hebt sich eine süße 2
738 1291 907 1339 b, als fielt
1090 1275 1785 1339 vom Flieder die Blüthen ab. Einer
743 1324 987 1386 Auffassung vo
1065 1329 1765 1379 ben und Liebe, dem übermüthigen Spiel
1765 1336 1855 1399 W
750 1370 1760 1415 rzen und Sinnen setzt das Memento mori die Schranke.
738 1399 1770 1474 e den Dichter ein ebenso gutes Finderglück zu neuen, reifern
698 1443 1702 1505 twürfen tragen; denn die Anatols kennen wir nun schon.
1775 1453 1864 1518 dat
651 1489 1840 1556 Der Dichter stellt an die Bühnendarstellung sehr kecke die
614 1549 1799 1600 Forderungen. Der Gatte, der in das Haus des Ebebrechers
619 1584 1774 1633 tritt, um den vergessenen Schleier seiner Frau zu holen, der
615 1623 1848 1670 zweimal gegen den armen Sünder die Faust hebt und dann weg¬ haf
617 1675 1866 1713 geht, um ihn todt zu schießen, ist nicht von erstwem zu spielen. kla
615 1694 1764 1747 Herr Nissen stollte meisterhaft dar, wie die gesellschaftliche Er¬
611 1737 1761 1786 ziehung des vornehmen Herrn der natürlichen Brutalität des
634 1771 1767 1824 empörten Mannes Halt gebot. Ebenso fein gab Frau Marie
629 1811 1775 1859 Meyer in einer anderen Episode die Unfeinheit einer Wienerin,
616 1857 1763 1897 die sich in ihrem Strumpfwirkerdasein nicht gern an Vergangenes
613 1894 1773 1939 erinnert und nun auf Klatschen und Kuppeln lüstern wurde.
616 1933 1707 1977 Den alten Papa, der im Josephstädter Theaterorchester
758 1966 948 2021 spielt.
1025 1969 1376 2019 Herr Reicher
1445 1967 1768 2027 der prachtvollen
628 2002 1772 2050 Maske des ergrauten Künstlers, der zu verzichten verstand und
665 2046 1772 2104 ur Erinnerung an das, wonach er einst strebte, sich seinen
705 2090 1773 2144 ubert auf den Ofen stellt. Von den beiden Liebespaaren
707 2130 1767 2182 en Herr Jarno und Frau Schneider das muntere, Herr
1777 2134 1853 2182 sch
719 2169 1776 2220 tner und Frau Sorma das ernste. Frau Schneider, fesch
737 2203 1834 2274 Eine, brachte ein ganzes Praterglück und ein halbes] fin
743 2247 1786 2302 rglück dazu nach Berlin; die Ehe mit Herrn Nissen be¬
745 2288 1848 2341 dieser schönen Schauspielerin auch künstlerisch vorzüg=] Er
757 2316 1694 2376 Hätte Herr Jarno nicht seinen lustigen Abend
756 2357 1756 2409 und in der flotten Leichtigkeit seiner Spielerei sich
765 2398 1868 2453 bertroffen, so wäre mir der Wunsch einer Umbesetzung! hat
774 2437 1774 2484 kommen. Hoffentlich wird „Liebelei“ noch fürs nächste
1786 2444 1850 2491 wä
817 2473 1770 2526 vorhalten. Dann müßte Herr Rittner den munteren
1787 2484 1885 2545 reg
851 2511 887 2555 er
926 2514 1780 2559 hmen und den schwereren Jungen Herrn Kainz;
926 2547 1857 2602 in Augen und Haltung die Melancholie des sme
743 2593 1773 2642 s mitbrächte, und den der Dialekt seiner Wiener Heimath
1769 2600 1819 2660 6
736 2637 1873 2684 rhetorischer Unnatur hier schon bewahren würde.; nic
708 2659 1776 2708 nitzler hat in der Erfassung des wienerischen Liebens ein
1786 2674 1854 2719 Lei
703 2706 1770 2756 hen von seinem Landsmann Grillparzer geerbt. Das
1774 2716 1821 2764 E
689 2747 1769 2791 inte sein Landsmann Kainz ihm bringen. Herr Rittner war
638 2784 1772 2829 zu spröd und zu derb, und wo er nach Weichheit und Wärme
628 2828 1773 2871 suchte, blieb es beim Suchen. Schon die Erscheinung, für die
625 2849 1783 2917 der blondbärtige, braunäugige Kopf des Dichters das Vorbild
630 2896 1772 2961 gäbe, war zu niedrig gegriffen. Herrn Schnitzlers Fritz speist
647 2938 1810 2987 beim Sacher hinter Verschluß Austern und crevises à la Judic; 1 I
655 2977 1797 3036 Herrn Rittners Fritz speist (auch sehr delikat) im Imperialhotel
645 3017 1874 3086 Rindsguylacz mit Nockerln, aber im Gassenschank neben dem #
640 3052 945 3114 Fiaker Bratfisch.
1816 3055 1863 3107 1
670 3099 1882 3148 Von Frau Sorma als Christine habe ich schon gesprochen. trä
656 3124 1876 3171 Man hat sie zu vornehm gefunden. Innerlich kann diese Luise na
617 3168 1771 3223 Millerin der Wiener Vorstadtdachstube gar nicht vornehm genug
1792 3184 1874 3221 nb
627 3212 1784 3268 sein; äußerlich war es entzückend, wie schen und schamhaft der
1782 3214 1866 3267 M
626 3254 1769 3300 Schalk aus der kleinen Schwärmerin hervorlugte. Wie dann
1794 3253 1872 3301 mit
625 3291 1774 3330 aus diesen tiefen dunklen, bangen Augen das Schicksal wider¬
1777 3296 1885 3347 spi
622 3318 1785 3382 leuchtete, war tief ergreifend. Christine, die sonst so wortkarge,
633 3371 1775 3422 wird im Unglück sehr gesprächig. Für jeden Vorwurf, für jede
1780 3381 1816 3433 1
629 3398 1784 3460 Vergegenwärtigung ihrer Lage findet sie ein passendes Wort. Sie
623 3441 1783 3498 hat zu lange geschwiegen, um nun nicht sprechen zu können. Diesen
626 3482 1779 3535 feelischen Prozeß schauspielerisch zu begründen, kann nicht leicht
1849 3525 1886 3574 4
621 3507 1787 3574 sein; Frau Sorma war gerade hier am bedeutendsten; als Ahnung
631 3566 1886 3614 zur Gewißheit wird, als das liebliche Gesicht leichenhaft erstarrt, der
619 3598 1346 3647 stand das Gebärdenspiel auf Dusehöhe.—
670 3630 1880 3677 Da Schnitzlers „Liebelei“ nicht „den Abend füllt“, wie Theater= Be
624 3664 1777 3728 kassirer sagen, so diente Kleists einziges und unvergleichliches,
767 3713 1863 3772 enus zu bewunderndes, zu verehrendes und zu liebendes Fri
763 3754 1798 3800 el „Der zerbrochene Krug“ als Beigabe, wozu es
616 3786 1877 3859 eigentlich zu schade ist. Ich habe die Aufführung gestern früh Hu
634 3832 1883 3907 „ganz gut“ genannt und bitte dabei den Ton auf gut zu legen. stel
1837 1556 1880 1609 4
