3344 4256
426 181 825 254 Liebelei
244 167 1396 294 5. LassSe1 box 11/2
654 453 1868 553 Bühnentelegraph.
1216 536 2086 605 Steinrück an Stelle Hans Waßmanns beden¬
454 538 1226 614 Berlin. In das Repertoire der Kammer¬
1222 585 2089 644 tete keine Verbesserung. Die Rudolf Bernauers
373 599 1218 659 spiele sind Strindbergs „Fräulein Julie“.
1222 632 2088 693 Regie anvertraute Aufführung von Schnitzlers
370 629 1229 710 und Schnitzlers „Liebelei“ neu aufge¬
1218 670 2092 730 Liebesdrama trug nicht in allen Teilen den
371 675 1223 729 nommen werden. Die Wahl des ersteren
1226 708 2082 766 Stempel des Gelingens, vor allem kam das
369 714 1221 770 Stückes kann als eine Aufmerksamkeit gegen¬
1224 750 2094 800 Wienerische, der leicht beschwingte wienerische
367 752 1237 811 über dem schwedischen Poeten gelten, der in
1228 788 2094 843 Konversationston nicht entfernt zu seinem Recht.
373 789 1232 852 seiner beiannten Dorrede die Idealkonstruktion
1233 828 2085 887 Lucie Höflich arbeitete in der Rolle des süßen
371 822 1230 888 eines Schauspielraumes, wie er im Kammer¬
1224 858 2083 919 Mädels von vornherein mit den Mitteln der
373 869 1225 924 spielhaus seine Verwirklichung gefunden hat,
1225 891 2088 967 Tragödin. Auch Pagaps alter Musikus war
364 905 1220 968 entworfen hatte. Aber schon im Kleinen
1230 934 2089 1004 zu sehr aufs Tragische gestimmt. Bedeutend
380 952 1224 1008 Theater ist unter Max Reinhardts Leitung die
1221 985 2091 1044 wirkte Steinrück in der bekannten Episoden¬
372 989 1231 1042 Tragikomödie der Grafentochter und des
1768 1007 2097 1084 Das Lessing¬
1224 1026 1791 1086 #rolle des fremden Herrn. —
369 1024 1224 1089 Kammerdieners zu ihrer vollen schauspielerischen
1227 1063 2086 1132 theater errang am 21. September mit der
368 1058 1231 1120 Wirkung gelangt. Dem, was über das Stück
1232 1102 2099 1157 Erstaufführung von Ibsens „Bund der
369 1103 1225 1168 und die Trägerin der Hauptrolle, Gertrud
1232 1131 2087 1202 Jugend“ einen Erfolg, der an Ehrlichkeit und
373 1143 1229 1207 Epsoldt, damals in diesen Blättern geschrieben
1225 1175 2092 1234 Stärke dem der „Stützen der Gesellschaft“ im
375 1190 1234 1237 worden ist,*) haben wir nichts hinzuzusetzen. Die
1230 1215 2126 1287 Dorjahre nicht nachstand. Es wird im nächsten 1
375 1223 1224 1298 neue Besetzung der Vienerrolle mit Albert
1233 1260 2096 1323 Hefte desren darüber zu reden sein. Die
458 1269 1019 1344 *) Jahrgang VI, Hest 17, Seite 737.
1625 1316 2108 1382 Bassermann als Rechts¬
1236 1326 1488 1405 Ensemblel.
1240 1362 2114 1432 anwalt Stensgate und Oskar Sauer als Kammer¬
1245 1411 2111 1492 herr an der Spitze war zu restloser Vollkommenheit
1894 1445 2073 1500 3.-19.
1244 1454 1520 1544 ausgeglichen.
2288 1827 2673 1904 S
1591 1876 3361 1975 und der Sklave (Rudolf Christians) weiß die Situation ge=ldauer wird diese Komödie
387 1886 519 1978 SHIur
2831 1916 3347 1988 Christians großer Kunst n
544 1817 660 2000 82
1600 1923 2850 2008 schickt auszunutzen. Er wird ihr Spielzeug, ein gefährliches. Denn
867 1938 1178 2020 —Rfebelei.
2885 1949 3350 2005 Die beiden Stücke aber
1616 1967 2848 2048 er gib sich mit der Gunst seiner Herrin nicht zufrieden, er will
2829 1989 3353 2071 bringen, zeigt nicht von gute
457 1973 1635 2087 Artur Schitzler hat in seinem dreiaktigen Schauspiel
371 2010 2845 2132 Liebelei“, das Direktor Reinhardt in den Spielplan derlherrschen an Seite der Prinzessin, die gar zu schnell vom
367 2094 2845 2183 („Kammerspiele des Deutschen Theaters“ aufnahm, einen nicht tändelnden Mädchen zur reifen Frau hinübergleitet. Er glaubt,
2841 2058 3360 2149 9 Bernhard=Rose=Thea
380 2139 2848 2225 gerade originellen Novellenstoff in dramatische Form ge=er habe sie nun so fest in seinem Banne, daß er sich zum Herrscher
2830 2127 3320 2189 jungen Operette „Die
395 2168 2844 2261 bracht und damit vielleicht seinen glücklichsten Wurf getan. an ihrer Seite aufschwingen könne. Er will sie in recht schwulstigen
1617 2180 3339 2244 Reden bewegen, den Vater töten zu lassen, der übrigens ein rechter Rose=Theater Direktor A.
1630 2202 3341 2287 Trottel sein muß, weil er die Seitenspringe seines Töchterchens erfolgreich einen Gastspielzt
393 2209 1629 2305 Denn über eine oberflächliche Behandlung des Themas von
2840 2250 3338 2298 war die Aufführung durch
1624 2250 2846 2324 nicht zu verhindern weiß, da erwacht in der Prinzessin die Salome¬
390 2254 1623 2353 der Liebelei mit süßen Wiener „Madeln“ und schönen Wiener
2842 2280 3326 2346 waren ganz und gar bei
1628 2278 2853 2371 natur sie ruft Hiolaka den Peitschenmeister, damit der den
391 2300 1634 2396 Frauen reicht Schnitzlers sehr bescheidenes Talent nicht hin¬
1623 2316 3331 2407 „Lieblingssklaven“ ins Jenseits schlägt. Der gewaltsame Schluß Wollen, sondern auch Kön
395 2344 1638 2426 aus. Die Darstellung war sehr glücklich auf die wienerische
1632 2355 3361 2444 ist entschieden von dramatischer Kraft, nur besser hätte er heraus=Chor. Gegen die Einsätz
2839 2385 3326 2459 zu zahm war Frl. Wern
397 2390 1641 2473 Note gestimmt mit Ausnahme des Frl. Lucie Höflich, die
1628 2405 2857 2488 gearbeitet werden müssen, — aber nicht länger. Die Prinzessin
2845 2436 3321 2499 sie getrost mehr aus sich
395 2431 1634 2524 gänzlich aus dem Rahmen herausfiel. So häßlich kleidet und
404 2441 2856 2558 so unvorteilhoft für das Gesichtchen frisiert sich kein Wiener] (Jenny Beingruber) war wohl am Ende ihrer Kraft, denn
396 2523 3328 2606 Mädchen. Frl. Höflich sah ungefähr aus wie eine emanzi= die Längen des Stückes mußten mit einer richtigen Aufwendung gute Leistungen in Gesan
401 2552 3332 2649 pierte Studentin. Dann faßte sie die Rolle der Christine viel von Lungenkraft überschrien werden. Und darum herum, ein nicht Gertrud Geyersbach als
2852 2578 3351 2658 waren ebenfalls recht hüb
398 2554 3361 2685 zu schwer, zu tragisch auf und übertrieb demzufolge in der übles Nebenspiel in welchem sich Albert Schindler als Ihibinna, der Adele und Herr Greb
1635 2589 2857 2678 ein Eunuch, durch seine komischen Gesten auszeichnete. Die Hand¬
2950 2631 3361 2696 *Rixdorfer Theater.
1632 2637 2860 2719 lung spielt im Osten heißt es. wahrscheinlich Indien. Die Aus¬
416 2638 1645 2728 Schlußszene in unerträglichster Weise. Famos war Grete
2854 2660 3360 2739 riesigen Bevölkerung kann
1631 2683 2857 2758 stattung war gut, die Regie überstieg das Mittelmaß leider nicht.
403 2696 1650 2787 Berger als Mizi Schlager, die eine urechte Wienerin auf die
2845 2708 3358 2780 einen Leiter für das „R
1632 2723 2861 2795 Es wäre wohl mehr aus dem Stücke herauszuholen gewesen, wenn
409 2733 1649 2824 Bretter stellte. Ebenso Frau Sophie Pagay als Katharina
2849 2755 3354 2817 ein Saal=Theater) gefund
1633 2752 2720 2857 der Rotstift des Dramaturgen fleißiger gearbeitet hätte.
2860 2796 3355 2853 Können sendern auch de
401 2779 1652 2871 Binder, die gleich Frl. Berger auch einen köstlichen Humor
1697 2803 2853 2888 Gustav Wied ist uns kein Unbekannter, von seiner Komödie
2864 2816 3343 2897 dem bildungsbedürftigen
408 2828 1653 2908 entwickelte. Herr Hans Pagay zeigte als Hans Weiring seine
1640 2862 2865 2919 1 Liebe“ hätten wir mehr erwartet. Basmus ist ein so toller
2853 2877 3329 2938 wohner, wirkliche Kunst
411 2869 1647 2955 feine Charakterisierungskunst in diskret abgetönter Schat¬
1639 2900 2868 2980 Tölpel, wie nur wenige auf der Welt herumlaufen, und mit ihm —
2856 2895 3358 2983 klassischen Literatur, Less
408 2906 1656 2995 tierung, während Herr Alexander Ekert einen „lioben Kerl“
2856 2949 3322 3014 Direktor Türk gerade
420 2939 2872 3050 gab, „weanerisch“ vom Scheitel bis zur Sohle. Auch die Her=er wurde von Rudolf Christians brillant gespielt — steht und fällt
1636 2981 2880 3058 das Stück. Christine, die Tochter des Hofbesitzers Sören Clausen,
412 2999 1649 3084 ren Eugen Dumont und Albert Steinrück verdienen alles Lob.
1641 2978 3359 3109 bei dem in diesem Jahre das Erntefest gefeiert wird, soll Wintersaison zu eröffnen.
2859 3034 3361 3097 wie der technische Ausdr
417 3055 1656 3121 Sehr stimmungsvoll war das Zimmer des alten Violinspie¬
1641 3038 2873 3135 „Basmuschen“ heiraten, weil ihre Besitzungen nebeneinander
1391 3087 1626 3160 J. St—g.
1634 3058 3332 3175 liegen. Aber die Tochter war in der Stadt in Pension und hat wie sie ihm zu Gebote
420 3118 795 3196 lers eingerichtet.
1651 3103 3329 3218 „Bildung“ gelernt. Laost (Heinrich Schroth) der Windhund, gleicher Weise nach. In
2858 3136 3320 3209 Emilia Galotti des Fr
1637 3176 2880 3254 verdreht den Eltern und Christine den Kopf, er bringt ihnen Ge¬
2861 3188 3360 3262 schöne jugendliche Künstl
836 3183 1262 3279 Neues Theater.
1652 3209 2877 3282 schenke aus der Stadt mit, eine Meerschaumspitze, Schokolade und
1643 3237 3342 3335 Blumen. Basmus ist ein großer, schlapper Kerl und hat alle rament, alles mit sich
497 3224 1657 3318 Julius Berstl Ihavatrathe“, Drama in zwei Akten;
2872 3265 3359 3322 mutigen und liebreizen
424 3298 1663 3384 Gustav Wied „Liebe“, Komödie in einem Akte, aus dem
1644 3287 2888 3366 Aussicht, von Laost ausgestochen zu werden. Nachdem er unglaub¬
502 3355 3353 3446 Wir haben Herrn Dr. Schmieden zu danken, daß er der lich viel gegessen, geht er weg, um sich zu erhängen, aber hübsch störende Gewohnheiten be
433 3351 847 3436 Dänischen übersetzt.
1654 3349 3349 3453 vorsichtig, er legt einen Stein unter seine Füße, damit ihm die wohl bald abgewöhnen.
425 3410 1665 3504 sungen, vierundzwanzigjährigen Berstl mit seinem Erstlings¬
429 3387 3341 3528 bühnenwerk zu Worte kommen ließ. Es war keine reife Arbeit] Luft nicht ausgeht. Die starke Stine (Paula Levermann) sieht ihn des Direktors vom Lortz
427 3431 3357 3568 die wir zu sehen bekamen, übertriebene Hoffnung wird sich die in der Scheune hängen, er wird abgeschnitten und zum Erntefest überragte seine Partner
2871 3503 3347 3571 sei ihm besonders ang
419 3514 3360 3620 Direktion des Neuen Theaters von dem Stücke nicht gemacht haben geführt. Erst ist er steif wie ein Stock, als aber das Essen auf. weisen Mäßigung beflei
1655 3526 2892 3619 getragen wird, entwickelt er wieder seinen ungeheuren Appetit und
1660 3537 3360 3646 Christines Herz wird gerührt, sie findet die Liebe Basmus' roman= boten auch Hermann
2879 3580 3351 3636 Julius Türk als
436 3554 1669 3664 möge sie sich aber nicht abbringen lassen, jungen deutschen
1666 3593 2884 3685 tisch, Reden werden gehalten, er wird weiter gefüttert und be¬
2879 3613 3348 3688 Prinz, Valerie Ra
441 3586 1674 3693 Talenten die Wege zu ebnen. Und gute Anlagen besitzt der Autor.
2877 3651 3350 3727 Walter als Claudia
1670 3629 2888 3729 kommt nach und nach alles geschenkt, was der Schwerenöter Laost
434 3649 1671 3737 Nur freier soll er sich machen von Wilde, das Nachbeten tut nie
1656 3685 2895 3760 an Gaben mitgebracht hat. Der begehrt auf und wird hinausge¬
428 3684 1660 3784 gut. So kam es, daß der gute Gedanke von nichtssagenden Redens¬
430 3720 1663 3813 arten erstickt wurde. Die Prinzessin Ihavatrathe spielt mit ihren
439 3739 3352 3850 Freundinnen, ein Sklave sitzt unter einem Palmbaum als Wach, worsen. Basmus schwingt das Lanabein, wird mit einem Male waren gut besetzt. Wir
436 3732 3359 3876 Er antwortet auf ihre Fragen kurz, unhöflick, der Prinzessin ist wunderlich mobil, die Verlobung ist fertig. Man konnte herzhaft Saison, sie verdient es
440 3834 2918 3923 dieser Ton fremd, er erweckt ihr Interesse. Sie tändelt mit ihn, lachen, mit Beifall wurde nicht gekargt, aber eine längere Lebens¬
