3484 4256
500 148 692 235 iebe
270 127 1427 275 5. Li#ssei box 11/6
1001 829 1412 944 Telephon 12.801.
474 933 1224 1105 „OBSERVER
312 1049 1434 1188 I. österr. beh. konz. Unternehmen für Zeitungs¬
514 1113 1225 1223 Ausschnitte und Bibliographie.
493 1179 1288 1290 Wien, I., Conoordiaplatz 4.
709 1247 1066 1323 Vertretungen
316 1263 1433 1383 in Berlin, Brüssel, Budapest, Chicago, Cleveland. Christiania,
331 1331 1445 1422 Genf, Kopenhagen, London, Madrid, Mailänd, Minneapolis,
332 1382 1439 1473 New-Vork, Paris, Rom, San Francisco, Stockholm, St. Peters¬
724 1428 1056 1482 burg, Toronto.
674 1453 1105 1538 (Ogeliepangabe ohne Gewähr.)
332 1530 1508 1635 Ausschntt ans u##2% ascd
343 1651 1332 1772 A
1317 1803 3208 1892 men machte, gelang die Schilderung der wech=Meinung, wie die geschwätzige Strumpfn
1324 1871 3197 1941 selnden Phasen dieser Passionsgeschichte einer kersfrau „Lathartna Binder“ findet Fr
589 1869 1241 1980 euilleion.
1331 1913 3226 1981 Liebe vortrefflich: das völlige Aufgehen im Decker=Segisser stets kräftig wirkende Mitt
1321 1962 3243 2034 Gedanken an den Geliebten, das stete Ban=Chi stinens Vater, der alte Orchestergeige¬
499 1994 1146 2089 Luzerner Stadttheater.
1316 2008 3246 2082 gen vor irgend einem unbekannten Unheil, vom Josefstädter Theater, hat in langen Sor¬
1330 2058 3245 2136 das ihr Glffk zerstören könnte, und, nach dem genjahren ein wenig Lebensfreude bewahrt
439 2057 1338 2144 Um Im Empfindungskreis nahe zu kom¬
1655 2117 3241 2196 btungsschlag, die marternde und brachte es nicht übers Herz, seiner Toch¬
1327 2119 1623 2190 gefallenen ?
368 2136 1339 2210 men, uwelchem Arthur Schnitzler am Mon¬
1676 2152 3243 2234 Christine dem Manne, demster das bißchen Jugendglück, auf das jeder
1078 2173 1620 2236 Liebe=Erkenntnis,
946 2183 1044 2245 Kerpn
378 2170 823 2253 tag Abend gegehener
363 2207 3235 2277 lei“ entnahm, sollte man Schnitzlers unters sie alles ge## in hatte, im Grunde weniger Mensch ein Recht hat, vorzuenthalten. Diesen
371 2272 3250 2339 dem Titel „Anatol“ vereinigten dialogisierten gewesen sei als seine Verwandten und alten „Weiring“ hielt Hr. Skal im Tone
379 2296 3251 2378 Erzählungen (1901, S. Fischer, Berlin) ken= Freunde, die ihn begraben haben, ohne daß österreichischer Resignation und hatte außer¬
2268 2351 3243 2441 dem als Regisseur die drei Akte sehr gut auf
368 2372 1914 2447 nen. In einer derselben, „Agonie“ überschrie= sie sie nur benachrichtigten.
2266 2410 2970 2479 leinheitliche Stimmung eingestellt.
372 2418 2280 2499 ben, wo ein Freund den andern aus den Der Gegenstand so tiefer Zuneigung, „Fritz",
2334 2446 3248 2525 Im letzten Akt wacht Schnitzlers Wienertum
367 2487 2289 2548 Banden eines gefährlichen Verhältnisses zu sein junger Herr aus reichem Hause, wurde
2277 2511 3259 2585 auf. Durch das Fenster der Meusardenwohnung
365 2531 2280 2588 einer verheirateten Frau befreien will, wo von Hrn. Falb als eine Art Hypochonder der
2279 2563 3253 2627 Weirings schaut der Stephansturm herein, und
359 2574 2281 2636 also gewissermaßen die in den ersten Szenen Liebe in gut überlegter Ausarbeitung darge¬
2285 2607 3249 2671 der dunkle Streifen in der Ferne, das ist der
374 2623 2275 2690 angedeutete Vorgeschichte der „Liebelei“ zu sstellt. Dem Gegenstück zu diesem Pessimisten,
2279 2647 3249 2728 Kahlenberg, und durch die Frühlingslust klingts
365 2672 2287 2725 finden ist, fällt das Wort: „Es gibt manches idem Lebenskünstler „Theodor", lieh Hr. Kurt
2283 2681 3254 2780 wie Schubertsche Weisen. Das ist die eigenartige
379 2716 2284 2780 Glück, das mit dem ersten Kuß zu sterben be= Walter seine, in derartigen Rollen immer
2285 2752 3252 2815 Dramatik Schnitzlers, auf eigenes und Freundes
380 2769 2277 2826 gann!" Von dieser Art ist das Glück, das äußerst angenehm auffallende kosmopolitische
2280 2797 3261 2873 Leben, wie durch duftige Schleier zu blicken, von
380 2822 2288 2879 der Geigerstochter Christine aus ihrer Liebe Gewandtheit. Als das Wiener Mädl, wel¬
2276 2854 3118 2932 der „Loris“ in der Anatol=Vorrede sagt:
372 2869 2284 2937 zu einem jungen Mann aus reicher Familiesches lustig das Heute genießt und sich über
2408 2908 2973 2959 Also spielen wir Theater,
374 2915 2293 2995 erblüht. Mit der sonst für speziell franzö=das Morgen keine Sorgen macht, die „Schla¬
2406 2924 3036 3021 Spielen uns’re eig'nen Stücke,
368 2958 2301 3033 sische Dichtereigenart, z. B. Marcel Prevost's ger Mizzi“, bot die blonde Munterkeit des
2395 2982 3131 3081 Früh gereift und zart und traurig.
382 3014 2294 3081 in den „Lettres de Femmes“, gehaltenen Frl. Reimers einen scharfen Kontrast gegen
2401 3047 3006 3115 Die Komödie uns'rer Seele,
377 3062 2296 3131 Gabe, die Dinge aus dem weiblichen Em= die dunkeläugige, still in sich gekehrte Chrl¬
2404 3079 3130 3168 Uns'res Fühlens, heut und gestern,
374 3121 2297 3175 pfinden heraus darzustellen, läßt Schnitzler stine, was im dritten Akt durch die Farben¬
2391 3141 3042 3219 Böser Dinge, hübsche Formel,
368 3157 2301 3238 das Bild dieses schlichten, treuen, still be=wahl der Toiletten, Christine in schlichtem
2405 3194 2999 3257 Glatte Worte, bunte Bilder,
364 3214 2294 3285 glückten und schrankenlos hingebenden Mäd=Schwarz, Mizzi in Weiß mit Rosabändern,
2403 3236 3041 3317 Halbes, heimliches Empfinden,
368 3258 1910 3322 chens entstehen. Und das Gebilde der dich=noch hervorgehoben wurde.
2406 3276 2823 3381 Agonien, Episoden.
1387 3274 2304 3374 Der „Herr“, welcher von Fritz, als dem
363 3293 1355 3370 terischen Phantasie wurde von Frl. am Zehn¬
383 3351 2291 3408 hoff ausgezeichnet verkörpert. Der Darstel=Geliebten seiner Frau, Rechenschaft sordert,
368 3407 2297 3464 lerin, deren sympathische Erscheinung und wurde von Hrn. Pfeifer mit unheimlich eisi¬
372 3431 2313 3534 echt wienerisch klingende Rede die Ueberein=ger Ruhe verkörpert. Für die Darstellung von
374 3487 2315 3588 stimmung zwischen Schein und Sein vollkom= mundfertigen Vertreterinnen der öffentlichen
