3532 4256
281 157 819 236 5. Liebeler
686 156 1410 251 box 11/5
1942 87 2772 155 Ausdruck in Tönen zu finden. Franz
1937 136 2775 189 Neumann, ein geborener Oesterreicher und
1941 167 2772 243 Schüler des Leipziger Konservatoriums, wo er
1928 220 2802 275 bei Reinicke und Jadassohn seine Studien
1933 252 2780 315 machte, wirkt seit 1904 in Frankfurt als Opern¬
1938 284 2767 346 dirigent, ist aber auch schon als Komponist mit
1932 329 2763 382 einer erfolgreich aufgeführten Oper „Die Braut¬
1925 364 2769 418 werbung“ wie mit andern Werken an die
1932 409 2772 460 Oeffentlichkeit getreten. Wenn auch nicht zu
1919 451 2766 510 leugnen ist, daß Neumann bei seiner neuesten
1925 487 2774 551 Opernschöpfung von vornherein einen mächtigen
1929 519 2764 589 Bundesgenossen in dem Umstand gefunden hat,
1928 564 2769 630 daß bei der Suche nach einem geeigneten
1915 602 2769 653 Libretto seine Wahl auf eines der besten
1926 639 2773 707 Erzeugnisse der neueren dramatischen Dichtung
1912 679 2768 742 und eines der beliebtesten Repertoirestücke
1923 716 2764 784 unserer Schauspielhäuser gefallen ist, so ist doch
1924 761 2761 821 sein neuestes Opus, auch vom absolut musikali¬
1922 796 2755 855 schen Standpunkte aus betrachtet, als ein
1920 828 2750 899 hervorragend glücklicher Wurf anzusprechen und
1908 881 2751 924 als die Arbeit eines ernsten und gediegenen
1911 917 2757 981 Fachmusikers zu bezeichnen. Die berufsmäßige
1912 956 2761 1010 langjährige Ausübung der Dirigententätigkeit
1904 984 2752 1048 läßt uns Neumann naturgemäß in seinem
1918 1035 2745 1101 musikalischen Schaffen als Eklektiker erscheinen:
1924 1113 2769 1173 er schwört weder zur Fahne der Hypermodernen,
1933 1163 2769 1206 noch wandelt er die alten ausgetretenen Gleise
1933 1196 2776 1254 einer heute nicht mehr dem herrschenden Kunst¬
1934 1242 2773 1296 geschmack zusagenden musikalischen Richtung.
1932 1273 2772 1318 Dagegen hat er es verstanden, seine im Laufe
1935 1315 2768 1355 der Zeit erworbenen reichen Kenntnisse und
1929 1359 2765 1399 praktischen Erfahrungen auf dem Gebiete des
1925 1394 2769 1449 Opernwesens sich in seinem neuesten Werke
1926 1438 2777 1486 mit bestem Gelingen zunutze zu machen und
1933 1476 2771 1522 denselben gleichsam konzentrierten Ausdruck zu
1924 1515 2780 1570 verleihen, ohne dabei auf eine ausgesprochen
1932 1560 2764 1610 persönliche Note zu verzichten und seine künst¬
1931 1595 2774 1636 lerische Selbständigkeit preiszugeben. Dies gilt
1935 1633 2774 1680 sowohl bezüglich der musikalischen Erfindung,
1925 1676 2777 1727 die nirgendwo träg und spärlich fließt, sondern
1931 1712 2762 1759 die ihm frisch=lebendig und vollkommen natürlich
1931 1751 2776 1793 aus seinem reichen Melodienschatze quillt, wie
1932 1789 2776 1830 auch hinsichtlich der interessanten thematischen
1935 1829 2777 1881 Arbeit, der ganzen, ein beachtenswertes Können
1934 1867 2772 1910 bekundenden Orchestertechnik und der zahlreichen
1934 1909 2769 1957 Feinheiten und Schattierungen, die in den Details,
1919 1942 2765 1985 den Klangmischungen und den erzielten Instru¬
1932 1988 2773 2041 mentaleffekten zutage treten und dem Werke
1919 2023 2774 2083 einen aparten Reiz verleihen. Das Libretto
1928 2066 2772 2117 erscheint glatt durchkomponiert und meidet völlig
1918 2097 2776 2157 die geschlossene Form. Zu dem Parlando=Stil
1921 2156 2774 2202 der meisten Szenen, der nur hier und da, vor¬
1916 2194 2775 2233 nehmlich im ersten Aufzuge, etwas monoton
1930 2216 2769 2281 wirkt, bildet das Orchester die breite sinfonische,
1924 2263 2776 2299 farbenreiche und illustrierende Grundlage; es
1918 2302 2766 2341 erhebt sich in den bedeutsamen Momenten der
1915 2340 2771 2377 Handlung stellenweise zu wahrhaft hinreißendem¬
1915 2380 2764 2430 Schwung und zu glänzend pathetischer Kraft
1928 2420 2765 2468 und Ausdrucksgewalt der Tonsprache. Die
1918 2456 2767 2503 Höhepunkte des Liebesdramas sind in ihrer
1924 2498 2755 2545 tragischen Größe und Bedeutung unter Auf¬
1916 2541 2769 2592 bietung des ganzen komplizierten modernen
1919 2574 2766 2628 Orchesterapparats höchst eindrucksvoll zur
1915 2619 2760 2669 Geltung gebracht und kontrastieren wirksam
1916 2663 2757 2703 mit dem leichten musikalischen Plauderton, den
1915 2692 2771 2740 der Komponist speziell in den Eingangsszenen
1926 2735 2758 2781 der Exposition anschlägt und mit dem sinnlichen
1917 2777 2764 2824 Wohllaut und den zahlreichen Lprismen, in die
1925 2805 2772 2849 die große Liebesszene im 2. Aki getaucht erscheint;
1919 2851 2761 2897 bei der Schilderung und Ausmalung seelischer
1918 2890 2757 2927 Dorgänge hat der Komponist freilich in der
1913 2925 2763 2979 Entfaltung instrumentaler Mittel manchmal des
1927 2976 2772 3024 Guten etwas zu viel getan. Don nachdrücklichster
1920 3005 2766 3051 musikalisch=klanglicher Wirkung ist u. a. der
1922 3048 2767 3103 Moment, wo der betrogene und Genugtnung
1922 3086 2757 3139 fordernde Gatte in der Wohnung des Liebhabers
1919 3126 2755 3178 seiner Frau erscheint. Alles in allem kann
1908 3167 2755 3206 man wohl sagen, daß das bekannte Schnitzlersche
1911 3208 2760 3252 Stück durch die Dertonung, die es in der geschickten
1909 3248 2760 3285 künstlerisch verständigen hand Neumanns
1918 3286 2762 3335 erfahren hat, für die Zukunft nur gewinnen
1923 3319 2768 3375 wird und auch in der Form als Oper seinen
1911 3356 2754 3408 Weg über die deutschen Bühnen machen dürfte.
1908 3407 2758 3453 Die Aufführung des neuen Werkes, der beide
1914 3441 2759 3493 Antoren beiwohnten, hatte einen vollen und
1917 3476 2749 3522 durchschlagenden Erfolg, der nicht nur einem
1916 3517 2762 3573 lokalen Interesse entsprang und nicht zum
1905 3556 2754 3606 wenigsten der gelungenen Wiedergabe der
1906 3597 2757 3639 Hauptrollen durch die Damen Sellin und
1918 3635 2753 3676 Doninger und die Herren Genter Breiten¬
1909 3684 2766 3725 feld, Braun und Schneider und der fein¬
1907 3708 2754 3760 sinnigen musikalischen Leitung des Herrn
1904 3749 2750 3803 Dr. Rottenberg zu danken war. Für die
1912 3794 2754 3830 geschmackvolle und stimmungsreiche mise-en¬
1912 3834 2759 3889 scène zeichnete Herr Intendant Haul Jensen
1910 3864 2125 3920 in Person.
2503 3869 2719 3928 C. Droste.
