3436 4320
280 179 742 257 5. Liebel
461 171 1413 297 e1 box 11/1
810 1062 1281 1159 Telephon 12801.
435 1161 1671 1227 Alex. Welgl’s Unternehmen für Zeitungs-Ausschnitte
1383 1223 1667 1301 Ausschnitt
374 1233 1327 1381 N81%6 „OBSERVER
1487 1274 1687 1372 Nr. 9
329 1363 1688 1436 I. österr. behördl. conc. Bureau für Zeitungsberichte u. Personalnachrio
543 1416 1569 1510 Wien, IX/1, Türkenstrasse 17.
718 1505 1370 1566 Filiale in Budapest: „Figyelö“ -
327 1537 1700 1621 Vertretungen in Berlin, Chicago, Genf, London, Newyork, Paris, Rom, Stockh
313 1693 847 1776 Ausschnitt aus:
850 1703 1431 1817 =sen sien
324 1819 687 1931 vom:
530 2007 1395 2119 Arthur Schnitzler, den man im Burgtheater
471 2083 1392 2178 nicht mehr leidet — wahrscheinlich, weil seine Werke
479 2126 1394 2230 zu den wirklich wertvollen gehören, welche Herrn
473 2144 1418 2270 Schlenthers Repertoire besitzt — Arthur Schnitzler
480 2254 1403 2342 ist ins Raimund=Theater und ins Deutsche Volks¬
497 2304 1416 2396 theater gewandert. Im Raimund=Theater hat man
497 2377 1387 2457 die „Liebelei“ gespielt, dieses schöne, von wiene
504 2421 1411 2491 rischester Stimmung erfüllte Stück, im Volkstheater
503 2464 1418 2571 sind die „Lebendigen Stunden“ auf dem Repertoire
554 2510 1420 2590 freilich eine Totgeburt, aber das Werk eines
497 2576 1408 2651 Künstlers, der gehört zu werden verdient. Arthur
506 2607 1424 2697 Schnitzler ist es nicht, für den wir eine Lanze brechen
1527 2600 1733 2709 inelusivg
1547 2680 1702 2728 Porto.
503 2673 1416 2751 wollen. Vielleicht hat er sich im „Schleier der Bea¬
1529 2718 1718 2769 Zahlbar
506 2697 1430 2794 trice“ wirklich gehörig „verritten“ — Schnitzler ist
410 2769 482 2823 10
504 2723 1716 2836 in seinen letzten Arbeiten ja tatsächlich von einer .. im Voraus
517 2807 1711 2879 derart überraffinierten und preziösen Manieriertheil, sschnitte ist d
313 2839 510 2905 Abonnem
509 2875 1724 2938 daß man seinen Feinden gar nicht übelnehmen kann, auch stcht es de
318 2897 511 2967 Abonnen
510 2898 1645 2984 wenn sie gehörig auf ihn schimpfen. Aber die Sache zu ändern.
516 2946 1439 3028 ist nicht so einfach abgetan: Schnitzler ist nämlich
526 2964 1721 3092 der einzige wirklich bedeutende Wiener Dramatiker & enthaltend ch
311 2984 525 3071 Inhaltsal
1435 3028 1723 3080 ter Morge
327 3061 510 3123 blätte
1432 3066 1721 3116 Wiener Zeitung
527 3051 1426 3135 und die Herrschaften im „Reich“ draußen, von
327 3099 497 3152 wodurch
1439 3103 1733 3157 wirthschaftlich
526 3105 1426 3169 welchen man so viel spricht, stehen durchaus nicht
311 3135 529 3193 Leben de
1435 3143 1732 3215 vird. Diese Mit
527 3138 1431 3231 simtlich auf der Höhe dieses Wiener Dichters. Das
322 3173 517 3253 theilunges
535 3197 1440 3281 Burgtheater aber ist eine Wiener Bühne, die wiene¬
540 3233 1448 3334 rischeste sogar, die Wien besitzt. Und wenn in diesem
540 3288 1455 3376 Theater die Herren Philippi und Otto Ernst das
547 3335 1485 3424 Repertoire beherrschen und selbst die lahmsten Werke
541 3375 1457 3464 von Fr. G. Triesch und Ernst Rosmer aufgeführt,
549 3419 1469 3517 die Werke Schnitzlers jedoch abgelehnt werden, so
543 3488 1310 3597 ist das kurz und gerade gesagt ein Skandal.
2211 1171 2683 1273 Telephon 12801.
1856 1265 3076 1368 Alex. Weigl's Unternehmen für Zeitungs-Ausschnitte
2747 1315 3084 1411 „ Ausschnitt
1846 1361 2753 1485 G10 OBSERYER‘
2876 1372 3149 1466 Nr. 94
1753 1470 3195 1563 I. österr. behördl. conc. Bureau für Zeitungsberichte u. Personalnachrichten
1957 1516 2984 1632 Wien, IX/1, Türkenstrasse 17.
2148 1602 2790 1679 - Filiale in Budapest: „Figyelö“ -
1753 1626 3193 1748 Vertretungen in Berlin, Chicago, Genf, London, Newyork, Paris, Rom, Stockholm.
1749 1760 2996 1906 Ausschnitt aus: Wiener Saionblatt.
1758 1905 2350 2060 vomt ( 0
1986 2099 3195 2190 Im Raimund= Theater kam letzten Samstag Arthur
1888 2151 3188 2242 Schnitzlers, des tiefsten und talentvollsten Vertreters der
1895 2203 3195 2289 österreichischen Moderne, aus dem vollen Wiener Menschenleben
1888 2251 3202 2335 geschöpftes Schauspiel „Liebelei“ zur Erstaufführung. Man
1899 2292 3195 2371 kennt die prächtige Tragödie des sein besaiteten Mädchens außer
1890 2332 3207 2431 der Gesellschaft, die Lieb und Leben um einer Verworfenen aus
1900 2386 3197 2476 der Gesellschaft willen lassen muß, diese Tragödie, welche das
1899 2428 3210 2530 Leben und Treiben gewisser junger Lebemänner in der Kaiserstadt
1897 2480 3204 2570 an der Donau so liebenswürdig und doch abschreckend wahr
1899 2531 3200 2618 schildert, diese Tragödie, aus welcher das seither allgemein ge¬
1905 2578 3214 2668 wordene Wort „süßes Mädel“ für den Begriff der wienerischen
1912 2644 3208 2708 Grisette zuerst aufflatterte, aus dem Hofburgtheater. Samstag
1904 2682 3207 2771 spielte Hansi Niese die unglückliche Christine Weiring mit der
1783 2729 1878 2794 Für
1906 2720 3218 2812 ganzen Kraft ihrer echt weiblichen, warmblütigen Empfindungs¬
1910 2769 3214 2870 schöne, welche insbesondere in dem unendlich traurigen Schluß¬
1903 2816 3212 2900 akte ganze Harmonien edelsten Weibsinnens und Fühlens erklingen
1912 2865 3219 2951 ließ. Voll köstlicher Bonhommie gestaltete Herr Homma
1822 2903 1889 2974 „
1917 2914 3213 2998 den leichtsinnigen Epikuräer Theodor Kaiser; Frl. Rein¬
1923 2963 3208 3058 gruber, die leider nicht ans Burgtheater, sondern aus Ham¬
1783 2986 1894 3069 Ab0
1905 3006 3204 3097 burger Stadttheater geht (ein neuer Schwabenstreich des All¬
1914 3058 3210 3142 gewaltigen vom Franzensring), war als Schlager=Mizzi das
1928 3103 3204 3195 süßeste Wiener süße Mädel; Herr Jules, der leider anstatt ins
1793 3136 1909 3193 Inh:
1917 3153 3210 3239 Burgtheater nach Graz kommt (o sancta simplicitas Pauli
1789 3187 1905 3243 blä
1924 3202 3216 3294 Primi), vergoldete den alten Musiker Weiring mit rührendster
1802 3228 1907 3271 wod
1800 3266 1902 3313 Lehe
1920 3244 3224 3335 Greiseninnerlichkeit und väterlicher Herzensgüte. Auch Frau
1808 3304 1905 3370 thei
1916 3294 3218 3380 Anatour und Herr Lackner waren ganz vortrefflich; weniger
1925 3342 3234 3442 gefiel uns diesmal Herr Raeder in der schweren Rolle des
1909 3416 2354 3483 unbekannten Herrn.“
