3484 4224
1013 186 1438 275 box 12/6
478 193 877 274 Liebelei
309 200 891 323 6. S
360 896 653 975 -1,91916
764 908 1470 1000 Reichenberger Tagespost,
938 980 1308 1064 Reichenberg.
627 1155 1512 1245 Reichenberger Stadttheater.
812 1229 1606 1315 „Liebelei". Schauspiel in drei Auf¬
695 1288 1415 1364 zügen von Artyur Schnitzler¬
600 1340 1621 1412 Die Modelle zu seinenk besten und erfolg¬
508 1394 1622 1453 reichsten Stück, das am Mittwoch unter der vor¬
522 1453 1615 1504 züglichen Führung des Direktors Karl Krug auf
512 1491 1623 1560 unserer Bühne zur Aufführung gelangte hat
517 1540 1607 1602 Schnitzler dem Wiener Boden entnommen. Wie
519 1587 1611 1638 in den meisten seiner Dichtungen, so steht er auch
529 1638 1610 1689 in diesem Werke, dlem Trauersspiel eines lieben¬
517 1691 1607 1746 den Mädchenherzens, mitten im Loben. Gili jun¬
517 1713 1622 1801 ger Mann, Fritz Lobheimer, lernt durch seinen
523 1775 1613 1834 Freund ein armes, aber bildhübsches Mädchen
520 1819 1612 1885 dennen, mit dem er eine Liebelei beginnt. Chri¬
522 1871 1606 1933 stine Weiring aber liebt Fritz tief unsd innig, und
523 1918 1613 1990 glaubt, ihn ganz zu besitzen; sie mag und kann
518 1977 1611 2031 nicht daran denken, daß die Seligkeit, die sie in
520 2007 1619 2092 ihrer ersten Liebe empfindet, einmal ein Ende
513 2064 1622 2139 nehmen müßte. Lobheimer aber hat zugleich ein
524 2111 1621 2174 Verhältnis mit einer verheirateten Frau, das
520 2165 1624 2229 einen tragischen Ausgang nimmt. Der betrogene
519 2215 1617 2270 Ehemann fondert den Geliebten seines Weldes
519 2267 1615 2317 und tötet ihn im Duell. Als Christine den Tod
536 2312 1615 2377 Fritz Lobheimers erfährt, bricht in ihr die schmerz¬
526 2358 1631 2411 liche Erkenntnis durch, daß sie dem Manne, den
521 2407 1616 2472 sie mit ganzer Seele geliebt, nur ein Spielzeug
532 2468 1619 2518 in müßigen Stunden gewesen. Ein Erwachen,
524 2505 1617 2578 das sie niederschmettert und zur Verzweiflung
531 2558 1617 2613 treibt. Das Stück machte auf das überaus stark
530 2603 1617 2664 besuchte Haus tiefen Eindruck. Rosa Kadlé
522 2656 1623 2713 brachte alle Züge der bescheidenen, in ihrer jun¬
535 2709 1626 2763 gen Liebe überglücklichen Christine ergreifend zum
530 2747 1626 2810 Ausdruck. Packend und erschütternk wirkte sie im
528 2813 1623 2865 dritten Aufzuge, als die enttäuschte Mädchen¬
536 2846 1630 2910 seele gegen die Mißhandlung der heiligsten Ge¬
525 2892 1628 2955 fühle aufschreit, die ihr angetan worden ist. In
537 2938 1625 3002 Eduard Gebhard hat die Rolle des Fritz
537 3003 1631 3047 Lobheimer einen Darsteller gefurklen, der mit
530 3041 1622 3097 Gefühl und Empfindung seine Aufgabe erfüllte.
530 3096 1637 3143 Ottokar Klang und Fwitzi Lian waren
535 3136 1631 3204 als Gegenpaar tadellos. Das gleiche Lob ver¬
540 3196 1627 3251 dienen Stafan Martin in der Rolle des
540 3228 1630 3293 Violinspielers Weiring, Friederike Schwartz
532 3286 1642 3355 als Katharina Binder und Oskar Sima als
527 3327 1632 3386 der den Geliebten seiner Frau zur Rechenschaft
533 3382 1635 3438 ziehende Ehemann. Die Aufführung der „Liebe¬
548 3429 1633 3493 lei“ gehört mit zu den besten Theaterabenden die¬
540 3472 1600 3567 ser Spielzeit und verdient eine Wiellerholung.
1986 1430 2276 1539 phon 12801.
2102 1511 2792 1661 „OBSERVER‘
1945 1623 3027 1723 österr. behördl. konz. Unternehmen für Zeitungs-Ausschnitte
2114 1697 2850 1792 Wien, I., Conoordiaplatz 4.
2325 1774 2639 1829 Vertretungen
1917 1802 3038 1877 in Berlin, Budapest, Chicago, Christiania, Genf, Kopenhagen.
1911 1850 3035 1918 London, Madrid, Mailand, Minneapolis, New-Vork, Paris, Rom.
2096 1891 2857 1953 San Francisco, Stockholm, St. Petersburg.
2275 1944 2691 2010 (Quellenangabe ohne Gewähr.)
1910 2022 2327 2108 Ausschnitt aus:
2180 2057 2993 2169 331 Länzer Zeitung
1929 2133 2078 2191 vom:
1987 2195 3095 2267 Dem Bilde aus der Zeit französischer Galanterie folgte:
1876 2240 3078 2342 ein solches aus dem modernen Wiener Leben: Schnitzlers
1886 2281 3083 2356 „Liebelei“. Das im Dialog und in Bezug auf Bühnentechntr
1875 2317 3086 2415 sbrillante Stück des geistvollen Cynikers wurde hier schon in
1883 2384 3086 2485 mannigfacher Besetzung gegeben. Die gestrige Besetzung
1872 2422 3081 2529 war nicht die glücklichste. Die beiden „jungen Leute“ waren
1897 2468 3092 2551 verkehrt besetzt. Es soll damit durchaus nicht gesagt sein,
1893 2508 3097 2591 daß Herr Frieberg den Fritz und Herr Anthony den
1885 2557 3096 2646 Theodor nicht gut gespielt hätte; aber der Illusion wäre
1893 2606 3086 2687 mehr gedient gewesen, wenn Fritz Herr Anthony und Theo¬
1891 2650 3103 2730 dor Herr Frieberg gewesen wäre. Frl. Seldorf war die
1893 2694 3092 2781 diskreteste Mizzi Schlager, die die Linzer Bühne gesehen.
1899 2748 3096 2823 Bei Schnitzler darf man aber nicht allzu diskret sein und es
1902 2793 3097 2868 ist schade um jede Pointe, die verloren geht. Frl. Rigo
1902 2821 3123 2915 hat als Christine enttäuscht; durch zwei Akte allzu larmoyant,
1895 2867 3105 2967 erhob sie am Schlusse ein eintöniges, unangenehmes Ge¬
1925 2942 3141 3070 schrei. Einfach, natürlich und von guter Wirkung war Herr
2865 3019 3087 3086 L. F.=C.
1936 3039 2473 3114 Ehmann als Weiring.
