3436 4352
966 145 1364 245 box 10/1
433 167 828 240 Liebelei
267 166 836 275 5. Aihn Snennnnen
2950 877 3199 950 Seite 13.
2257 885 2685 969 11. Oktober 1895.
1462 910 2076 972 Fremden-Slatt.
421 906 658 986 Nr. 279.
946 907 1303 983 Wien, Freitag
1823 960 3213 1042 wir lieben, und lieben nur die Frauen, die uns gleichgiltig sind.“
1828 1008 3213 1099 Und so weiter. Diese Kraft der Parodoxie besitzt Fritz nicht, er wird
724 1005 1480 1146 Feuilleton.
1828 1064 3213 1144 es als Renommist der Leichtfertigkeit niemals so weit bringen. Aber
1825 1101 3220 1173 er steht in derselben Schule und bringt selbst einen Augenblick, nachdem
3179 1151 3215 1181 1
1826 1154 3198 1238 Christine sein tiefstes Herz berührt hat, da er sich bei ihr „so geborgen“
917 1150 1285 1249 Burgtheater.
1826 1210 3223 1280 gefühlt, die absichtliche Schnödigkeit hervor: „Jetzt bin ich nahe daran
385 1214 1740 1291 („Rechte der Seele", Schauspiel in einem Akt von Giuseppe Giacosa.
1824 1246 3212 1333 zu glauben, daß hier mein Glück wäre — aber diese Stunde ist eine
514 1278 1689 1328 „Liehelei“, Schauspiel in drei Aufzügen von Arthur Schnitzler.)
1823 1314 2179 1393 große Lügnerin.“
511 1331 1790 1382 Ist es der Vorfrühling eines neuen fruchtbringenden Jahres,
1918 1351 3222 1414 Uebrigens gehört das zur landläufigen Technik dieser Liebelei,
390 1374 1795 1431 das die Wiener dramatische Muse erleben will? Mit dem Tode
1993 1389 3219 1455 und sogar Jede — findet es korrekt. Nicht nur Theodor
1818 1408 1951 1478 Jeder
398 1422 1795 1480 Bauernfeld's war schwerer Winter eingerissen. Alle Keime schliefen.
1817 1440 3215 1506 macht sich über „das berühmte Gewissen“ lustig. Das Gewissen hat
402 1462 1801 1521 Seit Kurzem erst schwillt es hier und dort von neuem Grün. Kein
1822 1484 3226 1556 dabei überhaupt nichts zu thun. Und die herangezogenen Weiblichkeiten
395 1510 1797 1566 Theater in Wien, in dem sich die heimische Kraft nicht schon neuer¬
1812 1537 3224 1607 selber rechnen auf nichts Besseres. „Dann“ wird man sie wieder weg¬
405 1552 1795 1619 dings geregt hätte. Auch diese Woche wird sie auf zwei Bühnen
1821 1581 3219 1648 wersen; aber sie haben doch ihren Augenblick gehabt und „wer wird
400 1603 1802 1660 lebendig und erhebt sich sogar ungewöhnlich wienerisch. Selbst auf der
1812 1635 3226 1686 denn im Mai an den August denken?“ sagt Mizi. Um einen Mann
400 1650 1802 1714 Hofbühne verzichtet sie auf ein heimatloses Hochdeutsch und spricht, wie
1820 1684 3215 1759 sich kränken? das „erlebt Keiner,“ das hat sie „noch nie“ gethan.
401 1709 1804 1765 man im dritten Bezirke spricht, in der allerdings ziemlich gebildeten
1827 1729 3227 1788 Selbst die aufrichtig liebende Christine ist so anspruchslos: „Ich bin
398 1749 1798 1815 Strohgasse, wo der Held des neuesten Schauspiels wohnt. Auch die
1814 1778 3223 1855 doch einmal glücklich gewesen, mehr will ich ja vom Leben nicht. Ich
401 1790 1797 1858 geschilderten Verhältnisse, Charaktere und Schicksale haben diesen trau¬
1816 1819 3220 1884 möchte nur, daß Du das weißt und mir glaubst, daß ich Keinen lieb
399 1842 1798 1901 lichen Dialekt. Der Muth zum Heimatlichen hat sich also wieder
1815 1865 3226 1942 gehabt vor Dir, und daß ich keinen lieb haben werde, wenn Du mich
409 1900 1806 1959 gefunden, man wagt es nachgerade, Wien wieder mit Wien unterhalten
1825 1912 3215 1972 einmal nimmer willst.“ Das ist ein Naturkind aus Wien, eine nahe
408 1944 1800 1999 zu wollen. Schon diese Regung ist geeignet, für die beiden Wiener
1818 1970 3223 2026 Verwandte des Mädchens von Otaheiti aus dem vorigen Jahrhundert,
407 1993 1798 2044 Dichter, welche sich für diese Woche zum Worte gemeldet haben, Arthur
1827 2010 3215 2084 das sich mit ebenso vollen Händen verschenkte, „weil's sie g'freute“.
407 2030 1813 2095 Schnitzler und J. J. David, günstig voreinzunehmen. Wer
1828 2061 3225 2122 Und was sagt ihr Vater dazu, der alte Musikus Weiring, der keines¬
416 2078 1184 2162 sollte ihnen nicht das Beste wünschen?
1827 2103 3222 2177 wegs Miller heißt? Auch der ist Mensch und ganz der Meinung, daß
519 2115 1812 2179 Schnitzler's dreiaktiges Schauspiel „Liebelei“, das vorgestern im
1816 2142 3236 2229 man „die Jugend nicht zum Fenster hinauswerfen soll“. Er ist ein
406 2182 1803 2230 Burgtheater so freundlich angehört worden, lebt ganz in und von
1828 2193 3230 2263 einfacher, ehrlicher Mann, der auch ganz gut weiß, was weibliche
407 2226 1800 2281 der warmen Wiener Luft. Es schildert jüngste Jugend, die gleich
1824 2243 3234 2325 Tugend heißt. Hat er doch sein Leben lang über einer ledigen Schwester
415 2264 1802 2325 Schmetterlingen durch diese Luft gaukelt, sich findet und sich wieder
1823 2290 3234 2370 gewacht, als „ihr Schützer, ihr Retter“ ist er sich vorgekommen. Aber
406 2312 1805 2376 verliert, bunt und froh, daß selbst die Thräne schier lustig an der
1821 2343 3224 2404 wie sie immer älter wurde, eine alte Jungfer, eine uralte Jungfer, und
408 2363 1810 2425 zuckenden Wimper funkelt. Lieben und lieben lassen, ist der Wahl¬
1828 2383 3232 2456 wie er sie das mit jener gewissen Ergebung ganz still tragen und
411 2407 1815 2468 spruch dieser Welt. Und sie bewegt sich im vorliegenden Falle gesell¬
1828 2433 3236 2511 schließlich stumm sterben sah — „ich hätt' mich am liebsten vor ihr
420 2450 1808 2516 schaftlich auf einer unbestimmten Linie, wo der Student just aufgehört
1828 2487 3235 2563 auf die Knie niedergeworfen,“ ruft er, „sie um Verzeihung bitten, daß
411 2509 1811 2567 hat und der „Kavalier“ just anfangen möchte. Da nimmt sich Amor
1971 2527 3226 2591 so gut behütet hab' vor allen Gefahren . . . und d#r allem
403 2553 1818 2614 besonders putzig aus; der großstädtische Amor mit der Büge'falte, der
1822 2569 3238 2650 Glück!“ Das war eine Art tragischer Umschwung in ihm. Jetzt sagt er,
405 2617 1802 2662 noch stark ins lateinische Viertel geht, auf den galanten Kriegspfad.
1827 2626 3237 2693 mit Bezug auf seine eigene Tochter, mit hausbackenem Cynismus:
402 2654 1810 2720 Fritz Lobheimer und Theodor Kaiser sind im Personenverzeichniß
1834 2673 3229 2751 „Was hat denn so ein armes Geschöpf schließlich von dem ganzen
420 2700 1806 2753 einfach als „junge Leute" bezeichnet. Es sind halt junge Leute; das
1828 2718 3241 2796 großartigen Bewußtsein ihrer Tugend, wenn schon — nach jahrelangem
420 2740 1812 2806 ist als „Stand und Charakter“ deutlich genug. Die beiden Mädchen
1826 2764 3240 2831 Warten — richtig der Strumpfwirker kommt?“ Und als seine Tochter
425 2787 1807 2866 sind Christine Weiring, Tochter eines Violinspielers an einem Vorstadt¬
1823 2818 3248 2884 ihm freimüthig bekennt, daß sie's mit dem Fritz hat, da sagt er kein
411 2842 1816 2899 theater, und Mizi Schlager, die „voriges Jahr“ in einem Modisten¬
1827 2857 3240 2928 Wort und geht schweigend fort. Es liegt eine schlichte Armeleut=Tragik
416 2878 1805 2950 geschäft gewesen ist. Zwei sehr ungleiche Pärchen. Theodor und Mizi
1836 2924 3231 2994 in diesem gefaßten Verzicht auf den unerschwinglichen Luxusgegenstand,
422 2925 1814 3003 halten schon bei der zweiten Kapitulation, Fritz und Christine haben
1838 2969 2196 3041 genannt Tugend.
423 2965 1820 3040 noch etwas Einjährig=Freiwilliges an sich. Theodor ist bereits ein
1940 2991 3223 3068 In dieser Begriffswelt spielt sich denn die einfache kleine Tragödie
414 3014 1817 3092 kleiner Balzac, der eine Physiologie der Liebelei verfassen könnte. Er
1830 3065 3234 3112 Christinens ab. Sie ist in wenigen Sätzen erzählt. In die Cabinet
422 3060 1819 3140 reitet seinen Freund Fritz in das leichte Verhältniß zu Christine
1837 3097 3246 3171 particulier=Stimmung einer kleinen Abendunterhaltung zu Vieren bei
421 3124 1814 3195 hinein, „zur Erholung“ von einer schweren Beziehung, die er zu einer
1839 3162 3236 3221 Fritz platzt unvermuthet „Er“ herein. Nämlich der Gatte der Trägerin
411 3188 1822 3228 unheimlichen Dame in schwarzem Sammtkleide hat. Er predigt ihm,
1826 3207 3244 3258 jenes schwarzen Sammtkleides. Er fordert ihre Briefe zurück. Fritz
420 3214 1820 3284 wie Carlos dem Clavigo: „Die Weiber haben nicht interessant zu
1833 3237 3243 3295 muß sich schlagen, unter dem Druck eines düsteren Vorgefühls. Er
414 3267 1821 3336 sein, sondern angenehm ... Die Weiber sind ja so glücklich in ihrer
1851 3282 3233 3356 fällt und Christine thut sich ein Leid an. Ebenso einfach, aber erfreulich
418 3313 1813 3381 gesunden Menschlichkeit — was zwingt uns, sie um jeden Preis zu
1827 3345 3236 3401 stark, ist der innere Gang der Handlung. Die Liebelei zwischen Fritz
428 3354 1813 3420 Dämonen oder zu Engeln zu machen? . .. Wir hassen die Frauen, die
2453 3385 2746 3445 Seeensme en
1171 3403 1708 3476 R
1946 3434 3248 3489 (Der Mann mit dem Bären.) Vor einigen Tagen erschien
1846 3475 3234 3534 in Bordeaux auf dem Rekrutirungsbureau ein Reservist, um sich zu
875 3456 1382 3559 Allerlei.
1844 3538 3246 3587 seinen 28tägigen Uebungen zu stellen. Er zog einen großen Bären an
540 3546 1824 3599 („Wie die Alten sungen ...“) Wie eine Satire auf das
1843 3566 3248 3624 einer Kette nach sich. Auf die erstaunte Frage des Offiziers, was das
437 3587 1826 3657 Duell klingt eine ernsthafte Meldung aus Paris: Donnerstag
1851 3633 3243 3677 bedeute, erklärte er, er sei gekommen, um seiner Dienstpflicht zu genügen,
427 3636 1834 3701 Nachmittags bemerkten Schutzleute auf dem Boulevard Massena, am
1847 3674 3244 3738 könne aber seinen Bären, der tausend Francs werth sei und mit dem
429 3680 1838 3755 Pariser Wallgraben, ein halbes Dutzend Knaben, von denen der eine
1853 3702 3245 3777 er allein seinen Lebensunterhalt verdiene, nicht im Stiche lassen. Der
435 3723 1832 3800 eine kleine Entfernung mit Schritten abmaß, um an beiden Enden je
1842 3757 3244 3816 Offizier war in größter Verlegenheit, was da zu thun sei, und da er
428 3779 1836 3850 einen der Kameraden aufzustellen. Dann sahen die Polizisten, daß
1850 3806 3238 3865 selbst keine Entscheidung in der Sache treffen wollte, befahl er dem
436 3828 1829 3899 jedem der Aufgestellten ein Gegenstand überreicht wurde, den sie nicht
1842 3861 3233 3922 Manne, sich mit seinem Bären zu entfernen und des Nachmittags
436 3880 1836 3955 zu erkennen vermochten. Darauf klatschte einer der Knaben dreimal
1848 3912 3245 3960 wieder zu kommen. Als er sich barauf, immer von seinem Bären
430 3916 1828 3975 mit den Händen: sofort ertönte ein Schuß. Es war ein Duell nach
1843 3942 3241 4021 begleitet, wieder einstellte, erhielt er den Bescheid, er müsse seiner Dienst¬
430 3963 1833 4027 allen Regeln; die Schutzleute stürzten nun auf die Kinder, konnten
1851 3987 3240 4053 pflicht genügen und seinen Bären irgendwo unterbringen. „Aber was
438 3998 1832 4071 aber vorerst nur einen Kämpfer und drei Zeugen erwischen. Auf dem
1857 4049 3229 4106 soll ich denn da thun?“ rief der Bärenführer aus, der auf den
435 4062 1835 4130 Polizei=Amt erklärte der Kämpfer, Paul Fourneon — da die Pariser
2454 4093 3236 4145 „Das Thier ist tausend Francs werth
1325 4097 1832 4147 ###n sollen diese an¬
1849 4087 2419 4145 klassischen Namen Aiar bört.
761 4122 815 4194 □
528 4129 602 4175 Ken
