3436 4224
441 193 654 265 belei
319 219 362 263 1
247 245 752 301 ene eeene eren.
834 191 1256 278 box 12/7
944 908 1650 1038 Klose & Seidel
1000 1026 1609 1105 Bureau für Zeitungsausschnitte
933 1084 1674 1166 Berlin NO. 43, Georgenkis'hplatz 21
902 1214 1487 1304 Zeitung: Gerhie
911 1304 1062 1363 Ort:
907 1362 1489 1454 Datum: 1
1258 1489 1465 1560 Sece ee
1530 1510 1576 1582 110
844 1593 1685 1677 Arthur Schnitzlers veroperte
812 1685 1706 1772 „biebelel in der Vontsbühne.
842 1749 1703 1815 Die im Theater am Bülow=Platz zurzeit amtie¬
828 1804 1706 1853 rende Sommerpirektion gab sich mit der Wiederbe¬
830 1839 1722 1890 lebung der syon Franz Neumann besorgten
817 1876 1717 1944 Vertonung des bekannten Schauspiels höchst ernst¬
820 1924 1713 1975 haft den Schwung, noch innerhalb ihrer kurzfristigen
822 1963 1709 2008 Lebensepoche besondere Lorbeeren ernten zu wollen.
825 1992 1715 2050 Das wäre gewiß sehr anerkennenswert, wenn es der
815 2029 1723 2092 Kunst tatsächlich Nutzen erbrächte. Indessen hat sich
820 2068 1723 2135 bereits im Jahre 1911 zur Evidenz erwiesen, daß
828 2112 1717 2169 der Komponist einen Fehlgriff tat, als er das, sämt¬
825 2144 1720 2196 liche Voraussetzungen und Bedingungen eines musi¬
823 2183 1713 2235 kalischen Stoffes nicht erfüllende Schauspiel, wie
831 2218 1715 2286 es steht und geht, in eine Partitur ausmünzte. Es
823 2271 1724 2313 wäre vielleicht möglich gewesen, ein Opernbuch dar¬
830 2295 1718 2353 aus zurecht zu phantasieren, und ein Stärkerer als
823 2344 1721 2396 Franz Neumann hätte wohl auch eine schlagkräftige
835 2374 1727 2435 Musik dazu schreiben können. Wie abe die Sachen
1527 2412 1730 2463 im Wege,
824 2418 1524 2483 liegen, sind sich Schauspiel und Mu¬
1517 2452 1730 2499 und stellen
832 2454 1503 2511 machen sich gegenseitig das Leben schi
1510 2487 1735 2540 geschaffenen
838 2495 1460 2551 in der durch die Vertonung sehr
1519 2526 1731 2575 seinen auf¬
837 2532 1469 2595 Behinderung des Konversationsstils
1482 2564 1733 2617 nsprüche an
831 2579 1447 2636 zuckenden Gegensätzen nicht gerin¬
1499 2603 1732 2655 s Zuhörers.
831 2610 1437 2671 die ungeschmälerie Aufnahmefähig
1500 2635 1740 2692 fester, guter
844 2656 1417 2705 Franz Neumann ist gewiß ein
1498 2679 1738 2730 aie ihm die
843 2686 1421 2755 Musiker, aber an diesem Stück
1493 2718 1739 2769 und er nur
835 2724 1426 2780 Kraft. Für den Konversation
1500 2748 1749 2812 Zeichnungen
850 2765 1410 2817 Phrasen oder abgerissene, skizze
1487 2794 1744 2844 in in seinet
842 2801 1407 2867 Es ist kein Schwung von Ar
1475 2830 1742 2888 Ehemann und
833 2840 1403 2900 Musik, und wenn sich der räc
1442 2864 1743 2922 den Liebhabers
842 2876 1399 2946 mit ihm das Schicksal des aber
1441 2897 1758 2959 ndigen, so kann.
837 2917 1394 2974 mit robusten Orchesterschlägen
1422 2949 1743 3005 rmeln, ohne eine
835 2956 1381 3018 man auch nur höflich „Huhn!
1408 2983 1748 3039 edliche, brave Ar¬
838 2991 1386 3059 Gänsehaut zu bekommen. Al
1409 3018 1747 3081 durchsichtig, öfter
844 3037 1384 3105 beit, in der lyrischen Ausmal
1401 3062 1733 3118 gewinnend, aber
853 3071 1386 3135 auch durch feinfühlige Rei
1400 3096 1740 3152 das geübte Hand¬
846 3112 1345 3173 dramatisch nichts anderes,
1412 3143 1753 3193 10 Jahren, klingt
853 3151 1339 3211 gelenk darstellend. Heute,
1361 3175 1752 3235 holt und im Gegen¬
853 3187 1355 3254 mnanches sogar schon sehr i
850 3214 1759 3275 satz zu der Ueppigkeit der modernen Orchesters
850 3270 1160 3332 höchst bescheiden.
884 3295 1760 3363 Eine Freude ist es immer für einer Kompo¬
1574 3346 1602 3372 7
846 3337 1754 3410 nisten, sich selbst mit einem Danebentreffer aufge¬
847 3380 1762 3446 führt zu wissen, aber von Nutzen ist es nicht, ihn
860 3416 1752 3481 dem sortschreitenden Empfinden mit seinen, nach
851 3441 1771 3525 langer Unsichtbarkeit umso auffallender hervortre¬
864 3505 1761 3552 tenden Gebresten als „auf neu gebügelt“ zu prä¬
865 3530 1777 3602 sentieren. Franz Neumann sollte einmal das rich¬
861 3576 1769 3633 tige Buch für sein musikalisches Können bekom¬
869 3600 1792 3703 men, bis jetzt scheint er nicht viel Glück gehabt zu
2327 1476 2589 1568 Wesahan
1730 1551 2609 1610 haben, denn auch der „Herbststurm“ rauschte 1919
1736 1592 2612 1668 (im Deutschen Opernhause) ziemlich eindruckslos
1731 1646 1885 1702 vorüber.
1759 1685 2631 1728 Die Aufführung zeigte Fleist und künstlerischen
1730 1717 2627 1781 Willen. Von der einstmaligen Besetzung der Ur¬
1727 1771 2621 1809 aufführung (mit Maria Labia, Nadolowitsch, Su¬
1734 1791 2613 1863 sanne Bachrich, Armster u. a.) stand hier Desider
1727 1829 2629 1897 Zador auf der Bühne, der die abgerundetste
1728 1885 2617 1935 Leistung bot. Hans Heinz Bollmann zeigte
1740 1919 2618 1978 überraschende Qualitäien als Tenorist, er nahm
1729 1948 2617 2004 nur vieles zu schwer, solange der Konversations¬
2341 1987 2637 2042 Margarete
1741 1991 2297 2052 ton die Szene beherrschte.
1738 2025 2626 2083 Schlemüllers Christine hatte leider nichts
1740 2067 2635 2127 von dem Duft der zarten Mädchenblüte, die dem
1741 2104 2635 2160 Verhängnis zum Opfer fällt. Der gern zugegebenen
1736 2142 2636 2202 Tüchtigkeit und Routine zuliebe lassen sich aber
2075 2177 2647 2240 alle Illusionen entäußern.
1750 2192 2049 2248 schließlich nicht
1748 2219 2623 2276 Friedel Schwarz war eine muniere Mizi,
1748 2269 2634 2317 Ida Holms brachte die Klatschbase leidlich auf
1751 2304 2641 2354 die Beine, Helmut Berndsen und Herm.
1741 2343 2651 2388 Kant zeichneten ihre Rollen mit es#reulicher Gäa¬
1745 2380 2640 2422 rakteristik. Marimilian Moris hatte die
1756 2410 2661 2468 Regie, Kapellmeister Eugen Gottlieb die jums
1756 2457 2634 2512 sikalische Leitung. Sehr brav hiet sich das
2353 2485 2644 2539 Konzommeister
2241 2485 2342 2554 mit
1755 2497 2232 2551 Blüthner=Orchester
1742 2521 2648 2605 Lamhinan der Spife. Die Aufführung fand
1747 2575 2125 2643 gebührenden Beifall.
2168 2596 2685 2685 Edmund Kühn
