3436 4352
1649 35 2758 96 Mheneneen ene Peneunchaunchenachngenanschennnnnsange
2767 40 3057 117 T
1616 81 3050 142 die Be=tönenden Stimmen die Walzermelodie, die Fritz zuletzt45⅝ inkte,
1622 119 2787 169 r“ und gespielt, in das Zimm### lmgen. Er aber brütet schweigend vor
2790 119 3053 179 schweig, E.=
2788 167 3019 212 Darmstadt,
1605 158 2790 208 bedeutet sich hin. Er weiß, daß er heute doppelt verspielt hat, daß
413 149 728 215 Liebele
222 140 1353 258 5. Lias###1 box 10/1
2791 196 3037 262 Knnstlauf
1610 196 2781 256 rkungs= Alles verloren ist... Dieser erste Act, der hier endet, gehört
2785 229 3046 280 96⅝ und 50
1617 241 2787 287 Weiberzweifellos zum Besten, was die moderne dramatische Lite¬
1601 257 3015 320 usemble #ratur hervorgebracht hat. Was noch kommt reicht nicht 500 Meter.
2805 298 3039 349 1 Min. 32 S
1602 313 2784 364 zwischen mehr an den ersten Act; ja der Schluß des Stückes,
2786 333 3047 379 Meter. Sen
1644 357 2785 419 gegen der, viel zu breit, eine einz'ge Seene zu einem ganzen
2791 367 3048 420 Behne=Frank
1612 387 2792 443 hepunkt Act zerdehnt, verwischt manche zu Anfang schön
2784 396 3052 450 13 Min. 1S#
1621 428 2165 486 Intro=angelegte Linie. In
2152 430 2796 495 der Wohnung des alten Musikers,
1641 471 2794 516 einem des Vaters der Christel, spielen die beiden letzten Acte.
2850 467 3053 553 Mitth
1656 519 2798 568 seine Ihr Inhalt ist kurz erzählt: Man klatscht bereits über
1621 546 2804 603 Unter=das Verhältniß Christel's zu Fritz, und eine gefällige!
2809 554 3046 629 5 Sop
1652 585 1783 631 Ehr¬
1772 587 2789 629 Freundin, die natürlich den „Mann mit reellen Absichten“
2796 607 3053 672 Heutigen eine
1655 628 2785 673 Aus schon irgendwo für die Christel kalt gestellt hat, trägt den
2794 657 3043 715 Spazterstöcker
1596 653 2791 725 elheiten. Klatsch an's Ohr des Vaters. Der über ist ein seltsamer¬
1602 684 1770 745 us auf
1780 701 2785 746 Kauz; er hat vor Jahren einmal eine hübsche, lebens¬
2787 699 3054 770 Schirme wer
1592 736 2796 797 ione desfreudige Schwester vor aller Gefahr und allem illegitimen
1591 773 2795 831 ind das Glück „beschützt“, und als er sie viele, viele Jahre so ge¬
2789 802 3037 876 Preuss. Le
1599 810 2791 865 eine der treulich „beschützt“ hatte, da war schließlich nichts mehr zu
2872 850 3046 898 Sub.=Ti
1608 852 2797 911 schließen „beschützen“, da ist sie als kümmerliches altes Jüngferchen
2791 876 3058 950 Tüchtige Ver
1617 892 1774 939 werden
1780 878 2791 937 in seinen Armen gestorben. Er aber, der biedere, brüder¬
1597 926 2788 979 ehumorsliche Beschützer, hat in ihren brechenden Augen den grau¬
1594 975 2792 1025 Falstaff samen Vorwurf gelesen: „Warum hast Du mich nie jung
2808 980 3048 1048 Das renvi
1596 1003 2250 1068 orbscene sein lassen, nie glücklich?“
2271 1002 2789 1058 Den Vorwurf will er nicht
2788 1026 3029 1094 „Zum Bil
1589 1045 2787 1095 andlung zum zweiten Mal in geliebten Augen lesen; die Christel
2796 1074 3031 1132 27 Neue
1591 1083 2791 1133 Episode liebt, die Welt klatscht, er weiß beides und läßt's geschehen.
1585 1121 2806 1183 gare, das Dann kommt Fritz, um Abschied zu nehmen. Er ahnt,
1597 1167 2800 1223 rsüchtige daß er nie wiederkommt. Und er kommt nicht wieder. Er
1585 1205 2803 1262 gefunden ist draußen im Walde erschossen worden und sie haben
1780 1241 2803 1297 ihn begraben. Erst nach dem Begräbniß kommt sein
1585 1276 1783 1330 mit dem
2860 1272 3035 1334 Fran
1785 1281 2799 1328 Freund, um Christel das Entsetzliche zu melden.
1580 1310 1785 1370 lebeslyrik
1778 1323 2792 1378 Sie fragt die ganze Wahrheit aus ihm heraus, erfährt,
2790 1314 3010 1381 Schule“.
1610 1360 1774 1410 mit der
1780 1344 2797 1407 daß er um ein anderes Weib in den Tod gegangen.
2797 1363 3029 1428 Feier der h
1614 1393 1779 1441 Rossini
1784 1401 2789 1443 Aber es ist nicht der Stolz der beleidigten, betrogenen
2788 1408 3031 1472 tages Pesto
1591 1426 1773 1487 Abschluß
1772 1439 2798 1487 Frau, der sich in ihr aufbäumt bei dieser Nachricht; es ist
2789 1454 3014 1511 durch die
1588 1470 1781 1526 lassen der
1780 1477 2788 1530 der furchtbare Schmerz, dem Manne, der ihr Alles war,
2788 1499 2996 1555 wünschen.
1580 1509 1778 1562 der Eiche
1771 1520 2788 1565 nichts gewesen zu sein, als — ein Spielzeng, ein Zeit¬
2794 1543 3018 1599 berühmten
1572 1550 1782 1602 lfenmusik
1774 1553 2788 1602 vertreib. Aber sie war ja schon so glücklich, daß sie ihn
2790 1585 3001 1643 Kirchner=,
1570 1594 2797 1638 mmungs=lieben durfte; sie hat ja nie geglaubt, daß er ihr treu sein
1773 1638 2794 1690 wird; was ändert das daran, daß sie ihm die Treue hält?
1572 1625 1783 1680 n in ähn¬
2796 1632 3015 1689 Bedeutung
1569 1668 1782 1728 lnd wenn
1778 1672 2804 1736 Sie war für ihn, jetzt sieht sie's ein, nichts, als das
2792 1676 2993 1732 deutscher
1574 1708 1790 1758 ner regel¬
1774 1703 3001 1767 „kleine Mädchen“; er aber war für sie der einzige Mann. Sie darunter.
1575 1746 1783 1799 zte docirt,
1780 1752 2800 1799 haben sie nicht zu der Leiche gerufen, von seinem Grabe
2798 1755 3020 1820 neue Schu
1579 1783 1787 1838 damit die
1772 1787 2789 1847 sollen sie sie nicht vertreiben. Weinend sieht der greise Vater
1562 1820 1779 1876 Neue und
1776 1827 2776 1883 der einzigen Tochter nach: „Sie kommt nicht wieder!“
2792 1800 3021 1908 Ponan:
1569 1847 2790 1915 en ohnehin Eine wirklich dramatische Handlung hat das Stück, wie
2792 1889 3000 1949 war der
1575 1904 1776 1955 n greisen
1785 1906 2788 1955 aus knapper Inhaltsangabe ersichtlich, nicht; einen Knoten
1561 1936 1791 1993 ndet schien.
2788 1929 3017 1995 Ungleich b
1776 1947 2794 2003 zu schürzen und zu lösen, eine Spannung zu erzielen, ver¬
1574 1986 2790 2036 Puhlikum. sucht der Autor kaum. Mit Halbe's „Jugend“ ist sein Stück
2799 1984 3011 2049 Fest=Verei
1561 2017 2782 2072 n Werkes vergleichbar; sein erster Act ist an feinem Stimmungs¬
2789 2023 3008 2088 „Pestalozz
1606 2063 2792 2109 Leitung gehalt dem Halbe'schen Werte congenial. Eine Reihe guter
2799 2070 3015 2124 bevorsteht.
1562 2099 2786 2150 uf in der Beobachtungen sind mit subtilster Feinheit hier eingetragen;
2795 2116 3003 2172 vorausges
1556 2126 1791 2188 gleich vor¬
1775 2136 2793 2193 uirgends fällt der Autor aus dieser geschickten Stimmungs¬
2788 2159 3011 2223 zeichen Fr
1569 2171 1773 2227 vor jedem
1773 2175 2802 2231 mischung, die aus dem doppelten Verhältniß seiner Helden
2803 2202 2989 2267 bekundert
1570 2207 2791 2263 eine Reihe zu den beiden so grundverschiedenen Frauen entspringt.
2828 2250 3007 2313 d. Pre
1563 2247 1782 2308 den Humer
1784 2238 2804 2312 Die Großstadtverhältnisse, die er schildert und die nicht
1558 2290 1786 2355 istik des
1780 2293 2794 2341 nur in Wien zutreffen, sind gewiß kein Ergötzen für den
2795 2280 3017 2347 macher= u.
1616 2321 1791 2385 übrigen
1775 2332 2787 2385 strengen Moralisten, aber sie sind wahr und lebendig mit
2796 2336 3009 2392 jährlich zu
1535 2359 1781 2424 um besten
1775 2370 2786 2418 der verstehenden und verzeihenden Milde des echten Poeten
2801 2370 3020 2441 Schau= un
1537 2411 2788 2458 r auch schau= dargestellt. Es wären so leicht pikante Situationen und
2794 2414 2995 2479 Lehrgang
1529 2447 1781 2498 nventionellen
1781 2447 2789 2497 Witze hier zu erhaschen. Schnitzler vermeidet das und
2802 2456 2980 2503 mannia“
1539 2484 1779 2544 Humor des
1782 2489 2800 2542 bringt es fertig in einem Schauspiel, das so ziemlich das
2798 2492 3003 2545 abgehalter
2797 2530 2966 2582 mental¬
1781 2533 2801 2572 ungeeignetste für „höhere Töchter“ ist, zwar die laxe
1511 2546 1778 2614 r Darstellung
1790 2568 2807 2626 Moral der Großstadt zu nehmen, wie sie ist, aber den
2789 2552 3000 2619 aufwies,
1519 2592 1777 2653 ner die Damen
1786 2606 2801 2669 Vortrag so schlicht und einfach und zu Herzen gehend zu
2793 2606 3006 2671 vortheilho
576 2638 1782 2691 charakte= Ralph (Alice), Schacko (Aennchen) und Wendorf
1776 2638 2799 2695 wählen, daß jeder Vorwurf der Speculation auf die
2791 2650 2987 2696 pale ein
771 2676 1782 2726 (Meg Page), sowie die Herren Nawiasky (Ford), Braun
569 2690 762 2738 lebhaftes
1786 2682 3004 2724 niederen Triebe des Publikums schweigen muß Angesichts durch reg
778 2720 1780 2767 (Fenton) und W. Meyer (Dr. Cajus). Die Novität
540 2714 765 2785 Mitleiden¬
1788 2723 2998 2784 dieser Verarbeitung eines sehr heiklen Stoffes zu tung eine
771 2751 1782 2817 war von Herrn Brandes lebendig in Scene gesetzt. Ein
1781 2763 2987 2828 einem wahren und doch schönen dramatischen Bilde. Die Taschen¬)
537 2762 765 2815 ruckes mit
774 2794 1407 2861 „Eins cumlaude“ dem Orchester!
539 2798 773 2857 i, mit denen
1775 2802 2981 2849 Figuren, die Schnitzler verwendet, sind gutbeobachtete Hugo¬
781 2842 862 2882 —
864 2830 1780 2889 Schauspielhaus. Samstag: Zum ersten Male:
1779 2839 2976 2889 Typen; daß sie „weanern“, ist ganz nebensächlich. Es und H
536 2844 782 2908 sterte. Man
1782 2876 2802 2927 scheint fast, als ob der Verfasser selbst das Typische in
2790 2869 2959 2935 stimmt
776 2872 1784 2929 „Liebelei“, Schauspiel in drei Acten von Arthur
531 2884 773 2933 ir“ genannt.
1787 2921 2801 2969 diesen Figuren auf dem Zettel schon hätte andeuten wollen;
556 2922 770 2969 u Betracht
778 2917 1786 2970 Schnitzler. Ein flotter junger Mensch, liebenswürdig,
2792 2921 2967 2970 thätigt.
1779 2956 2796 3007 er gibt sich gar nicht die Mühe, dem betrogenen Gatten
2801 2955 2970 3012 schöne
778 2962 1781 3017 nervös, von sicherem Auftreten und nicht zu engem Ge¬
526 2958 772 3012 e Wahrheit
1783 2995 2797 3046 einen Namen zu suchen; er sagt einfach: „ein Herr“. Die
2796 2985 2989 3056 acht Fa#
779 2997 1781 3050 wissen, von Geist und Charakter weder im Guten, noch
533 2998 770 3051 berechtigung
2798 3035 2949 3089 Weise
1782 3036 2793 3083 Darstellung war eine sehr gute und abgerundete. Fräulein
768 3029 1782 3083 Bösen bemerkenswerth, hat ein Verhältniß mit einer ver¬
537 3040 779 3105 eHarmonic
1781 3073 2804 3123 [Landori, die zu unserer Freude mit jeder Rolle an
573 3070 1779 3136 auch die heiratheten Frau. Er liebt sie oder hat sie wenigstens
2789 3072 2936 3131 gäste
1777 3118 2977 3171 schlichter Natürlichkeit zunimmt und mit den ermüdenden einer I
769 3110 1780 3161 einmal geliebt, als sie ihm neu war; jetzt liebt er mehr die
525 3106 786 3175 kach Seiten
1780 3153 2803 3205 larmoyanten Tönen (parsamer umzugehen lernt, hat
2802 3144 2980 3203 und uu
521 3151 1780 3198 im Gemüthe Aufregung der Heimlichkeit, das unaufhörliche, gefährliche
1780 3191 2812 3249 in dieser Christel wirklich ein liebes, frisches Mädel ge¬
2800 3191 2979 3253 dessen
520 3185 1783 3248 der deutsche Spiel mit der Entdeckung. Der Reiz des Verbotenen ist
1787 3231 2802 3282 schaffen, dem man die Liebe glaubt und den Schmerz.
2797 3224 2982 3286 Die In
531 3232 1773 3282 der einen der Reiz, der alle anderen überdauert hat in seiner Neigung,
1792 3270 2798 3320 Ihre leichtfertigere Freundin fand in Fräulein Bock keine
775 3269 1777 3314 und seine wagemuthige Jugend klammert sich an das frivole
2795 3269 2978 3334 den Her
531 3266 789 3326 Pärme und
1778 3288 2798 3357 üble Vertreterin; das Mienenspiel der Künstlerin freilich,
778 3309 1777 3365 Tändeln mit der Gefahr, da der Sturm der Leidenschaft
2795 3310 2969 3365 schläg
530 3302 779 3373 Figuren des
1792 3345 2800 3404 das bis jetzt nur einen strengsten Ernst und ein ganz
769 3339 1786 3399 ausgetobt hat. Diese Frau eines Anderen ist ihm nicht
2804 3343 2982 3405 stimmig
559 3346 784 3400 haben die
1781 3380 2804 3431 breites Grinsen zuläßt ohne jede Uebergänge und
773 3388 1790 3436 nothivend zum Leben geworden, wie Luft und Sonne,
2798 3390 2973 3445 Geor;
520 3373 780 3444 bildliche Be¬
1787 3414 2801 3474 Nuancen, kann uns nicht gefallen. Herr Bauer war
784 3413 1786 3477 sie bringt ihm keinen Frühling mehr in seine Garcon¬
2804 3427 2964 3477 Tusch
519 3421 779 3476 zie des Ro¬
774 3462 1786 3520 wohnung mit, sie bringt ihm nur die nervenkitzelnde Auf¬
1780 3461 2799 3523 ein vorzüglicher Fritz; etwas mehr Jugend war
521 3466 776 3518 lischen Lust¬
2804 3467 2947 3515 damit
2804 3498 2950 3560 Der E
775 3497 1783 3553 regung, die hinter festgeschlossenen Gardinen in gedämpftem,
1779 3500 2805 3548 das einzige, was da zu wünschen übrig blieb.
536 3504 779 3554 und tempe¬
777 3547 1777 3589 heißem Gesühle, in der Angst vor jedem vorüberhallenden
1780 3535 2812 3592 Herr Bolz hatte seinen guten Tag; seiner frischen
2796 3539 2944 3604 Kraft
520 3542 778 3598 gen vielleicht
512 3574 2803 3629 ienden Zeit Schritt, vor jedem zu hellen Licht, vor jedem Klingel- Munterkeit gelang es, dem ersten Act die nöthigen
2804 3585 2915 3635 nach
584 3609 2801 3669 Mit der zeichen auf dem Flur liegt. Was er dieser Frau ist, humoristischen Lichter aufzusetzen und über dem genuß¬
2800 3623 2917 3673 zwei
515 3614 592 3675 t.
528 3663 2911 3700 eitel Schön= wissen wir nicht; ob unentbehrliche Ergänzung nach ver= frohen Lebemann den guten Kameraden nicht zu kurz von
528 3691 2922 3756 es Cimarosa, fehlter, übereilt geschlossener Ehe, ob ein Spielzeug ihrer spät kommen zu lassen. Zwei sorgfältig und wirkungsvoll Wil
