3344 4256
466 183 812 261 Liebelei
978 189 1415 266 box 11/2
284 187 967 291 5. Anennnenn
834 869 944 939 378
1404 867 1985 947 GUNTER’S MAGAZINE
824 968 1682 1041 few brief sentences, murmured in the de¬
1686 994 2565 1048 displays an example of acting that only
825 1036 1694 1090 scending twilight of a day and of an old
1700 1034 2558 1103 Miss Margaret Anglin, among all our
826 1078 1686 1142 man’s life, sketch in simple outlines the
1703 1089 2569 1143 actresses, could be depended upon to equal.
834 1125 1688 1182 poignant misery of two lives. he vio¬
1717 1132 2560 1181 Shecombines the vocal beauty and delicacy
830 1174 1679 1223 linist, unable torsupply the necessan
1708 1182 2566 1236 of gesture of a Julia Marlowe with the
831 1216 1679 1262 dower for his sister, saw her grow old and
1714 1218 2573 1281 fire of a Mrs. Carter, molding her per¬
828 1263 1681 1316 finally die, unloved by man, her whole life
1711 1273 2561 1325 formance into a complete artistic whole
834 1307 1695 1368 passed purposely and empty. Hardly more
1702 1314 2561 1371 the like of which has rarely been equalled
827 1353 1682 1407 impressive than this narrated memory is
1706 1360 2562 1427 on this or any other stage. Miss Grey
837 1399 1685 1461 the visible misery of his daughter, sud¬
1706 1394 2568 1459 has long been recognized, by the more ju¬
827 1455 1690 1505 denly bereft of her lover’s life and of all
1702 1450 2566 1505 dicious and discerning, as an actress of
825 1491 1690 1543 the sweetness of his love. He is dend:
1702 1504 2561 1558 fine attainments; this performance has
819 1537 1685 1590 and he died Tor another woman. She
1705 1544 2562 1611 Tifted her to a place among our most ex¬
833 1589 1684 1637 may not even look upon his body. Thar
1713 1586 1991 1663 alted players.
823 1631 1689 1691 has been put in the ground.“ Relatives
822 1676 1688 1727 and his nearest friends“ had scen it, but
1777 1683 2561 1744 LL pleasures are not, necessarily, Von
837 1725 1678 1777 she is neither. Andthen, ihe last ride, the
1706 1731 2569 1788 Athe heights.? There are many
836 1769 1677 1823 words he spoke on his way to the duelling
1835 1773 2458 1836 merrr frolics down below.
833 1808 1688 1879 place? He spoke of many things, his
1706 1824 2578 1871 these, a new and very jovons onc is A
824 1863 1696 1925 second tells her, of lns family, of the
1713 1861 2569 1930 Fankee Tourist,“ a sprightly farce of song
821 1908 1653 1969 coming of the spring, of many matters¬-
1708 1911 2560 1968 and dance and music, that is frivolons
820 1964 1693 2005 and Pof von, too.* The words stah her in
1709 1961 2572 2025 without immodesty. laughable withont
818 1996 1692 2049 a hundred places; in her heart, in her
1707 2004 2561 2073 horseplay, and, most happily, gay withont
821 2043 1691 2108 mind, in her erusbed sonl, and again and
1711 2057 2562 2110 recourse to Tenderlomn gags and girls.
826 2090 1672 2143 again in her heart. But one tning is left:
1703 2086 2572 2155 Oddlv enough, its verg lack of complete.
830 2134 1684 2198 shie can wecp at his gravé. The friend
1701 2141 2566 2206 novelty in material results in noveltv of
825 2194 1693 2243 sarsto her:“Von will lind another woman
1706 2200 2555 2247 manner. The farce is, in fact, an altera¬
835 2227 1165 2283 weeping there!“
1707 2237 2561 2296 tion from* The Galloper,'’ which Richard
899 2271 1674 2336 A play of this sort requires the best of
1710 2278 2566 2343 Harding Davis wrote for Ravmond Hitch¬
828 2320 1676 2374 acting, and, more than that, most intelli¬
1701 2336 2559 2392 cock in such a merrv mood that it kept
825 2367 1678 2430 gent, careful and resoureeful stage-man¬
1707 2372 2561 2438 him prosperously facing laughing throngs
831 2427 1679 2477 agement. All this Mr. Robert Hunter’s
1698 2426 2557 2481 Tor something more than a year. But the
833 2462 1687 2518 presentation possesses. The translation of
1707 2463 2561 2516 call of the wild song and dance was too
825 2511 1693 2555 the play— (it is br Arthur Schnitzler, of
1699 2511 2560 2567 strong for Hitchcock, and, Mr. Davis
834 2550 1677 2614 Vienna) —is bv Miss Grace Isabel Col¬
1700 2570 2568 2619 giving his consent to their interpolation
829 2596 1687 2650 bron, and fulfills all requirements, thoughi
1701 2609 2563 2662 and thereupon blithly sailing away to
827 2641 1678 2697 it is regrettable that an English equiva¬
1708 2652 2570 2706 penetrate into the innermost tangles of
830 2693 1665 2743 lent for the original title of“ Liebelei“
1708 2695 2559 2751 Africa—(or some other of those remote
825 2743 1686 2787 should not have been found. The staging.
1704 2744 2566 2806 regions that her is pleased to “make
826 2790 1690 2850 in which Mr. Hunter had the assistance
1704 2788 2553 2851 famous'')—ieft the metamorphosing to
833 2829 1683 2887 of Gustav von Seyffertitz, long asscciated
1697 2841 2561 2880 Mr. Wallace Irwin. This sprightly poet
1704 2891 2556 2944 of jingling jests injected songs with
824 2877 1682 2938 with Heinrich Conried at his German the¬
824 2923 1676 2978 atre, and Frederick Sullivan, was no less
1704 2929 2564 2996 worthy words—set to generallv pleasing
825 2976 1667 3019 than notable. But above all was the act¬
1700 2980 2554 3030 music by Mr. Alfred Robyn—and con¬
822 3019 1684 3062 ing. Miss Phyllis Rankin and Miss Sarah
1699 3022 2564 3078 trived to interpolate them without dis¬
827 3071 1686 3124 MeVicker are exceptionally commendable.
1706 3070 2557 3110 arranging the fabric of fun that the
818 3122 1668 3169 in the short cast, for uncommonly admir¬
1703 3127 2578 3172 author had so heatly and dexterously
823 3160 1678 3210 able work in characterization; and Miss
1695 3158 2561 3209 woven. A success on its ’second wind“ is
812 3205 1680 3266 Katheryn Grey, in the leading work röle.
1688 3194 2068 3284 the happy result.
1276 3391 2113 3483 rsn
