3248 4320
418 168 821 249 Liebelei
952 171 1404 274 box 10/1
256 176 943 297 5. Maaur
1601 1050 3253 1160 fenisse, die sich hier im verflossenen Sommer abspielten, müßte, deren Geltendmachun,
572 1066 1603 1149 P. P öndurch möglicher Weise gerettei werden
2649 1126 3252 1195 Aller gegen Alle auf der Bak
1612 1129 2648 1185 wurden von der öffentlichen Meinung Europas
562 1132 1603 1201 könnte. Der Premier steht vor seinem Meister¬
2661 1171 3248 1241 gewiß aber eine einseitige E
1614 1185 2642 1245 kurzweg als das Werk bulgarischer Politiker
569 1185 1605 1264 stück politischer Diagnostik. Alle Parteien sind
2653 1216 3257 1298 Bulgariens verhindern würd
1617 1222 2658 1289 bezeichnet und in Sophia selbst hat man sich mit
565 1232 1290 1321 krank. Oesterreich ist schwer krank.
2753 1266 3261 1329 Die Matadore der kür
1609 1275 2651 1352 der Entkräftung dieser Anschauung durchaus nicht
1606 1306 3222 1384 echauffirt. Die schwächlichen officiellen Ableug= politen Clement in einer
2659 1410 3263 1481 welchen Zufall sich dieses
1623 1431 2655 1488 er begraben ist, erfährt Christine seinen Tod, und ent¬
567 1432 1612 1493 ein solcher Fall literarischer Mimicry. Es sieht
2649 1453 3263 1523 Bühne verirren konnte, auf
1612 1476 2657 1535 deckt, daß er einer Frau wegen gestorben ist. Aus
569 1465 1611 1538 dem Typus des Wiener Volksstückes, wie ihn
2654 1512 3261 1574 parzer heimisch sind. Man
1622 1520 2651 1576 Verzweiflung darüber, daß sie für ihn, dem sie
569 1520 1614 1591 Friedrich Kaiser, Anton Langer, O. F. Berg und
2656 1554 3263 1616 pikante Naturspiel der Mimi
1625 1575 2653 1629 sich ganz gegeben, nur ein Spielzeug war, geht
574 1565 1609 1639 Andere auf den Wiener Vorstadtbühnen ausge¬
2670 1608 3254 1667 für das Geschöpf, an welche
1618 1612 2667 1685 sie in den Tod. Das erscheint auf den ersten Blick
573 1617 1614 1694 arbeitet haben, „in Form und Färbung zum Ver¬
2659 1656 3257 1720 fährlich werden kann. Bisn
1618 1663 2660 1739 als die banale Nähmamsellentragik, von der O. F.
576 1676 1618 1739 wechseln ähnlich“, so ähnlich, daß man — Zoo¬
2657 1698 3261 1771 Schmetterling vorsichtshalber
1620 1707 2665 1773 Berg lebte; man könnte daraus eine jener rühr¬
567 1719 1616 1790 loge sein muß, um den tiefen Unterschied zu be¬
2659 1747 3263 1818 sieht wie eine stachelbewehrte
1618 1766 2650 1835 seligen Geschichten aus dem Wiener Leben machen,
570 1775 1625 1832 merken, und gehört doch in Wahrheit einer ganz
2654 1798 3255 1864 schlägt man einen solchen S
1627 1785 2659 1877 welche der Leserkreis gewisser Blätter von seiner
567 1812 1616 1871 anderen Art an, einer höher und verwickelter
2663 1845 3263 1921 nämlichen Grunde vorsicht
1630 1860 2652 1921 Zeitung als Sonntagsleckerei fordert. Sämmtliche
575 1866 1620 1924 organisirten, deren Heimat das Burgtheater ist
2662 1901 3263 1962 Dieser Gefahr ist Schnitzle
1626 1903 2658 1972 Personen und Vorgänge, alles Beiwerk, alle Ge¬
571 1904 1622 1981 und nicht die Vorstadtbühne. Man werfe einen
2654 1947 3257 2020 völlig entgangen, ganz unlädi
1625 1954 2661 2009 danken und Empfindungen, Alles ist wie im Vor¬
564 1961 1612 2029 Blick auf das Personenverzeichniß: Hanns Wei¬
2669 1999 3005 2061 nicht entwischt.
1630 1997 2659 2067 stadtstück. Mizi Schlager, die fesche und leichtlebige
567 2005 1625 2071 ring, Violinspieler an einem Vorstadttheater;
2756 2028 3264 2104 Worin aber, so fragt n
1628 2056 2670 2118 Putzmacherin, Katyarina Binder, die Strumpf¬
574 2064 1620 2137 Mizi Schlager, Modistin; Katharina Binder, Frau
2672 2082 3236 2159 Unterschied zwischen der
1630 2104 2659 2167 wirkersfrau, die für die Christine einen Gatten
576 2097 1625 2167 eines Strumpfwirkers; Fritz Lobheimer und Theo¬
2673 2110 3257 2209 gewöhnlichen Vorstadtstück lie
1630 2153 2662 2212 wüßte, der „sehr ein anständiger“ Mann ist und
569 2158 1621 2221 dor Kaiser, junge Leute; ein Herr ... wundert
2667 2189 3258 2254 genauer hin, und man wird
1635 2193 2663 2263 eine feste Anstellung hat, Theodor Kaiser, der
583 2191 1618 2268 man sich nicht, solchen Personen gegenüber Burg¬
2661 2237 3252 2306 Ausgelassenheit und schluchze
1638 2246 2663 2305 Spaßvogel, lauter gute Bekannte! Vor Allem aber
578 2247 1630 2322 theaternamen gedruckt zu lesen? Ist das nicht der
2669 2284 3263 2353 Alltagsscenen hindurch die I
1627 2293 2662 2353 der Dialog! Er ist zusammengesetzt aus all' den
584 2311 1629 2363 Theaterzettel eines O. F. Berg'schen Stückes? Und
2664 2325 3262 2403 Poesie vernehmen, mit wel
1623 2334 2665 2407 Redensarten und Wendungen, die Jedem in den
587 2345 1632 2422 der Inhalt dieses Schauspieles scheint diesen ersten
2664 2386 3261 2455 nichts zu schaffen hat. Wei
1636 2387 2674 2454 Ohren liegen, der in Wien lebt, alle Gemeinplätze
582 2402 1370 2465 oberflächlichen Eindruck zu bestätigen.
2669 2423 3260 2488 nur ein solches schreiben wo
1631 2422 2673 2521 Wienerischer Lebensweisheit werden gelegentlich in
679 2446 1635 2505 Die Handlung ist der Liebesroman eines
2665 2477 3263 2538 Mühe und Feinheit aufgen
1623 2488 2451 2547 ihren stereotypen Formeln vorgebracht.
583 2488 1629 2550 armen Mädchens, der Geigerstochter Christine, mit
2664 2538 3261 2599 Publicum der Vorstadtbühl
1722 2524 2668 2596 Der erste und namentlich der zweite Act ist
593 2543 1631 2606 einem flotten und reichen jungen Herrn, Fritz
2665 2575 3262 2642 würde. Die einfache rühr
1637 2575 2669 2641 so voll von solchen Dingen, daß die Täuschung
582 2587 1628 2652 Lobheimer. Sie liebt ihn mit der völligen Hingabe
2669 2627 3263 2691 zweier jugendlicher Menscher
1629 2634 2673 2704 durch Mimicry für Viele zu einer vollständigen
584 2640 1629 2704 einer starken, gesunden Mädchenseele: Fritz sucht
2671 2673 3261 2743 täuschend wahr abgebildet,
1628 2680 2667 2743 geworden sein mag. Mancher alte Burgtheater¬
585 2688 1633 2749 und findet bei ihr Zerstreuung und Erholung von
2666 2715 3263 2784 Boden zutragen würde. D
1630 2730 2675 2793 besucher dürfte die Aufführung eines derartigen
590 2725 1626 2797 den Nervenqualen eines leidenschaftlichen Verhält¬
2679 2766 3260 2838 hauchte Sprache dieser Men
1640 2775 2672 2848 Stückes im Burgtheater geradezu als Scandal
588 2785 1626 2851 nisses mit einer verheirateten Dame. Der Gatte
584 2818 3254 2907 dieser Dame erschießt ihn im Duell. Erst nachdem empfunden und sich entrüstet gefragt haben, durch was an der Mundart hängt
