3436 4192
258 154 418 235 5.
421 151 802 227 Liebelei
952 153 1384 245 box 12/4
915 1000 1021 1071 962
914 1104 2317 1167 Singstimme beginnt ein Liedchen zu trällern. Aber nur zwei, drei,
2269 1122 2319 1188 1
914 1150 2291 1199 vier Takte lang. Die zweite Gruppe von Takten, die „Antwort:
917 1209 2317 1263 in der melodischen Phrase fehlt bereits. Weil die Worte
910 1259 2320 1311 Schnitzlers, wenn sie sinngemäß und sprachrichtig deklamiert
909 1306 2313 1359 werden, den schematischen Bau durchaus verwehren. Weil ihr
921 1346 2324 1402 Inhalt und ihr Tonfall weiter drängt. Ein Thema, eine
923 1406 2323 1456 Melodie müssen verweilen, wiederholen. Das ist hier nicht
920 1454 2318 1506 möglich. Auch das Orchester kann nichts aufbauen und aus¬
919 1486 2319 1558 bauen, wenn es sklavisch den Worten des Dichters, der Schnitz¬
912 1556 2324 1605 lerschen Prosa folgen muß. Alles zerflattert wieder, setzt von
911 1594 2325 1652 neuem ein, erweckt neue Hoffnung, zerstört auch diese, wir
923 1638 2319 1691 werden von einer musikalischen Enttäuschung zur andern gehetzt,
914 1689 2326 1743 bis zu den tragischen Höhepunkten, wo das Aufleuchten
907 1738 2315 1796 glänzender Töne in den Singstimmen, die große Steigerung im
912 1795 2331 1856 Orchester und vor allem die dramatische Situation uns endlich
924 1839 2324 1897 eine Arie, ein Duett zu verheißen scheinen — aber auch diese
923 1883 2324 1945 letzte Verheißung trügt, es kommt nur zu ein paar aufgeregten
917 1936 2333 2000 Melismen und pathetischen Schreien mit Anklängen an den
925 1999 2332 2049 „Bajazzo“, nicht zu wirklichem Gesang. Wagner ist der reinste
922 2040 2345 2097 Verdi, Leoncavallo ein unverfälschter Donizetti im Vergleich zu
925 2084 2325 2148 Neumann, der lieber sprechen als singen lassen möchte, manchmal
915 2133 2329 2183 wirklich bloß sprechen läßt, und dessen orchestrale Einfälle (nicht
912 2185 2332 2230 übel, aber unbedeutend) dennoch fortwährend, in Übereinstimmung
915 2241 2323 2292 mit dem Drama, das Sinnliche, das Anmutige, das Wienerisch¬
921 2288 2331 2343 Gefällige auszudrücken suchen. Eine sonderbare Art des musi¬
927 2336 2330 2395 kalischen Liebesgenusses — dieses Anpacken und Entgleitenlassen,
913 2385 1623 2447 dieses Aufzucken und Ermatten
1680 2385 2333 2464 die sich nur durch Impotenz
918 2433 1591 2496 oder Perversität erklären läßt.
1044 2485 2324 2541 Wie konnte Schnitzler seine Zustimmung zu dieser Ent¬
920 2526 2325 2593 stellung seines Werkes geben? Aber freilich, der Stoff und das
948 2577 2330 2637 Stück wirken auch so, wirken zum mindesten auf das empfäng¬
926 2617 2326 2698 liche Publikum der Volksoper, das, verstärkt durch die Freunde
918 2672 2332 2740 und Verehrer Schnitzlers, der sich für Neumann ausgesprochen
928 2717 2330 2766 hatte, diesem und der Christine des Fräuleins Engel und der
928 2772 2334 2828 tüchtigen Gesamtdarstellung wenigstens bei der Erstaufführung
1470 2825 2348 2900 das Werk ist in Deutschland schon
919 2827 1397 2891 (nicht Uraufführung
930 2875 1796 2953 bekannt) einen äußeren Erfolg bereitete.
926 2980 2324 3087 Deutsches Volkstheater. Zum ersten Male: „Musik“,*) Sittengemälde
1052 3050 1803 3098 in vier Bildern von Frank Wedekind.
1044 3077 2337 3147 Dem Deutschen Volkstheater scheinen endlich bessere Tage
929 3144 2332 3211 beschieden zu sein. Nun hat es nach dem Kassenerfolg der
928 3185 2334 3245 Schönen Frauen“ auch der Literatur seine Reverenz erwiesen
920 3243 2332 3306 und mit Wedekind einen ehrlichen und prächtigen Sieg errungen.
924 3293 2317 3369 Noch vor etwa vier Jahren, als im Lustspieltheater seine „Musik“.
1077 3358 2333 3444 *) Vergleiche hiezu auch die Einführung in dieses Drama im vorigen
917 3423 1295 3488 Heft der „Wage“.
