3484 4320
976 222 1302 300 Wien, Samstag,
2199 227 2533 297 28. März 1896.
2838 219 3003 299 Nr. 78
517 226 764 301 Seite 204
1624 224 1877 299 Die Zeit.
1765 342 3049 408 vollends gar nichts: es werden nur allerlei Unglücksfälle berichtet
602 361 1752 420 Die jüngstdeutschen Revolutionäre brauchten ziemlich lange Zeit,
1774 406 3052 460 und bejammert. Selbst die schöne ergreifende Stimmung der zweiter
478 410 1752 460 bis es ihnen gelang, sich des Theaters zu bemächtigen. Mit rühmens¬
1777 458 3039 510 Hälfte des vierten Actes vermag den bereits gänzlich erschöpften Zu¬
483 451 1755 492 werter Unerschrockenheit holten die freien Bühnen die Kastanien für
481 490 1753 554 sie aus dem Feuer, aber nachdem es der starken Kunst Sudermanns
1771 495 3056 540 schauer nicht mehr zu fernerer Theilnahme aufzurütteln. So kommt
478 537 1763 591 geglückt war, den Realismus zur Modesache zu machen durch geschickte
1770 537 3064 593 es, dass einem im fünften Acte schon alles einerlei ist — er könnte
474 586 1757 636 Verknüpfung neuer Ideen mit alten Mitteln theatralischer Technik,
1773 586 3058 642 nicht mehr wirken, auch wenn er theatralisch noch weit effectvoller ge¬
473 632 1758 682 nachdem sogar Gerhard Hauptmann im „Deutschen Theater“ zu Berlin
1776 624 3055 693 staltet wäre, als er es in der That ist. Mir scheint, als ob Haupt¬
488 667 1758 718 eine sichere Heimstatt gefunden hatte, konnte man wohl annehmen,
1780 678 3067 731 mann während seiner ungemein fleißigen Vorarbeit zu diesem großen
483 717 1761 768 dass nunmehr die Kampfjahre vorbei seien und dass man, in Berlin
1769 713 3060 768 schwierigen Werke eine allzugroße Freude darüber empfunden habe, sich
474 767 1756 821 wenigstens, auf ein gut geschultes Publicum zu rechnen habe, welches
1772 759 3058 809 selbst als starkes philologisches Talent zu entdecken. Zudem haben
1777 804 3052 864 ihm seine nächsten Freunde und theoretischen Vorkämpfer wohl ein¬
482 803 1746 873 mit ruhiger Theilnahme der weiteren Entwicklung der Dinge zuzu¬
476 847 887 915 schauen gesonnen sei.
1776 841 3061 907 geredet, dass man bei einer dramatischen Gestaltung das Theatralische
595 886 1028 955 Es war ein Irrthum.
1778 904 3060 952 um keinen Preis suchen dürfe, sondern dass dies Theatralische über¬
1772 928 3059 991 haupt nur dann so nebenher zu dulden sei, wenn es sich von selbst
603 930 1749 1001 Im Januar und Februar dieses I hres war ich in Berlin, um
1775 984 3061 1024 einstelle. Wenn es noch eines Beweises bedurft hätte, dass diese
486 988 1755 1052 einmal wieder scharfe, nervenaufstachelnde Theaterluft zu athmen. Die
1775 1023 3052 1078 Theorie unhaltbar sei, so war die Aufführung von Halbes „Lebens¬
475 1041 1758 1095 Kunde von der schweren Niederlage des „Florian Geyer“ hatte
1777 1067 3055 1121 wende“ allerdings nothwendig. Im Lichte seiner neuesten Arbeit ge¬
480 1087 1755 1141 mich dahin gelockt. Ich kam gerade noch zurecht, um die letzte Auffüh¬
1764 1115 3053 1173 sehen, erscheint mir Halbe als ein noch radicalerer Antidrama¬
474 1138 1747 1187 rung dieses merkwürdigen Dramas mit anzusehen. Wenige Tage da¬
1776 1157 3056 1207 tiker als Hauptmann, ja sogar als ein Epigone der Verfasser der
478 1168 1753 1216 rauf wohnte ich der ersten Aufführung von Max Halbes „Lebens¬
1774 1201 3065 1246 „Familie Selicke". Ich weiß wohl, dass er selbst das entschieden
475 1216 1756 1272 wende“ bei, welche zugleich die drittletzte war. Tags darauf erlebte
1777 1244 3062 1309 bestreiten wird — er hat ja an dieser selben Stelle sich theoretisch
475 1259 1747 1306 ich den großartigen Sieg Wildenbruchs mit seinem „König Hein¬
1771 1291 3057 1345 gegen die Milien=Dramatik ausgesprochen — aber sein eigenes Schaf¬
484 1305 1749 1364 rich“ und in der Woche darauf die fröhliche Begrüßung eines neuen
1768 1334 3054 1393 fen beweist, dass sein bewufstes Können im Sinne eden jener Milieu¬
486 1347 1747 1404 Namens mit der Aufführung von Schnitzlers „Liebelei“ im Deut¬
1766 1394 3061 1448 Dramatik beschränkt ist und dass das, was er etwa darüber hinaus
487 1391 1749 1442 schen Theater. Diese vier Abende waren für die Entwicklungsgeschichte
1768 1430 3061 1485 zu geben vermag, nmt Zufallsgeschenk seiner reichen dichterischen Per¬
484 1439 1746 1488 des deutschen Dramas von außerordentlicher Bedeutung. Da ich dies¬
1775 1474 3053 1522 sönlichkeit ist. Er fragt nicht, ist dieser Stoff dramatisch, oder wie
473 1481 1752 1529 mal nicht selbst bewaffnet auf dem Kampfplatz erschien, sondern nur
1777 1522 3051 1575 kann ich ihn theatralisch wirkungsvoll gestalten, vermag dieses Milien,
482 1530 1749 1579 als sachverständiger Schlachtenbummler zuschaute, und da ich überdies
1776 1557 3054 1599 können diese Personen, als welche mir einst nahe getreten sind und
472 1563 1757 1624 inzwischen Muße gehabt habe, mir über die starken Eindrücke jener
1777 1601 3052 1654 mich zur Nachgestaltung reizen, wohl auch andere Menschen zu inter¬
476 1617 1755 1670 heißen Tage klar zu werden, so darf ich vielleicht meiner Meinungs¬
1778 1653 3049 1710 essiren? Er schreibt unbekümmert darauf los mit warmer menschlicher
481 1664 1758 1720 äußerung einen gewissen Wert beilegen. Was bei der Première des
1772 1695 3066 1736 und dichterischer Theilnahme für die Verhältnisse und Personen, welche
489 1700 1748 1754 „Florian Geyer“ den Ausbruch des großen Scandals im letzten Acte
1777 1741 3047 1801 er zu schildern unternimmt, und meint, dass der Zuschauer im Thea¬
482 1749 1751 1811 hervorgerufen hat, das war nicht die sittliche Entrüstung über die
1773 1783 3059 1836 #ter einen ganz besonderen Genufs verspüren müsste, des Dichters
476 1790 1750 1844 brutale Behandlung der Bauern durch die betrunkenen Ritter, auch
1774 1824 3052 1889 Vaterfreuden nachzuempfinden. Nun ja, wohlgebildete wirkliche Men¬
486 1841 1749 1894 nicht der Aerger der literarischen Gegner über den Beifall der Haupt¬
1776 1866 3055 1921 schen versteht Halbe freilich auf die Beine zu stellen, und gegen die
473 1881 1749 1937 mann=Gemeinde, sondern einfach eine physische Reaction der durch
1767 1915 3052 1980 Richtigkeit seiner Sittenschilderung ist auch nichts einzuwenden, aber
478 1926 1749 1971 Unklarheit und Langeweile überspannten Nerven der Zuschauer — und
1775 1960 3042 2009 diese Sphäre der besseren Hinterhäusler, in welche uns seine „Lebens¬
483 1977 1756 2029 der Witzbold, der in den allgemeinen Tumult hinem den Namen
1770 2004 3045 2059 wende“ hineinführt, ist uns zur Genüge bekannt und die Menschen¬
479 2012 1724 2074 „Wildenbruch“ schrie, hat in der That den Nagel auf den Kopf ge
1767 2048 3052 2103 exemplare, die er uns vorstellt, diese Zimmervermietherin, dieser ver¬
479 2069 1752 2115 troffen. Ohne Wildenbruch, das heißt, ohne bewufste theatralische
1768 2091 3057 2153 bummelte Student, dieser hartgesottene Amerikaner u. s. w, sind an
489 2105 1755 2160 Technik, kein Drama! Das war es, was Hauptmanns Niederlage
1767 2137 3051 2189 sich gar zu reizlos, zu gleichglitig, als dass sie unsere Theilnahme
490 2145 1748 2200 dem Berliner Publicum und den deutschen Dramatikern mit überzeu¬
1776 2177 3046 2238 erzwingen könnten, auch ohne dass sie Träger einer irgendwie auf¬
481 2199 1753 2254 gender Demlichkeit zu Gemüthe geführt hat. Als ich Florian Geyer
1776 2212 2266 2289 regenden Handlung wären.
490 2245 1749 2291 im Theater sah, hatte ich zwar das Buch noch nicht, wohl aber zahl¬
475 2279 1752 2342 reiche ausführliche Besprechungen gelesen, mir war also die Handlung
1888 2269 3051 2335 Halten wir die letzte schwere Niederlage Hauptmanns zusammen mit
481 2320 1763 2370 bekannt, auch die Namen der Personen, und aus etlichen Stichproben
1766 2323 3048 2377 dem wirkungslosen Vorüberhuschen des matten Halbe'schen Stückes, so
484 2370 1754 2413 des Dialogs hatte ich den Eindruck empfangen, dass der Dichter mit
1763 2377 3044 2433 gewinnen wir daraus die Erkenntnis, dass gerade das, was die Theo¬
476 2411 1757 2467 der Nachschaffung der Sprache des 16. Jahrhunderts etwas ganz Un¬
1776 2417 3051 2469 retiker des Naturalismus verächtlich das Theatralische nennen,
484 2461 1762 2521 gewöhnliches geleistet habe. Zudem zähle ich mich seit den Tagen der
1775 2463 3052 2512 die Vorbedingung jeder dramatischen Wirkung ist und dass der Man¬
485 2501 1761 2553 freien Bühne zu den aufrichtigsten Bewunderern Hauptmanns, zu den
1764 2508 3048 2553 gel einer erregenden und in Spannung erhaltenden Handlung nur in
476 2544 1750 2595 wärmsten Freunden seines künstlerischen Programms. Er hätte sich
1764 2551 3057 2603 Ausnahmefällen ersetzt werden kann durch Erregung starker rein
479 2590 1760 2640 also wohl kaum einen günstiger gestimmten Zuschauer wünschen
1759 2591 3060 2640 menschlicher Sympathie mit einigen der auftretenden Personen. Einen
482 2636 1764 2691 können. Aber schon der erste Act verwirrte mich, denn ich wufste
1776 2639 3059 2688 solchen Ausnahmefall war Schnitzlers „Liebelei“ so glücklich darzu¬
485 2676 1766 2729 nicht, wer die redenden Personen seien. Hauptmann hat das erste
1773 2685 3047 2742 stellen. Weder die anmuthige Schilderung des Treibens in einem ele¬
480 2723 1728 2773 Gebot für den Dramatiker, nämlich die Nothwendigkeit, dem Zu
1769 2729 3060 2781 ganten Junggesellenheim, noch das traurige Schicksal eines wahrhaft
486 2765 1735 2830 schauer seine Personen so nachdrücklich vorzustellen, dass ein Ueber¬
1765 2772 3055 2823 liebenden Mädchens, dessen Geliebter um einer anderen Frau willen
489 2815 1756 2872 hören oder Verwechseln nicht leicht möglich ist, in den Wind geschla¬
1769 2817 3055 2877 sich erschießen läfst, hätten an sich die lebhafteste Theilnahme des
486 2849 1760 2912 gen. Erst im weiteren Verlaufe des Stückes gelang es mir, wenigstens
1778 2863 3060 2923 Publicums erzwungen, sondern das war die fast allen Personen vom
483 2905 1761 2951 den Hauptsiguren ihren richtigen Namen zu geben. Welcher von den
1770 2912 3045 2965 Dichter verliehene außerordentliche Liebenswürdigkeit, die dies bewirkte.
485 2950 1760 3003 zahlreichen Rittern z. B. der Götz von Berlichingen sei, wurde mir
1771 2955 3057 3019 Berühren uns doch oft im Leben die seltsamsten Schicksale fremder,
484 2992 1753 3053 im Verlaufe des ersten Actes nicht klar. Ich hatte mich aber schließ¬
1769 2996 3059 3042 gleichgiltiger Menschen weit weniger, als die einfachsten Ereignisse im
476 3039 1746 3085 lich mit einiger Kühnheit für einen Herrn in gelben Stiefeln ent¬
1768 3040 3046 3096 Dasein uns lieber, nahestehender Menschen. Allerdings gehört eine
480 3085 1754 3140 schieden. Im letzten Acte begrüßte ich diese selben gelben Stiefel nicht
1771 3094 3060 3150 sehr feine dichterische Kunst und auch nicht wenig Glück dazu, wenn es
477 3125 1764 3173 ohne Genugthuung, indem ich den Träger derselben für Götzen von
1773 3137 3069 3196 einem Drame ker gelingen soll, einem fremden Publicum in zwei bis
480 3167 1754 3216 Berlichingen hielt. Hernach erfuhr ich jedoch von einem Eingeweihten,
1764 3175 3062 3235 drei Abendstunden seine Menschen so lieb und vertraut zu machen,
481 3213 1763 3266 dass irgend ein ganz anderer Ritter im letzten Acte Götzens gelbe
1767 3217 3053 3271 dass uns ihr Thun und Treiben wirklich interessiert; außerdem ist ein
479 3257 1754 3317 Stiefel aus dem ersten Acte angezogen habe! Das ist doch kennzeich¬
1763 3249 3057 3324 solcher Erfolg von der Qualität der Darstellung gar sehr abhängig. Es
485 3302 1750 3358 nend für die Unklarheit der Techmk, mit welcher selbst der aufmerk¬
1769 3307 3052 3357 wäre aber doch durchaus unrichtig, aus der größeren Schwierigkeit,
483 3347 1751 3400 samste Zuschauer einen vergeblichen Kampf kämpft. Ganz ebenso un¬
1774 3351 3056 3412 durch einfache Menschen=Abschilderung tiefere Wirkung zu erzeugen,
481 3382 1756 3459 klar blieb mir jedoch auch die äußere Handlung: Ursache und Verlauf
1773 3398 3056 3454 schließen zu wollen, dass solche Kunst höher zu bewerten sei, als jene
475 3431 1756 3478 des Bauernkrieges sind aus dem, was man zu sehen bekommt, keines¬
1763 3442 3054 3502 andere, welche ihre stärksten Wirkungen in der Handlung sucht. Wenn
481 3476 1743 3528 wegs ersichtlich. Dazu müfste man schon sehr gut die Geschichte siu¬
1765 3490 3052 3540 Leckerbissen, wie Halbes „Jugend“ oder Schnitzlers „Liebelei“ dem
480 3525 1754 3580 diert haben. Niemals bekommen wir die Bauern selbst zu sehen. Wir
1775 3524 3045 3571 Publicum öfters geboten würden, so würde es sehr bald den Ge¬
488 3569 1759 3633 lernen nur einige Parteigänger aus dem Stande der Ritter, der
1779 3566 3047 3620 schmack daran verlieren, wogegen sich die Wirkung einer reichbewegten
491 3612 1760 3673 Geistlichkeit und der Gelehrten näher kennen und erleben auf der
1764 3625 3046 3676 Handlung niemals abstumpfen wird. Alles vor einer lauschenden
480 3655 1749 3712 Scene keinen einzigen dramatischen Höhe= oder Wendepunkt, sondern
1768 3660 3054 3702 Menge von erhöhtem Standpunkt herab Gesprochene unterliegt sofort
482 3701 1759 3752 gewahren immer nur die Wirkungen der verschiedenen Niederlagen der
1775 3708 3047 3764 den ewigen, unverrückbaren, dramatischen Gesetzen. Jeder Redner wird
482 3746 1748 3789 bäuerlichen Sache auf Leute, die nicht einmal selbst dabei waren. Es
1766 3742 3044 3792 unfehlbar langweilig, wenn seine Rede die Steigerung, die Hervor¬
487 3789 1752 3864 scheint, als ob Hauptmann geflissentlich allen dramatischen Wirkungen,
1769 3801 3035 3858 hebung auffälliger Gegensätze, die Zuspitzung auf irgend ein zünden¬
479 3836 1754 3888 die in dem Stoffe, wie er ihn sich zurecht gelegt hat, darinliegen,
1772 3830 3046 3884 des Wort gegen den Schlufs hin vermissen lässt. Jeder, der einmal
477 3888 1755 3946 aus dem Wege gegangen sei. Der erste Act weist zwar eine kräftige
1765 3880 3053 3927 lyrische Gedichte oder auch Novellen vorgelesen hat, sei es auch nur
479 3921 1750 3977 Steigerung auf und schließt auch mit einem starken Theatereffect,
1767 3916 3049 3957 vor einem ganz kleinen Kreife, weiß, dass der intimste Stimmungs¬
482 3967 1751 4015 aber er wird doch abgebrochen, ohne dass die Spannung erregend.
1774 3969 3057 4022 reiz wirkungslos verpufft, dass sehr bald Abspannung bei den Zu¬
489 4014 1758 4056 Wahle-Anführers-stande kämr. —Im weiten Act, als  alles in¬
1778 4019 3044 4073 hörern bemerkbar wird, sobald die dramatischen Eigenschaften dem be¬
490 4058 1752 4105 höchster Noth nach dem Helden schreit, legt dieser sich schlafen, weil
1775 4060 3052 4113 treffenden Vortragstücke abgehen. Alle dramatischen Gesetze haben sich
486 4101 1753 4154 ihm die Sache zu dumm wird! Im dritten und vierten Act geschieht¬
1773 4105 3042 4179 eben abgeleitet aus den natürlichen Bedürfnissen der Nerven von
