3484 4224
486 160 849 236 Liebelei
305 166 881 283 5 „ en Mece  1.
955 162 1458 256 box 10/3
1594 912 2287 990 Die Berliner Theatersaison 1895/96.
1234 920 1367 1000 504
1240 997 2654 1095 wickelt. Sie sind Ideenträger geblieben. Ihre Personen verhalten
1237 1073 2652 1146 sich zu ihrer Idee nicht lebendiger, als ein Laternenpfahl zum
1242 1140 2644 1221 brennenden Licht. Sie denken, handeln, reden, nicht aus ihrem
1241 1197 2651 1251 eigenen, vom Dichter historisch und psychologisch begriffenen
1250 1249 2655 1322 Gefühl, sondern aus dem allerdings im hohen Grade aufgebrachten
1248 1313 2653 1378 Gefühle des Dichters heraus, der es unterließ, sie objektiv zu
1249 1373 2654 1445 porträtiren, und ihre Handlungsweise auf Beweggründe zurückführt,
1245 1430 2395 1494 die der Gartenlaube näher stehn als der Weltgeschichte.
1348 1487 2652 1557 Im Vorspiel, wo „Kind Heinrich“ dem päpstlichen Legaten
1246 1557 2651 1617 Hildebrand zum ersten Mal gegenübersteht, und Beide ein Ahnen
1241 1601 2662 1681 künftiger Dinge erfaßt, benimmt sich das „Königlein“ sehr obstinat;
1243 1678 2657 1742 anstatt dieses Benehmen auf die Zehnjährigkeit des Bengelchens
1247 1725 2662 1790 zurückzuführen, entsteht bei Mutter Agnes, bei „Ohm Otto“ (von
1257 1799 2654 1858 Nordheim), bei Anno von Köln und dem schicksalsschwangern
1256 1842 2655 1898 Hildebrand ein großmächtiges Unglücklichthun: „Ruchloser Knabe!“
1248 1907 2656 1987 jammert Kaiserin Agnes und nennt ihren Kleinen „O Du Qual
1259 1958 2659 2031 meiner Tage“ jene hohen Priester sind schier erschreckt drüber, daß
1252 2005 2649 2095 Jung=Heinrich Gott nur lieben, nicht auch fürchten will. Wilden¬
1255 2081 2655 2145 bruch hat hier recht niedlich kleinen Kinderchen ihre Unarten ab¬
1257 2151 2658 2209 gelauscht, aber die Art. wie er Erwachsene diese Unarten auffassen
1251 2200 2661 2275 läßt, ist auch eine Unart und noch kindlicher als Kind Heinrich
1259 2272 2667 2325 selbst. Im ersten Akt, der zu Worms spielt, wird Wildenbruchs
1256 2326 2664 2383 löblicher Philosemitismus in die Herzgrube Heinrichs des Vierten
1260 2383 2666 2454 gegraben: Bischöfe und Fürsten knirschen in Ketten, hingegen
1257 2442 2663 2504 Ephraim ben Juda und Süßkind von Orb, die zuvor zwar tüchtig
1250 2511 2669 2560 geblecht haben, sitzen an königlicher Tafel. Es klingt wie ein
1253 2567 2654 2629 Appell in die neuste Zeit hinein, wenn König Heinrich von Wilden¬
1259 2605 2661 2687 bruchs Gnaden ruft: „Ich bin der König, und Königswille ist
1258 2666 2671 2739 Deutschlands Gesetz! Ich frage nicht, ob Jud oder Christ, ich bin
1255 2725 2668 2780 der König und Treue zum König ist Deutschlands Religion!“ Auch
1256 2783 2669 2872 Hauptmanns Florian Geyer ist ein Schützer der Juden; er sagt
1259 2841 2669 2926 zum alten Jöslein: „Füg Dich hernacher in mein Quartier,
1262 2918 2672 2978 Bruder! Ich hab ein Geschäft für Dich;" und „Bruder“ Jöslein
1885 2964 2667 3031 Mein! Junker von Geyer! Ich bin
1258 2964 1836 3046 mauschelt drauf: „Mein!
1267 3019 2681 3106 nit mee als ein armer Jud, Euer Gestrengen!“ Auch der Stil
1262 3092 2388 3155 dieser Sätze kennzeichnet den Stil der beiden Stücke.
1346 3145 2662 3215 Mochte die bombastische Judenszene des „König Heinrich“ in
1263 3198 2664 3265 einem Berliner Theaterpublikum schon manches Gemüthe rühren,
1260 3250 2677 3337 so brachte das Aufregendste in dem Stück doch erst der Brief des
1260 3328 2691 3405 Königs an den Papst. In diesem Briefe kondensirt und konzentrirt
