3484 4352
279 216 837 298 5. Liebelei
971 221 1412 310 box 12/6
432 547 1260 607 alis, Kom, San Francisco, Stockholm, ö#..
747 602 1160 649 (Quellenangaha ohne Gew Wer).
627 620 1444 692 Kronstadter Zeitung, Kronstadt. C.
396 654 772 723 Ausschnitt aus:
767 740 1066 817 29 3 1913
408 761 534 817 vom:
639 840 1224 942 Deutsches Theater.
530 924 1423 995 ((F—r.) Gestern: Liebelei von Arthur
430 979 1410 1039 Schnitzler! Esist ein Jugendwerk, und Schnitz¬
402 1008 1423 1087 hsticher geistreichere und geschicktere Dra¬
431 1069 1427 1141 men verfaßt; unerreicht an lebendiger Wahrheit
432 1104 1386 1185 und innerer Schönheit ist Liebelei geblieben —
430 1153 1411 1236 es ist Schnitzlers erlebteste und am tiefsten mit¬
429 1218 1423 1283 litiene Tragödie. Ihre Wahrheit: das mensch¬
435 1265 1428 1334 liche Genußleben, woraus unversehens der Blitz
430 1314 1432 1385 des Verderbens fährt, der ewige Fluch seit Adam
434 1362 1406 1425 und Eva; und die Schönheit: verständige Be¬
434 1413 1415 1484 trachtung aller Menschlichkeit und deren Dar¬
427 1455 1405 1528 stellung mit graziöser Geste und liebevoller Ein¬
433 1499 1413 1581 dringlichkeit. Zwei Wiener Mädeln aus dem
430 1561 1414 1630 Volk, die eine resolut, resch und fesch, wie man
429 1610 1406 1679 das Wiener Mädel seit jeher kennt, die an¬
421 1653 1419 1727 dere ..... Als das „süße Mädel“ ist Christine
417 1713 1415 1768 zum Besitz der Weltliteratur geworden. Sie liebt
419 1760 1417 1834 einen jungen Herrn, und als dieser in dem Duell
422 1804 1408 1880 um eine Frau fällt, stürzt sie sich vom dritten
422 1853 1339 1911 Stock hinunter. Die Handlung ist knapp
418 1910 1415 1971 und doch welcher Umfang von Daseinsleiden
422 1958 1410 2030 und Lebensempfinden! Wie armselig ist dage¬
425 2006 1413 2077 gen Sudermanns vielgeschäftiges Inirigenspiel,
426 2058 1402 2129 wie kläglich sein unendlicher Phrasenschwall.
513 2101 1414 2166 Lolly Lederer als Christine: Im ersten
418 2150 1416 2224 Akt schwankt noch ihr Spiel, das dumpfe Ahnen
416 2198 1412 2271 einer Katastrophe wird manchmal zu süßlicher
409 2229 1411 2321 Empfindsamkeit, und man wünscht, daß die in
420 2287 1407 2368 diesem Akt hie und da hervorlugende Sentimen¬
419 2341 1411 2409 talität Schnitzlers herber und knapper gegeben
408 2396 1399 2467 würde oder retouchiert mit leiserer Betonung, be¬
408 2428 1407 2516 langloser gemacht. Im zweiten Akt findet sich
404 2491 1397 2559 Lolly Lederer zu ihrer Christine, in dem An¬
410 2541 1402 2615 genblick, da der Geliebte in ihr Stübchen tritt.
415 2588 1401 2671 Prachtvoll ist diese Szene! Und nun schreitet das
414 2634 1405 2718 Spiel aufwärts, klar und selbstsicher, in macht¬
406 2675 1403 2765 voller Suggestionskraft. Diese Freude, daß der
406 2733 1398 2810 Liebste bei ihr ist, und dieser Druck auf sol¬
402 2787 1406 2860 che Freude, weil sie mit dem Seherblick der Lie¬
405 2822 1405 2916 be den S###tten um den Geliebten erschaut, und
402 2885 1375 2982 dirsé Setigkeit der Sorge um ihn und diese Qual,
399 2933 1372 3037 daß solche Sorge an der Verschlossenheit des Ge¬
399 2981 1381 3074 liebten abprallt in wunderbarem Rhythmus
385 3040 1378 3122 kam das alles heraus. Endlich der Höhepunkt,
385 3086 1375 3181 da sie den Tod des Geliebten erfährt: dieses Zu¬
391 3125 1379 3228 sammenbrechen und Schluchzen, schließlich die
383 3173 861 3262 Tat der Verzweiflung
862 3203 1364 3284 .... Es war eine Sze¬
374 3229 1376 3336 ne der vollendetsten Kunst, die beste Leistung,
374 3281 1033 3355 dir uns bis jetzt geboten wurde.
471 3335 1349 3421 Jaques Nelson als Vater Christinens, Em¬
377 3382 1364 3482 my Bognar als Mitzi, Ernestine Kühnau als
375 3431 1365 3523 Frau Binder, Hans Olden und Kurt Wonger als
369 3476 1347 3559 die zwei Herren und Kurt Walter als belei¬
357 3515 1344 3614 digter Gatte spielten ausgezeichnet. Die Vor¬
363 3583 1348 3673 stellung als Ganzes war eine Leistung von so
365 3616 1350 3726 hohem Niveau, wie es in der Provinz selten
366 3680 1254 3788 und auf Großstadtbühnen nicht alltäglich ist.
1797 1856 1884 1916 Us
1978 175 2941 245 Frl. Jarany und Herr Roden, die ver¬
1891 235 2942 291 läßlichsten Stützen unseres Schauspielensembles
1889 289 2963 352 haben sich ihren Ehrenabend redlich verdient und
1893 341 2950 388 es wäre nur zu wünschen, daß ihnen neben dem
1888 377 2964 434 verdienten lauten Danke des zahlreichen Publi¬
1896 436 2955 496 kums und den herrlichen Spenden einzelner Gön¬
1890 475 2960 535 ner auch klingender Lohn zuteil würde. Fräulein
1903 522 2948 587 Jaranyi hat in ihren Rollen stets ein tiefes Ver¬
1899 574 2973 645 ständnis für den darzustellenden Charakter bewie¬
1903 633 2959 689 sen, sie hat diesen in allen Einzelheiten ausgear¬
1907 672 2966 738 beitet und nie übertrieben. Auch am Freitag gab
1903 716 2964 782 sie die Traute schlicht und rührend. So soll die
1896 767 2956 832 Traute sein. Wir werden kaum eine bessere Ver¬
1907 820 2967 884 treterin dieses Faches für unser Stadt¬
1895 878 2968 934 theater finden. Das Gleiche läßt sich von
1898 917 2965 992 Herrn Roden sagen. Auch er hat in der verflosse¬
1904 965 2978 1033 nen Spielzeit Typen von außergewöhnlicher
1900 1012 2979 1078 Schärfe auf die Bühne gestellt, sein Fleiß und seine
1888 1076 2972 1143 Verläßlichkeit sind oft in unseren Besprechungen
1876 1115 2979 1188 (gerühmt worden. Dem Oberleutnant Robitsch gab
1889 1170 2962 1223 zer am Freitag den richtigen Ton des willensstar¬
1886 1203 2978 1275 cken Mannes, der eine Schwäche weder an sich noch
1897 1256 2988 1326 zan andern duldet, als ein Kommißknopf im Kreise
1898 1306 2986 1376 seiner Kameraden gekannt und gefürchtet, weil er
1912 1356 2980 1423 sim Gegensatz vom weichen Hans in erster Linie
1912 1419 2985 1468 Soldat und dann erst Mensch ist. Herr Roden war
1917 1455 2986 1524 kurz, immer dienstlich, nie aus sich heraustretend,
1918 1514 2992 1583 im ganzen: eine markante Figur. Her Hohe¬
1916 1544 2986 1622 nau, im Besitze einer kleinen Rolle, sah am besten
1914 1603 2990 1667 aus, die ändern Herren waren zum Teil mehr als
1922 1645 2998 1722 kommiß angezogen und alles eher denn schneidig.
2841 1697 2960 1783 2.
2214 1704 2580 1800 V
2008 1766 2990 1862 Artur Schnitler.—Liebetei“„Ab¬
1926 1848 2993 1904 schiedssouper“. (Gastspiel Frl. Hermine Me¬
1916 1878 3001 1960 delsky und Herr Alfred Huttig vom Kgk.
1915 1938 2666 2005 deutschen Landestheater in Prag.)
2018 1989 2998 2044 Schnitzler ist einer der modernen Analytiker
1924 2030 2997 2096 und Stimmungspoeten, die mit der Gewissenhaf¬
1923 2097 2989 2148 tigkeit des Arztes an ihren Nebenmenschen herum¬
1923 2130 2994 2201 horchen und herumfühlen. Das dreiaktige Dra
1924 2178 3004 2235 ma „Liebelei“ hat ein verwandtes Gefühlsthema
1926 2247 2993 2290 mit der „Sündigen Liebe“ des Italieners Giaco¬
1931 2276 3008 2346 sa. Es ist eine sehr alltägliche Geschichte, die sich
1927 2332 2999 2396 da in den drei Akten mehr novellistisch als drama¬
1931 2374 2998 2443 tisch abwickelt. Die Fabel kommt auch erst in zwei¬
1922 2430 3008 2482 ter und dritter Linie; die Hauptsache ist ihm der
1930 2483 3003 2556 Kontakt, der sich zwischen den Personen erzeugt
1932 2536 3006 2588 und das überrascht diejenigen, welche bereits die
1933 2573 3004 2651 Bekanntschaft des Novellisten Schnitzler gemacht
1928 2627 2352 2718 haben, keineswegs.
2025 2670 3007 2739 Zwei liebe Gäste haben uns am Samstag ein
1938 2724 3010 2800 Abschiedssouper gegeben, aus dem zwischen ihnen
1929 2778 3002 2840 und den Brüxern im Laufe des Abends eine rechte
1930 2829 3006 2890 Liebe, keine Liebelei wurde. So wie die zwei den
1935 2871 3012 2938 Wiener Autor spielen, das macht ihnen nicht leicht
1929 2931 3010 3008 jemand nach, sie das resche, fesche Wiener Madl
1939 2989 3013 3052 mit dem goldigen Herzen und dem leichten Sinn,
1944 3027 3004 3095 er der elegante, leichtfertige Lebemann. Es ist
1949 3075 3009 3149 eine rechte Wiener Liebelei zwischen dem Theodor
1939 3126 3016 3196 und seiner Freundin Mizzi Schlager, die im Mai
1946 3167 3011 3229 nicht daran denken mag, ob man sich im August
1937 3233 3014 3292 noch lieben wird. An Frl. Medelsky ist alles
1932 3280 3018 3334 Leben, ihre Mizzi ist der Typus des „süßen Mä¬
1947 3321 3013 3380 dels“. Wie sie lacht, wie sie plappert, wie sie drol¬
1946 3361 3008 3438 lig schmollt und schmeichelt, wie sie andererseits
1941 3419 3018 3495 ernst und besorgt tut mit dem warmen, herzlichen
1939 3475 3016 3542 Ton in der Sprache, alles und jedes wirkt originell
1951 3517 3014 3584 und natürlich. Er markiert ausgezeichnet die
1951 3568 3022 3636 nachlässig=vornehme Art des Wiener Lebemannes,
2803 3609 2868 3644 —
1955 3614 3022 3675 man bewundert diese einfache natürliche Fuhrung
1951 3685 3025 3731 des Dialogs. Es war ein wahrer Genuß. Einen
1949 3708 3010 3771 schweren Stand hatten demgemäß unsere heimi¬
1950 3771 3023 3831 schen Kräfte, die sich mit Anstand aus der Affare
1942 3816 3048 3881 zogen. Herr Hohenau gefiel uns im Dreiakter—
