3436 4256
382 213 788 284 Liebelei
211 201 1356 328 5 box 11/1
865 969 1273 1038 Telefon 12801.
402 1050 1737 1164 Alex. Weigl’s Unternehmen für Zeitungs-Ausschnitte
1419 1119 1623 1187 Ausschnitt
734 1141 1732 1294 „OBSERVER“ Nr. 95
345 1270 1803 1374 k. österr. behördl. conc. Bureau für Zeitungsberichte u. Personalnachrichten
535 1331 1640 1434 Wien, IX/1 Türkenstrasse 17.
702 1418 1540 1517 — Filiale in Budapest: „Figyelö“ —
355 1483 1799 1588 Vertretungen in Berlin, Chicago, Genf. London, Newyork, Paris, Rom, Stockholm.
365 1632 892 1730 Ausschnitt aus:
937 1634 1529 1734 Köinische Zeitung
366 1774 879 1907 /11907
1055 2154 1144 2215 a
448 2147 1659 2291 #1 (Wiesbedener Theater.] Adalbert Matkowsky, der Helden¬
437 2207 1658 2324 oksteller der Berliner Hofbühne, trat in der letzten Woche dreimal als
435 2269 1661 2369 Rist an unserm Hoftheater auf, und zwar als Egmont, Uriel Acosta
424 2290 1671 2414 ind Marquis Posa. Ueberall war die glänzende Außenseite seiner Kunst
426 2322 1674 2441 anzirkennen, seine wundervollen stimmlichen Mittel, das hinreißende
433 2368 1690 2498 Temperament seines Spiels manche geistvolle Einzelheiten, aber im
428 2409 1676 2535 ganzen fühlte man doch, daß dieser Declamationsstil, der die Dichtung
431 2451 1675 2569 nur zu oft in eine Reihe von arienartig im Sinne der alten Oper
429 2482 1684 2594 zerrifiene Einzelstücke auflöst, für uns überwunden ist. Uebermäßige
438 2529 1680 2641 Kunstpausen und Fermaten, ein Schwelgen im stimmlichen Wohlklang
446 2566 1675 2683 störten häufig genug, auch da, wo die unmittelbare Naturkraft des
440 2591 1819 2728 Künstlers fortreißen konnte. Wenige Tage vorher war Agnes Sormaiclusire
442 2637 1785 2760 nochmals für einen Abend im Residenztheater eingekehrt. Diesmal wid=Porto.
447 2674 1801 2786 mete Känstlerin ihr herrliches Talent dem Dienste der Wohlthätigkeit. ahlbar
438 2708 1839 2830 Es galt, für die kürzlich eröffnete Lungenheilstätte zu Neurod weitere Voraus.
443 2757 1704 2879 Mittel zusammenzubringe. Director Dr. Rauch stellte sein Theater
405 2784 1858 2911 Al zur Verfügung, und so bewunderten wir die Darstellerin zunächst in ist das
413 2832 1851 2949 A der Hauptrolle des Cavallottischen Einacters „Jephias Tochter“ dannt es den
452 2865 1711 2987 aber vor allem als „süßes Mädel“ in Schnitzlers „Liebelei“, dem
469 2927 1700 3028 von aller Decadencestimmung freien, stimmungsschweren Drama des
468 2943 1858 3075 Wiener Dichters. Das Ensemble des Residenztheaters bewährte sichuchtend die
469 2996 1856 3101 1 an diesem Abend untadelig, und der pecimiäre Erfolg — es kamehrgen¬
1595 3031 1854 3088 Zeitung“)
441 3062 1358 3160 # gegen 4000.4 ein — überstieg alle Erwartungen.
724 3070 1863 3162 uuf das gesammte politisché und wirthschaftliche Leben
584 3126 679 3167 1##
434 3140 1875 3202 desein- und Adslandes in drastischer Kürze geboten wird. Diese Mittheilungen
437 3173 1223 3255 werden in Wien um 9 Uhr Früh verschickt.
718 3244 1574 3326 Prospecte gratis und franco.
2299 1486 2984 1703 gor Soldschnen
2338 1607 2724 1694 4. Bureau für
2154 1601 2273 1718 0°
2207 1670 2907 1754 Zeitungsausschnitte und Verlag
2205 1746 2905 1809 der Wissenschaftlichen Revue.
2144 1793 3027 1877 BERLIN N., Auguststr. 87 part.
2288 1854 2867 1929 Telephon Amt III, No. 3051.
2411 1955 2772 2040 Ausschnitt
2057 1969 2402 2044 Teseranm-Aüreren
2531 2021 2634 2071 aus
2049 2024 2404 2088 GOLDSCHMIDT. Augustatr. 87.
2251 2027 3094 2153 Schwfähischer Keerkur, Stungart
2358 2155 2710 2271 19 800.1901
2055 2652 3135 2737 A Pforzheim 17. Ney. Diese Woche gab ein Ensemble
1977 2702 3105 2779 des Darmstädter Hofschauspielpersonals im Saal
1986 2770 2973 2827 bau vor gutbeseztem Hause das erste Stück des Zyrn
1994 2806 2961 2874 wir uus in diesem Winter erfreuen dürfen. 2#
2002 2836 2927 2897 Stückes fiel auf „Liebelei“ von Arthur Schnitzler.
2004 2884 2931 2946 piel, welches der dramatischen Spamerc
2015 2935 2960 2989 hehrt, aber die poctische Kraft an einen würdigerei. S
2000 2986 3044 3037 #rwenden sollen. Die Vorstellung der geshäzten Gäste,
1996 3020 3145 3094 vom lezten Sommer noch im besten Tuchken steben, wer
1999 3069 2800 3138 tadellos und erntete den wärmsten Beifall.?
