3484 4256
492 157 774 232 Liebel
321 160 898 269 5. Bnn 1.
952 163 1445 250 box 11/1
1845 83 3123 125 neben der tief angelegte, melancholisch=blasirte Frauentiedling Fritz,
1741 78 1828 131 Die
1838 123 3039 174 an dem die stille, zarte Christine in tiefer hingebender Liebe hängt.
1749 117 1825 164 Sie
1902 148 3135 193 Die vier sind in der Garconwohnung Fritzens zusammen. Sie soupiren,
1733 145 1833 202 ldigt
1841 187 3125 233 schwatzen Blödsinn, amüsiren sich. Ein ohne Sensationsmacherei gezeich¬
1735 194 1833 260 gen¬
1840 218 3127 269 netes Bild von prägnantester Lebensschärfe. Mitten hinein in den Tru¬
1838 268 2973 314 bel schrillt die Klingel, mitten in die Posse greift die Tragödie.
1736 252 1838 313 Leser
1898 297 3131 342 Den weitherzigen Fritz hat sein Liebebedürfniß nicht nur zu Mädchen
1719 300 1838 355 ingen
1845 333 3141 388 geringeren Standes, auch zu Damen der sogenannten guten Gesellschaft
1762 342 1825 385 die
1839 384 3133 424 geführt. Zu einer verheiratheten Frau hat er zuletzt in unerlaubten Be¬
1725 378 1840 429 riffen
1849 405 3137 460 ziehungen gestanden. Der betrogene Gatte ist es, der mitten in die
1729 418 1839 466 ichts
1845 446 3137 497 Lustigkeit des intimen Soupers hineinplatzt. Er kommt, um Rechen¬
1709 455 1831 504 iggio.
1845 482 3135 537 schaft zu fordern. Eine kurze, harte, schwüle Scene. Dann geht der
1747 495 1834 539 frei¬
1851 523 3142 573 Mann und die verscheuchten Mädchen kehren aus dem Nebenzimmer zu¬
1723 527 1828 582 seben,
1840 560 3146 606 rück. Abe die richtige Lustigkeit ist erloschen. Es drückt auf sie Alle
1741 568 1833 616 Die
1853 605 3141 648 wie Ahnuig kommenden Unheils. Man bricht auf und während sich
1841 631 3150 695 draußen in der Nacht die lachenden Stimmen entfernen, bleibt Fritz
1722 624 1774 690 1
1755 683 2762 730 amfallein mit den Gedanken an das kommende Unheil.
1904 701 3145 767 Fürwahr ein Act, wie ihrer nicht viele geschrieben worden sind.
1748 765 3132 807 sten! Einfach, zwingend logisch, erschütternd. Die beiden Auszüge, die dann
1842 785 3149 841 folgen, haben wunderschöne Scenen, scharf gezeichnete Charaktere, sehr viel
1762 820 3148 897 ist des Guten, aber sie reichen in ihrer poetischen wie dramatischen Wirk¬
1852 872 2583 916 samkeit an ihren Vorgänger nicht heran.
1766 880 1854 932 ge¬
1913 900 3153 949 Das Schicksal Fritzens und Christinens erfüllt sich. Gerade als
1764 914 1854 965 die
1858 940 3132 993 Fritz erkennt, daß Christine ihm mehr sein dürfte, als eine bloße „Liebelet“,
1764 951 1839 999 ein
1857 978 3150 1033 daß sie ihm das Glück bedeuten könnte, fordert ihn die Vergeltung. Er
1741 985 1847 1037 iter¬
1855 1011 3158 1070 fällt im Duell von der Hand des Mannes, den er betrogen. Und die
1759 1028 1852 1076 len,
1856 1062 3153 1115 arme Christine, die von der Katastrophe nicht eher erfährt, als bis ihr
1753 1064 1838 1115 tuch
1853 1095 3144 1145 Liebstes schon im Grabe ruht, wird nicht länger leben. „Sie kommt
1759 1100 1841 1149 und
1859 1141 2932 1193 nicht wieder", ruft die bange Ahnung aus Christinens Vater.
1761 1143 1835 1191 irte
1910 1166 3153 1221 Dieses Stück, das mit seinem knappen, alltäglichen Dialog, mit
1763 1183 1832 1236 un
1842 1205 3154 1262 seinen einfachen, gar nicht complicirten Menschen ebensoweit entfernt steht
1850 1247 3238 1292 von den blendenden Theaterpraktiken Sudermanns, wie von den seelischen
1764 1255 1855 1304 ien
1760 1293 3144 1340 zer= Grübeleien Haupimanns, zeigt seinen Schöpfer als eine scharfumrissene
1860 1322 3147 1374 dichterische Persönlichkeit. Nicht daß Alles, was Schnitzler zeigt, neu
1757 1331 1849 1382 igst
1861 1367 3141 1415 wäre. Im Gegentheil, die Handlung von „Liebelei“ ist ebenso oft da¬
1751 1373 1849 1421 iner
1853 1400 3141 1448 gewesen, wie etwa das Duell als dramatisches Motiv. Aber Schnitzler
1744 1412 1844 1458 ener
1859 1439 3154 1489 durchdringt den trivialen Stoff mit der Kraft seines eigenen, besonderen
1745 1449 1847 1492 dem
1859 1484 3147 1525 Empfindens und erringt so, als wenn sie ihm von selber zuflögen, ganz
1765 1484 1846 1533 sich
1863 1521 3155 1570 erstaunliche, theatralische Wirkungen. Daß Beide: die Literatur und das
1751 1524 1845 1572 das
1864 1551 3152 1617 Theater, Vortheil haben von Schnitzlers Erstlingsschaffen, das ist das
1758 1562 1848 1606 1 der
1863 1588 2785 1648 besonders Erfreuliche an diesem dichterischen Debut.
1748 1596 1836 1657 irt“
1918 1629 3154 1686 „Liebelei“ gehört zu den Stücken, die sich nicht von selber spielen,
1854 1665 3158 1712 die einer starken schauspielerischen Interpretation bedürfen. Das Werk ist
1746 1665 1848 1727 Man
1870 1705 3169 1751 um eine Saison zu spät nach Breslau gekommen. Das Witte=Wild'sche
1744 1717 1850 1771 t der
1860 1750 3162 1797 Ensemble, so musterhaft besonders im modernen Fache, hätte auch der
1762 1787 3156 1835 den „Liebelei“ sicher einen durchschlagenden Erfolg verschafft. Bei der gegen¬
1856 1823 3154 1866 wärtigen Darstellung mußte man mit einem von der Regie (A. Hofmann)
1747 1831 1860 1878 n, so
1858 1863 3153 1908 sorglich bereiteten Zusammenspiele, viel gutem Willen und einigen hübschen
1732 1867 1861 1916 weise
1857 1890 3158 1937 Einzelleistungen vorlieb nehmen. Darum wollte sich der rechte Enthusiasmus
1732 1905 1849 1956 stern
1862 1933 3163 1984 im Publikum nicht einstellen. Ja, der vortreffliche erste Act begegnete
1737 1945 1850 1992 reich
1865 1969 2570 2032 einer fast kühl zu nennenden Aufnahme.
1728 1980 1853 2031 ischen
1916 2001 3163 2057 Es fehlt der für die vereinigten Theater geworbenen Truppe nicht an
1728 2024 1861 2076 n der
1868 2052 3149 2097 passablen Schauspielern, wohl aber an k ünstlerisch bedeutsamen Indivi¬
1722 2056 1857 2113 infeld.
1731 2085 3150 2135 ungenjdualitäten. Am raschesten dürfte sich zu einer solchen Frl. Jurberg
1746 2135 3160 2181 hrigelauswachsen, ein hübsches, munteres Persönchen, das mit kecker
1761 2171 3155 2212 eine Grazie und überwiegend trefflichem Gelingen die Schlager=Mizi
1861 2207 3153 2249 verkörperte. Das war echtes Wiener Blut. Nur selten gewahrte man,
1727 2200 1858 2262 ungen
1727 2253 3152 2288 die daß Frl. Jurberg an schauspielerischer Routine noch gewinnen darf.
1744 2273 3162 2335 packt Der fesche „Dori“ gab Herrn Höfer Gelegenheit zu beweisen, daß er
1867 2322 3170 2374 besonders in Rollen, bei denen ihm seine absolute Herrschaft über den
1764 2322 1870 2376 des
1868 2351 3169 2415 Wiener Dialekt zu Hilfe kommt, vortrefflich ist. Fräulein Niedt
1768 2366 1864 2413 und
1874 2390 3167 2443 qualificirte sich mit ihrer sympathischen Erscheinung und ihrem sanften,
1772 2405 1857 2456 wir
1866 2439 3172 2480 weichen Organ äußerlich recht gut für die „Christine“. Sie traf auch den
1747 2440 1864 2488 schon
1877 2467 3158 2522 Grundton der Aufgabe mit Sicherheit, aber dem Anspruche, alle Seelen¬
1755 2478 1869 2529 hatte
1870 2519 3172 2553 regungen des in seiner Schüchternheit so reichen Charakters eindringlich
1741 2517 1866 2564 dend
1870 2546 3170 2594 wiederzugeben, war sie nicht gewachsen. Vornehmlich im letzten Acte ließ
1749 2556 1862 2606 hrem
1776 2580 3166 2629 Culisie viel zu wünschen übrig. Noch unbeholfener erschien Herr Lettinger
1867 2615 3157 2665 als „Fritz“. Er gab sich sichtlich Mühe, einen natürlichen Dialog zu
1759 2631 1859 2686 ging
1768 2651 3163 2709 den sprechen, aber in diesem Bestreben wurde er mehr als einmal unver¬
1750 2691 3172 2745 oken=tständlich. Es lag den ganzen Abend über etwas Unfreies, Gezwungenes
1752 2734 3158 2783 iskenfüber seinem Gehaben und auch das Aeußere, ganz hübsch, aber
1747 2764 3161 2833 idlichunbedeutend, fügte sich schlecht dem Bilde, das man sich unwillkürlich
1867 2818 3168 2855 von dem Glückspilze in Liebessachen gestaltet. Die kurze, inhaltsreiche
1755 2823 1872 2869 oren,
1871 2845 3172 2901 Episode des Gatten gav Herr Johow mit allzu tragischen Manieren
1752 2859 1873 2904 orher
1883 2899 3178 2937 und als gesprächige Strumpfwirkersfrau kämpfte Fräulein Frey mit
1751 2896 1871 2954 rührt
1872 2919 3170 2973 dem ungewohnten Dialekt. Mit diesem fand sich auch Herr Bahr¬
1755 2961 3169 3022 den?shammer nicht tadellos ab. Er sprach oberbayerisch, statt wienerisch.
1877 2999 3179 3064 Im übrigen machte er aus Christinens Vater eine überzeugende, rührende
1756 3005 1879 3073 griffe
1869 3047 2007 3108 Figur.
1749 3049 1870 3104 gen?
1942 3052 3164 3129 Der Schnitzler'schen Dichtung folgte noch die Farce „Militär¬
1761 3090 1866 3144 einen
1873 3105 3168 3163 fromm“ Es giebt wohl passendere Abschlüsse für einen Theaterabend,
1785 3125 1864 3174 der
1881 3155 2623 3218 den ein bedeutendes Werk eingeleitet hat.
1768 3167 1863 3213 ver¬
1760 3200 1869 3248 rung
1764 3239 1872 3292 diese
2331 3234 2694 3316 Literarisches.
1771 3280 1876 3338 setzt,
1926 3290 3180 3355 F. Josef Rüderer heißt ein neues, starkes novellistisches Talent, das
1790 3317 1885 3363 der
1780 3340 3169 3405 ind=sin der „Neuen deutschen Rundschau“, der im Verlage von S. Fischer
1774 3380 3167 3436 resselerscheinenden, vortrefflichen Monatsschrift, heraustritt. Rüderer schildert
1776 3418 3172 3467 Leli das Münchener Volksleben mit Vorliebe. Seine jüngste Novelle
1781 3459 3165 3520 igs=j. Linni's Beichtvater“ wird in Stoff und Ausführung strengen
1790 3489 3176 3538 B.Moralisten ein wenig leichtsinnig vorkommen, aber des Autors künstlerische
1778 3538 3171 3588 auf Darstellung ist voll echtesten Lebens und vom gesundesten Humor belebt.
1787 3576 3176 3625 und Die Skizze in ihrer knappen Kürze darf als ein Meisterwerkchen gelten.
1890 3610 3164 3666 Das Septemberheft der genannten Monatsschrift enthält auch sonst hoch¬
1768 3624 1879 3679 gro,
1773 3655 3168 3704 die bedeutende Beiträge von Prof. I. Platter, W. Bölsche, Max
1883 3679 3168 3735 Osborn u. s. w. Viel Interesse wird das Tagebuch des Afrikareisenden
1778 3697 1873 3742 ntes
1876 3728 3167 3769 [Hans Hirsch erregen, das Giesebrecht herausgiebt. Der Redacteur
1784 3734 1878 3781 ung
1889 3753 3176 3815 des Blattes, Dr. Oscar Bie, sagt in einem kurzen Artikel über den
1786 3773 1879 3819 apel
1883 3799 3182 3849 „Ring“ in Bayreuth mehr Beherzigenswekthes und Wahres, als ein
1782 3810 1884 3856 aus
1727 3834 3169 3892 Nonte=[Dutzend Cosima=Enthusiasten vom Schlage des Herrn Chamberlain,
1870 3867 3182 3927 lder u. A. Herrn Siegfried Wagrer für einen Dirigenten von uner¬
