3484 4256
260 149 672 219 Liebelei
804 156 1259 248 box 12/8
258 192 684 262 I  A 2 1.
810 646 1035 715 — —
1090 658 1475 770 SIE
517 638 1101 789 —
507 755 1409 842 GRÖSSTES OEUTSCHES ZEIIUNGS AUSSCMIDTT-BURO
477 799 1440 894 BERLIN SO 16, RUNGESTRASSE 22-24
478 951 1401 1073 Hamburger Fremdenblatt
1118 1048 1400 1129 VISET
642 1116 1239 1192 Ausschnitt aus der Nummer vom:
948 1169 1401 1275 1SMAlm
1107 1268 1178 1313 S
1596 1271 2545 1348 Schauspielkunst nicht unklug um eine ihrermeist be¬
1593 1320 2523 1383 rechtigten Hoffnungen! Noch ist die Erika Mein¬
611 1305 1579 1432 Theater, Kunft und Wissenschaft.
1589 1362 2536 1423 gast nicht „die“ große Künstlerin. Sie wird es,
1597 1399 2539 1448 wenn nicht alles täuscht, und vor allem, wenn
1591 1438 2542 1498 sie nicht verdorben wird, dereinst sein, vielleicht
1592 1488 2524 1530 schon bald. Noch aber ist sie es nicht ganz.
724 1456 1493 1544 Hamburger Kammerspiele.
1596 1509 2531 1560 Noch ist sie im Werden, Wachsen und Sich¬
749 1524 1454 1590 Arthur Schnitzler: „Liebelei“.
1602 1542 2546 1600 Entwickeln. Noch ist die Zeit der letzten Reife
711 1557 1576 1620 Ein kurzer glachender Lenztag mit früher
1602 1597 1943 1659 nicht gekommen.
637 1614 1551 1678 Dämmerung dund rasch hereinbrechender Nacht
1684 1604 2543 1677 Seid vorsichtig! Das Wichtigste und Wert¬
625 1651 1576 1710 das ist Schnitzsers „Liebelei“. Ein Wiener Werk,
1834 1661 2542 1729 schon vorhanden: das intuitive
1589 1667 1760 1733 vollste
636 1690 1573 1765 an dem ein Kondersamer, unendlich seiner Duft,
1593 1694 2544 1756 Schauen und Erfassen, die Gestaltungskraft aus
632 1726 1572 1791 aus unzähligen zarten Ingredienzien gemischt,
1588 1736 2546 1789 dem Innern und Innersien heraus. Aber im
643 1760 1580 1828 entströmt, nein, enthaucht. Eine Dichtung mit
1592 1769 2550 1844 Technischen weist sie noch Mängel und Lücken
634 1801 1586 1869 einer Stimmung, die wie ein Stück changieren¬
1606 1812 2555 1868 auf: ihr Organ bedarf größerer Modulation,
636 1836 1592 1900 der Seide ist: jeden Augenblick anders, mit
1592 1850 2544 1921 ihre Sprechtechnik letzter Durchseilung, ihr Tem¬
643 1884 1597 1937 stetig wechselnden Lichtern und Farbresiexen
1601 1883 2552 1937 perament noch strengerer Zügelung. Denn weil
640 1920 1591 1976 und unmerklichen Uebergängen von einem zum
1601 1935 2557 1977 sie so ganz aus dem Innern, so ganz aus sich
642 1960 1599 2006 anderen: Herüber= und Hinüberwechseln vom
1589 1960 2551 2021 selbst heraus spielt, nein, lebt und das Erlebte
642 1995 1591 2067 Leichten zum Schweren, vom Lachen zum Wei¬
1596 2006 2554 2068 gestaltet, geht ihr Temperament ab und zu mit
641 2029 1600 2102 nen, vom Lächelnd= Ironischen zum Düster¬
1605 2043 2558 2101 ihr durch und verdeckt das Temperament der
645 2064 1594 2145 Melancholischen, von lustiger Ausgelassenheit.
1599 2083 2070 2154 darzustellenden Figur.
646 2108 1600 2172 zum Tiestraurigsein. Leichtsinn und Schwermut
1675 2115 2404 2178 Wenn Mizi daß „süße Mädel“ ist,
652 2145 1601 2204 neben= und durcheinander: ein bißchen Lebens¬
1602 2160 2558 2229 die kleine Christine das bittersüße Mädel. Erika
645 2197 1608 2251 hunger und ein bißchen Lebensmüdigkeit in
1609 2195 2555 2258 Meingast gab sie hingebend und herb zugleich.
645 2238 806 2297 einem.
721 2250 2547 2317 Wie sehr diese Stimmung nicht bloße Zu¬ Aber manchmal — namentlich dem Vater gegen¬
1612 2275 2549 2341 über — war ihr Ton zu hart, zu abrupt, mit
654 2307 1605 2362 tat, sondern wesentlicher Bestandteil dieser Dich¬
1613 2314 2545 2377 einem Stich ins Bissig=Böse und Leicht=Brutale.
648 2334 1608 2408 tung ist, merkte man in der Aufführung, wo
1597 2357 2561 2411 Davon abgesehen jedoch, war sie... Halt, einen
654 2371 1598 2438 sie gelegentlich fehlte. Wie dürstig, nüchtern¬
1618 2394 2555 2448 Augenblick ... soll ich an Erika Meingast den
655 2420 1613 2479 trocken und ein wenig hanal ist ohne sie das
1610 2437 2427 2489 Maßstab legen, den man an eine gute Du
658 2453 1613 2509 Hin und Her der Zwiesprache! Wie leer und
1615 2474 2436 2533 schauspielerin legt, und sie, daran gemessen
650 2484 1604 2561 schleppend wirkten im ersten Akt die Vorgänge,
1611 2502 2570 2586 Superlativen des Lohes, wie man es tun
659 2527 1613 2590 wenn sie nicht in diese Stimmungsatmosphäre
1608 2544 2562 2607 müßte, überschütten? Nein. Erika Meingast
660 2565 1618 2631 eingebettet waren! Centa Bré, die eine
1616 2585 2574 2644 darf heute schon beanspruchen, mit den größten
919 2597 1617 2666 aber schon sehr mollige — Mizi
650 2618 850 2669 mollige
1614 2621 2563 2677 und kritischsten Maßstäben gemessen zu werden.
662 2639 1608 2708 auf zwei nicht übersehbare Beine stellte, be¬
1615 2674 2575 2722 So laßt uns sagen: Es gab Stellen, wo sie
662 2681 1611 2736 mühte sich mit aller Macht um diese Stimmung,
1621 2699 2577 2755 ein bißchen glanzlos war, wo ihr Können bis¬
657 2723 1618 2775 tat aber des Guten manchmal ein wenig zu
1619 2726 2584 2796 weilen leer lief, i## sie alle Kraft zu sammeln
665 2760 1620 2816 viel und lenkte die Aufmerksamkeit durch ein
1615 2781 2574 2858 schien für letzte Gefühlsintensitäten. Aber dann
689 2797 1621 2846 — an sich sehr vergnügliches — stummes Reben¬
668 2807 2575 2900 spiel von dem wichtigeren Partnerpaar ab. gab es wieder Stellen, viele und lange Stellen,
1606 2869 2569 2905 wo sie ergreifend und erschütternd wirkte, daß
660 2867 1616 2928 Franz Sondinger dagegen wollte das
1624 2900 2580 2972 es nur einen Ausdruck für ihr Können gab:
670 2893 1621 2970 Schwingende des unbezwinglich Liebenswürdi¬
660 2958 1788 3006 gen, Amüsanten und zugleich Weichherzig=Gut¬ Klasse!
1709 2963 2587 3030 Noch eines: Sorgt dafür, daß keine Ber¬
671 2992 1631 3045 mütigen, das der echt Schnitzlerschen Figur des
2081 3014 2168 3059 P###
661 3026 1609 3094 Theo eignet, nicht so recht gelingen. Sein Hu¬
1616 3022 2572 3095 liner, Münchener, Frankfun#er oder auch Darm¬
670 3055 2571 3124 mor ist um einen Grad zu trocken. Besser in die 1 städter Regisseurspürnase die Meingast eines
663 3086 2579 3152 Wiener Welt hatte sich Rudolf Fernau, ITages entdeckt, die Klasse in ihr wittert, denn
672 3142 1633 3192 der zwar wieder von Anfang an seine ent¬
1636 3128 2573 3190 sonst ist sie für uns verloren. Am Schluß lohnte
1631 3170 2592 3250 im gutbesuchten Haus starker Beifall die starke
672 3172 1628 3240 setzten und stets etwas verzweifelten Augen
665 3215 1623 3272 machte und gelegentlich arg ins Publikum
1629 3218 1847 3278 Leistung.
668 3264 1538 3315 spielte, eingelebt. Erich Ziegel als
1766 3241 2542 3337 Max Alexander Meumann.
675 3295 1612 3341 hörnter Ehemann: ehern, kalt lodernd, ein Gott
670 3318 1623 3382 der Rache im moderen Paletot. Paul Ma
680 3369 1617 3423 war als Vater Weiring von eindrieglicher
670 3410 1618 3468 Güte. Als Spielleiter hatte er schon Besseres
667 3451 866 3523 geleistet.
754 3465 1648 3547 Bleibt noch Erika Meingast! Seid
670 3521 1640 3574 vorsichtig, möchte man immerzu rufen, wenn
682 3556 1640 3613 ihr Name ausgesprochen wird! Seid vorsichtig,
674 3608 1639 3653 ihre Kunst ist ein so junges, empfindliches
685 3633 1641 3692 Wachstum, das behutsam gehegt und gepflegt
670 3660 1645 3720 werden will. Dosiert das Lob auf der Milli¬
689 3709 1640 3764 grammwage: Nicht zu wenig, nicht zu viel,
684 3742 1642 3809 denn beides ist in ihrem Stadium vom Uebel.
678 3778 1636 3852 Gebt diesem Wachstum zu wenig Sonne, und
683 3813 1644 3889 es findet vielleicht nicht die Kraft, sich zur vollen
685 3863 1638 3925 Höhe aufzurichten! Gebtihm zu viel Sonne, und
690 3901 1646 3962 es schießt vielleicht allzu übermütig ins Kraut!
683 3911 1679 4007 Seid vorsichtig und bringt die Hamburger
