3532 4224
420 124 776 198 Liebele
965 114 1379 225 box 11/2
249 115 846 244 5. 1
402 1062 588 1156 vem:
626 1053 1392 1169 Hieltz Bialner Anzeiger
581 1148 1335 1318 Theater und Kunst.
819 1324 1078 1386 Liebelei.
491 1344 1509 1450 Ein Schriftsteller verglich einmal Schnitzler's
396 1428 1538 1517 „Liebelei“lmit einer Symphonie. Der erste Akt gliche
391 1483 1503 1523 einem lustigen Marsch, in den ein paar drohend
393 1535 1511 1601 schwere Töne hineinklingen. Mit dem Erscheinen des
395 1574 1506 1651 beleidigten Gatten eine unübertrefflich wiedergegebene
398 1605 1509 1681 schwüle Stille, hernach gepreßte Heiterkeit. Der zweite
405 1661 1503 1722 Akt eine Idylle mit scherzhaften schwermütigen Inter¬
403 1722 1503 1793 vallen, der Schlußakt der flammendsten Liebesleiden¬
389 1763 739 1838 schaft gewidmet.
489 1809 1505 1894 Anläßlich der am Sonntag stattgefundenen Auf¬
396 1865 1493 1936 führung des Werkes in unserem Theater konnten wir
389 1920 1507 1963 wiederum Elsa Galafres in einer Glanzrolle bewundern
388 1972 1507 2028 und hatten Gelegenheit in Mitgliedern des Mähr.=
390 2012 1493 2058 Ostrauer Stadttheaters fast durchwegs tüchtige Kräfte
381 2064 1506 2110 kennen zu lernen. Frau Galafres verlieh der armen
396 2103 1502 2187 Christine überzeugende, warme Töne, sowie eine ins
381 2151 1506 2247 Detail gehende Darstellung, welche von ihrer großen
387 2213 1499 2270 zu Herzen gehenden Kunst belebt war, und die Gemüter
387 2263 1497 2316 besonders im letzten Akte in Bann schlug. Der Aus¬
386 2302 1502 2378 druck des Schmerzes über das verlorene Liebesglück,
381 2354 1497 2440 war derart erschütternd, daß wenig Augen tränenleer
398 2414 1494 2470 blieben. Aus dem Ostrauer Ensemble ragte insbesonders
395 2455 1503 2540 Frl. Sinek hervor, welche den Bielitzern von ihrem
396 2512 1497 2562 seinerzeitigen hiesigen Engagement, noch in bester Er¬
394 2550 1512 2629 innerung steht. Sie gab die Mizi Schlager ganz im
386 2608 1499 2680 Genre der waschechten Wienerin, leichtlebig, lustig, tem¬
386 2657 1490 2708 peramentvoll und doch voller Güte und herzlicher Teil¬
380 2709 1498 2762 nahme an den traurigen Begebenheiten im Leben. Als
382 2751 1490 2818 äußerst sympathische Darsteller erwiesen sich Herr
366 2802 1500 2884 Sonnenthal (Kaiser) und Herr Direktor Popp
351 2876 1495 2974 als Hans Weyring. Herr Morelli (Fritz Lobheimer)
396 2950 1491 3010 war stellenweise zu undeutlich, führte aber seine Rolle
391 2994 1477 3061 sonst in geschmackvoller Weise durch. Sehr charakte¬
384 3044 1496 3137 ristisch zeichnete Emma Schubert die „spitzige" Frau
385 3099 1489 3184 Binder, vorzüglich wur Herr Direktor Rübsam als
386 3140 1486 3216 „Herr“. Im zweiten Teil des Abends zeigte sich Elsa
394 3186 1498 3248 Galafres als anmmige Vortragskünstlerin, die den
389 3248 1498 3329 rauschenden Beifall des ausverkauften Hauses im
1344 3287 1444 3354 Gl.
375 3300 904 3397 vollsten Maße verdiente.
1052 3330 1475 3418 „„„ „ 00¼
495 3353 696 3409 —
1977 411 3049 510 Genk, Kopenhagen, London, Madrid, Mailand, Minncapolis,
1975 477 3058 584 New-Vork, Paris, Rom, San Francisco, Stockholm, St. Peters¬
2380 532 2658 592 burg, Toronto.
2281 567 2765 648 (Quellenangabe ohne Gewähr.)
1980 624 3042 735 Ausschnitt ssches Tagblatt, Aussig Böhmen
2003 728 2257 850 vom:—
2987 807 3090 926 5
2216 977 2841 1075 Töplitzer Stadttheater.
2184 1066 3069 1163 „Liebelei“ ein Schauspiel in drei
2014 1086 3039 1214 Akten. Gastspiel der k. u. k. Hofschauspielerin¬
1996 1151 3037 1257 Karoline Frank=Medelsky und des k. u.
1992 1191 3044 1305 k. Hofburgschauspielers Eugen Frank. Eritz
1996 1241 3038 1346 Lobheimer, ein Student, hat mit einer ver¬
1988 1295 3034 1399 heirateten Frau ein ernstes Verhältnis. Das
1993 1343 3036 1447 nimmt sein Gefühlsleben so in Anspruch, daß
1982 1391 3039 1502 sein Freund Theodor Kaiser auf Mittel be¬
1986 1434 3024 1553 dacht ist, Fritz abzulenken. Theodor hat ei¬
1984 1485 3021 1588 ne Freundin, Mizi Schlager, den Typus ei¬
1983 1537 3020 1648 nes echten Weaner Madels und veranlaßt
1979 1581 3029 1700 sie, Christine Weising mit Fritz betannt zu.
1973 1627 3023 1733 machen. Er glaubt, daß Christine ebenso.
1970 1681 3020 1792 leichten Gemütes wie Mizi sei, die im Mai
1968 1733 3014 1837 nicht daran denken mag, ob man sich im
1959 1761 3005 1875 August noch lieben wird; aber Christine ist
1960 1830 3020 1943 eine sinnige, ernsthafte Natur, sie gewinnt
1958 1885 2992 1995 Fritz lieb, so lieb, daß sie für ihn ihr Le¬
1961 1924 3003 2028 ben lassen möchte. Mizi und Theodor ver¬
1948 1974 3010 2089 stehen das nicht. Fritz hat eine Ahnung von
1951 2029 2994 2123 dem Seelenzustand des Mädchens und wenn
1942 2081 2998 2189 die Andere nicht wäre, hier könnteer vielleicht
1946 2120 2991 2238 das stille, innige Glück finden, das er so.
1935 2167 2993 2278 sehr braucht. Der Eheman hat sein Ver¬
1943 2219 2984 2323 hältnis zur Frau entdeckt und es kommt zu
1938 2274 2979 2374 einem Duell. Fritz hat Todesahnungen. Er¬
1929 2309 2982 2430 sucht Christine noch einmal abends in ihrer
1922 2364 2968 2480 Wohnung auf. Er genießt ein Stündchen
1923 2398 2977 2538 des ersehnten, stillen Glückes, dann nimmt
1931 2463 2964 2567 er Abschied, Christine darauf vorbereitend
1920 2506 2972 2638 daß er einer Reise wegen mehrere Tage
1917 2540 2965 2676 fern sein wird. Die Tage vergehen. Chri¬
1922 2614 2964 2723 stine hat ihrem Vater alles gesagt und der
1915 2663 2975 2777 tiebe alte Mann versteht sein Kind. Er zieht
1909 2722 2975 2821 Erkundigungen ein und erfährt von dem
2108 2780 2721 2863 „ 107 — 10 Juli 1900
1987 2834 3042 2957 Duell und daß Fritz gefallen sei. Er will
1976 2896 3029 3027 es Christine schonend beibringen. Unruhig
1970 2947 3022 3068 geworden, springt das Mädchen auf und will
1975 2997 3009 3116 fort, um sich Gewißheit zu verschaffen. Da¬
1969 3036 3014 3183 treten ihr Theodor und Mizi entgegen und
1963 3079 2988 3215 teiten ihr mit, daß Fritz gefallen sei. Ja,
1955 3123 3003 3267 wie denn gefallen? Im Duell! Im Duell?
1958 3177 3012 3316 Und für wen? Für eine Frau! Für eine
1945 3234 2989 3357 Frau ist er in den Tod gegangen, für eine
1943 3292 2989 3432 Gran die er gesltebt und ste, Christing, wag
1951 3324 2946 3450 ist denn sie und was ist sie ihm gewesen? —
1950 3375 2988 3507 Von ihr hat er Abschied genommen und
1942 3427 2978 3548 hann ist er hingegangen und hat sich für
1932 3474 2975 3616 eine Andere totschießen lassen. Ja, wußte
1933 3528 2961 3651 er denn gar nicht, was sie ihm gewesen? Und
1928 3563 2967 3691 begraben haben sie ihn, ohne d sie dabei
1920 3624 2965 3745 war? Fremde Menschen durften dabei sein
1919 3664 2962 3799 und sie nicht? Sie nimmt hastig ein Tuch
1911 3721 2948 3848 tim und will fort zu seinem Grabe. „Geh'
1903 3769 2946 3895 nicht hin!“ sagt Mizi, „vielleicht findest du
1897 3807 2317 3895 die Andere dort
2364 3851 2944 3941 beten!“ Mit starrem
1897 3861 2943 3993 Blick antwortet Christine: „Ich will dort
1896 3901 2207 3986 nicht beten
2485 3951 2958 4042 nein!“ und stürzt
1883 3948 2739 4070 fort. Der alte Vater fintt am
1891 4015 2951 4105 schruchzend zu Boden und jam
1874 4048 2068 4121 wvill (
