3436 4224
434 181 826 256 Liebelei
977 181 1404 273 box 10/3
263 177 860 301 5. Sennnus
696 427 867 527 3 3
349 540 1456 640 Max Karfunkel's Nachrichten-Bureau „Argus“
427 607 1414 709 Berlin C., Poststrasse 29. Telephon V, 1227.
1204 669 1387 758 Paris.
448 687 1113 761 London. New-York.
370 744 1502 818 (Liest alle Zeitungen der Weit und liefert aus denselben
561 799 1266 857 Ausschnitte über jeden Gegenstand.)
714 938 1157 1042 Bonner Zeitung.
786 1409 1113 1510 16FEB.96
1195 1481 1248 1538 S
388 1499 624 1563 nachen ).
794 1499 1504 1588 Seschaste.“ Im „Deutschen¬
377 1520 1492 1633 Theater“ fand des Wiener Dichters Arthur
381 1611 1483 1679 Schnitzler Schauspiel „Liebelei“ eine sehr freund¬
389 1647 1497 1752 liche Aufnahme. Es ist viel Stimmung und wenig
386 1697 1484 1788 Handlung in diesem Stück aus dem Wiener Leben.
380 1742 1477 1827 Wenn aber die „Heldin“ des Schauspiels, ein armes
386 1787 1505 1882 Bürgermädchen, dem das Liebeist, was seinem?
372 1842 1416 1927 treichen Liebhaber nur Liebelei, so innig
368 1886 1442 1988 frühren weiß, so mag sich Herr Schnitzler bei Fr“
376 1947 1385 2043 Sorma bedanken, dieser poesievollsten aller Ber'
363 1974 748 2079 Darstellerinnen.
2118 1696 2741 1920 Mriter Eirntalifte
2583 1914 2695 1963 S
2382 1902 2531 1977 Vor—
2226 1950 2695 2053 —Eugen Zabel
2755 1990 3053 2090 19, Februar.
1767 2065 3083 2128 Shakespeares „Richard“ im Königlichen Schauspielhaus. — „Liebelei“ von
1775 2122 3078 2176 Arthur Schnitzler im Deutschen Theater. — Feydeaus „Hotel zum Freihafen“
1769 2159 3087 2232 im Residenz=Theater. — Hedwig Niemann als Madame Sans=Gene. — „Der
1964 2205 2913 2252 Thron seiner Väter“ von Zobeltitz im Lessing=Theater.
1878 2246 3091 2303 Der Gedanke, die englischen Historien Shake¬
1765 2292 3081 2360 speares auf die Bühne zu bringen und sich von dem größten
1766 2334 3092 2404 Meister der dramatischen Kunst die wechselvollsten Schicksale der
3095 2347 3135 2404 1
1771 2386 3087 2429 Häuser York und Lancaster erzählen zu lassen, wurde zuerst von
3092 2391 3147 2436 11
1778 2423 3150 2485 Dingelstedt in Weimar mit Begeisterung erfaßt und zur E
1763 2478 2889 2533 Ausführung gebracht. Mit steigender Bewunderung
1762 2521 2850 2572 die Zuhörer damals, wie die acht Dramen Shakes
1768 2564 2851 2608 Richard II. bis zum Tode Richard III. aufs Innigste
1776 2602 2875 2660 gehören und mit einander verkettet sind. Sie bilden se
1767 2642 2931 2695 ein einziges dramatisches Gedicht, in dem sich die ewigen
1763 2694 3034 2778 von Schuld und Sühne an drei Geschlechtern verkörpern.
3109 1821 3197 1877 hat,
