3436 4320
442 202 805 270 Liebelei
957 194 1393 289 box 12/6
266 199 941 307 5. Jhennnnnns
1237 940 1538 1023 -6TEB 1916
532 1078 1532 1181 Reichenberger deutsche Volkszeitung
731 1153 1331 1241 Reichenberg, Böhmen
566 1195 821 1266 —
910 1245 1182 1328 Theater.
671 1291 1543 1381 Jüngst Ibsen — jetzt Schnitzler.
523 1346 1570 1426 Der stets unburmherzige Kritiker desnrmner
527 1395 1559 1483 Tagblatt“, der bekanntlich unlängst Ibsen ganz
1467 1450 1561 1510 sich
535 1452 1447 1526 totschrieb, wütet weiter. Diesmal borgt er
539 1488 1567 1577 Arthur Schnitzler und dessen „Liebelei“ sol¬
543 1532 1561 1614 gend aus: „Am gestrigen Abend ging eine hyper¬
525 1584 1552 1676 sentimentale Komödie „Liebelei“ in Szene. Tie¬
521 1663 970 1735 E W
541 1712 1586 1772 ses von dem — bekannten A. Schnitzler auf
532 1764 1576 1836 drei Akte hinausgedehnte Gejammer einer ver¬
536 1813 1575 1878 schmähren Gliebten ist bekann lich ein neueres
547 1864 1574 1911 Zugstück des lterarisch herabgekommenen Wiener
540 1901 1580 1954 Burgtheaters, es ist also wieder ein berühmtes
531 1936 1584 2001 Muster, das den geduldigen Klagenfurtern nicht
533 1990 1579 2058 vorenthalten werden darf. Schon im ersten Akt
535 2036 1566 2099 merkt man ihm an, wie überdrüssig er ihrer ist.
536 2068 1570 2137 Im zweiten Akt quälen sie sich gegenseitig und
528 2117 1563 2190 die P. T. Zuhörerschaft mit der endlosen Fort¬
540 2160 1575 2230 setzung ihres Zwiegesprächs. Bei demselben wirft
539 2208 1570 2277 sie sich ihm noch ein parmal an den Hals,
531 2253 1566 2306 und er will nicht verraten, wer und was er
536 2290 1572 2362 eigentlich ist; am wenigsten, daß er vor dem
527 2333 796 2398 Duell steht
854 2342 1571 2403 wegen einer anderen! Erst der
521 2390 1567 2447 dritte Akt, wo er von dem betrogenen Gatten
529 2426 1571 2493 der letzteren schon erschossen ist, bietet einige
527 2472 1570 2534 Abwechslung, denn es tritt außer einer biederen
521 2507 1565 2580 Frau Nachbarin der wo möglich noch sen imen¬
521 2561 1559 2627 talere Vater der Unglücklichen auf. Er will sie
524 2606 1559 2669 trösten, das gelingt ihm aber nicht; denn nach
519 2648 1558 2714 der großen Rührszene geht sie ins Wasser. Ein
520 2696 1558 2752 anderes lebenslustiges Pärchen bildet gleichsam
518 2736 1559 2810 das Gegenstück; und sie vermitteln einigermaßen
518 2777 1555 2822 den Gang der für die Nichtbeteiligten ganz be¬
519 2815 1559 2885 langlosen „Handlung des Stückes“. Es ist wirk¬
519 2859 1566 2934 lich merkwürdig, daß derlei Dichter nicht merlen,
525 2921 1558 2975 auf welche Stufe von Wertlosigkeit ihr ver¬
514 2952 1550 3020 dorbener Geschmack schon hezabgesunken ist.
522 2992 1547 3064 Schade um unsere ganz trefflichen Sch uspiele¬
518 3039 1546 3098 rinnen und Schauspieler, die ihr zu Besserem
522 3090 1550 3156 geborenes Talent an solche grundsatzlo,e Nich¬
514 3137 1552 3193 tigkeiten vergeuden müssen.“ — Was würde der
514 3178 1566 3248 gestrenge Richter erst zu Saßmann und seinem
509 3212 891 3295 „Retter“ sagen?!
2149 696 2938 780 (Quellenangabe ohne Gewähr.) 12TIR 19“6
1885 761 3001 907 Ausschnittriisso Stimmen, Klagonfurt
1891 874 2098 940 vom: „
2092 904 2308 985 Aal
2069 999 2768 1106 Runft und Titeratur.
2106 1111 2758 1176 Jubiläums=Stadttheater.
1913 1168 2956 1245 „Liebelei“ Komödie in 3 Akten von
2193 1217 2668 1295 Artur Schnitzler.
1949 1265 2980 1369 Nach ziemlich langer Pause wurdergestern-wie¬
1909 1341 2977 1423 der einmal Schnitzlers „Liebelei“ aufgeführt.
1856 1489 2913 1543 In keinem seiner vielen Bühnenwerke ist der
1863 1542 2922 1593 uns im Fühlen und Denken sonst so wesensfremde
1869 1583 2917 1649 Dichter=Aesthet dem wirklichen Leben so nahe ge¬
1859 1628 2909 1682 kommen, als in dieser schlicht=ergreifenden Tra¬
1862 1692 2969 1747 gödie des Wiener „süßen Mädels“, welche im —
1875 1710 2920 1790 Verlaufe zweier Jahrzehnte von ihrer starken
1871 1778 2919 1836 Theaterwirkung nichts eingebüßt hat. Wenn
1860 1824 2915 1882 diese Wirkung gestern sich etwas weniger tief
1861 1888 2922 1938 äußerte, so lag dies nur an der Fehlbesetzung
1864 1924 2929 1980 der Rolle der Christine, welche der reifen Weib¬
1864 1974 2915 2039 lichkeit des Fräuleins Norden so ganz und
1862 2024 2923 2086 gar nicht liegt. Das liebe, halbflügge, unerfah¬
1863 2073 2925 2128 rene Kind aus dem Dachstübchen, das den ersten
1869 2125 2915 2176 scheuen Flug in der Liebe Wunderland so un¬
1867 2177 2869 2234 säglich hart und bitter büßen muß, verträgt
1866 2235 2913 2285 von Aeußerlichkeiten und der mangelnden Be¬
1869 2272 2923 2324 herrschung des Wiener Dialektes ganz abgesehen
1932 2320 2918 2387 keine tragödienhafte Aufmachung, je einfacher
1870 2371 2923 2428 und natürlicher, je weniger „heldinnenhaft“ diese
1867 2426 2921 2483 arme, herzensreine kleine Dulderin dargestellt
1876 2468 2926 2523 wird, desto unbeabsichtigt=rührender, desto mensch¬
1875 2516 2928 2574 lichergreifender wird die anmutige Gestalt auch
1875 2567 2929 2641 im Spiegel der Bühne erscheinen. Grellere Far¬
1866 2619 2924 2683 ben — um mich bildlich auszudrücken — verträgt
1866 2668 2926 2728 die Christine nun einmal nicht, diese können aber bei
1866 2710 2914 2786 Oderen Gegenstücke, der leichtfertig=munteren Mizzi
1878 2766 2921 2830 Schlager, aufgetragen werden, was Frl. Markl
1868 2809 2931 2878 denn auch mit viel Geschick zu besorgen wußte.
1871 2863 2927 2922 Als Gegensätze in der schweren und leichten Auf¬
1869 2921 2930 2973 fassung des Lebens sind — gleich wie die beiden
1869 2958 2919 3027 Wiener „süßen Mädeln“, auch die zwei jun¬
1862 3001 2932 3077 gen Lebemänner Fritz und Theodor gedacht, was
1863 3062 2922 3120 von den Herren Grieg und Keilholz gut
1871 3110 2927 3172 auseinandergehalten und überaus glücklich zum
1872 3154 2933 3224 Ausdruck gebracht wurde. Mit dem gütigen Mu¬
1874 3204 2922 3259 sikus und unglücklichen Vater Weiring, der so
1874 3255 2922 3320 „Herne ein bißchen Sonnenschein ins Herz seines
1877 3320 2929 3369 vereinsamten, freudlosen Kindes fallen sehen
1880 3352 2931 3405 möchte, schuf Herr Schneider wieder eine Type
1875 3401 2925 3461 von packender Wahrhaftigkeit und auch Frau Fa¬
1876 3450 2922 3501 bro (Frau Binder) und die Spielleitung ver¬
1872 3500 2655 3573 dienen lobend erwähnt zu werden.
