3532 4256
911 141 1382 231 box 12/6
428 151 788 222 Liebelei
243 153 880 261 5. Slenenennng
910 951 1426 1016 (Quellenangabe ohne Gewähr.)
689 970 1753 1096 Ausschnitt ans Landes Zeitung
1140 1050 1503 1158 Mannheim
704 1097 1099 1218 vom: 20
1016 1229 1490 1360 Feuilleion.
798 1366 1733 1475 Frankfurter Gastspiele in Heidelberg.
1174 1436 1796 1523 Heidelberg, 22. Juli1916.
792 1485 1826 1568 Die Sommertruppe des Neuen Theaters aus
778 1555 1821 1606 ankfurt am Main hat unter Leitung von Ober¬
815 1596 1818 1647 eur Edmund Heding kürzlich wieder zwei Gast¬
816 1638 1835 1687 im Heidelberger Stabttheater veranstaltet. Das erste
1524 1665 1830 1721 e Liebelin¬
831 1673 1492 1737 einen unsäglich faden Schwank „D
1182 1708 1833 1760 nhalt Rückschlüsse auf die Person
841 1711 1041 1770 der, wenn
1224 1757 1827 1798 von einem dalmatinischen Ter¬
703 1738 1022 1820 des Autors gest
1214 1786 1829 1837 würde. Von den Darstellern hat
821 1800 1010 1853 ekulanten
1218 1824 1812 1880 Olga Fuchs, die als Berline
830 1840 988 1889 er die un
1205 1869 1828 1924 schen Familiennamen Mannheimer
837 1876 1000 1929 en mit de
1184 1904 1833 1958 aut Autor unbegrenzten Möglich¬
890 1915 1005 1963 k. 9
1149 1946 1835 2002 otelgründungen auf kühne Abenteuer
856 1953 1046 2012 ür Liebe 1
810 1994 1832 2046 eht, als vielmehr Herr Marowski als Hochstabler
777 2035 1832 2092 anien und Herr Schwartze als daherredender Wiener
798 2075 1036 2130 at gefallen.
818 2098 1842 2159 Viel größeres Interesse ist beim Publikum, das trotz
734 2139 1840 2199 es untadelhaft schönen Sommerabends in starker Zahl er¬
1525 2180 1837 2230 Darbietung der¬
1245 2184 1461 2240 ine literarise
785 2194 1176 2244 enen war, am Freita
1561 2222 1829 2274 bele i“. Sie
795 2230 1093 2286 Truppe beg
1246 2253 1834 2317 ellung der Thristine von Ma¬
802 2272 1080 2328 ente es durch
1230 2306 1838 2360 feinfühlige Kunst hier vor Eini¬
804 2312 1108 2368 Leiko, auf
816 2343 1833 2407 Wochen nachdrücklich hinewiesen worden ist. In den
805 2386 1833 2443 n ersten Akten litt ihr Spel merklich unter ihrem
813 2423 1829 2489 nspieler (als Fritz), der mit einem heute nur mehr
801 2470 1831 2520 n anzutreffenden Grad von Unzulänglichkeit an seiner
971 2502 1830 2560 d seiner Rolle vorbeispielte. Ein Duett in dem
979 2541 1845 2596 nstant detoniert, kann der schönste Sopran
971 2581 1839 2631 Immerhin muß auch unter günstigeren Be¬
957 2628 1842 2673 m bei der Grundstimmung im Wesen der Leiko,
1589 2658 1846 2716 Sprachmelodie
970 2664 1393 2723 hschon durch die ostse
1562 2698 1838 2756 hicksal von khr
971 2704 1423 2755 ist. das kleine Wiener
1541 2734 1826 2792 lisch andere At¬
966 2741 1400 2800 iben; es ist nicht bloß
1548 2772 1837 2842 nbre garnie der
942 2786 1433 2838 us der ihre Christine in bi
784 2814 1842 2884 gen Leute hineingers, Dafür wird die viel größere
713 2865 1831 2918 Tragödie eines getretenen Menschenlebens mit einer alten
702 2908 1844 2964 erlebtea Gewalt offenbar im drikten Akt, der in der Dich¬
699 2929 1846 2999 tung fast ein einziger großer Monolog Thristines ist:
712 2974 1844 3037 er wird bei ihr eine Symphonie von Weh und von Leid,
704 3017 1821 3080 die doch nirgendwann in Wehleid zusammenfließen. Sei
704 3056 1845 3111 den frühen Tagen der Sorma hat keine Christine mehr
710 3098 1845 3160 mehr so erschüttert. Und selbst die ihrige (die immer noch
705 3132 1856 3200 wienerisch zu erscheinen sich bemühte, ohne es andererseits
707 3173 1851 3223 recht sein zu können) blieb zahm gegen diese. An eine be¬
721 3210 1849 3284 trächtliche Wandlungsfähigkeit der Leiko glaube ich nicht
715 3239 1888 3336 und doch on ihre stärkste Berufupck zzu tragischem Wirken,
2387 1181 2982 1261 hr herbe Persönlichkeit in Be¬
1836 1195 2223 1252 wo immer es geling
1843 1232 2217 1293 ziehung zum Kunstn
2551 1245 2983 1318 en taktvoll und tüch¬
1943 1275 2198 1328 Die meisten
2565 1301 2963 1356 ückhaltender Weiring,
2000 1315 2204 1366 Schwar
1840 1295 1940 1367 tig
2586 1343 2940 1405 obor, Fräulein Ja
1840 1352 2236 1411 Herr Marowsri
2581 1386 2927 1441 als etwas gezwur
1842 1394 2294 1447 cobi (vom Frankfurter
2558 1423 2986 1496 ende, aber bewegliche
2160 1426 2368 1486 zu bürger
1845 1432 2075 1491 gen lustige
1841 1467 2726 1545 Mizzi Schlager, Herr Heding als der Herr.
2371 1484 2903 1578 Dr. Ernst Leopeld Mahl
