3484 4128
136 163 248 247 5
805 131 1261 236 box 13/3
317 144 686 227 iebelei
253 171 688 271 Liesezel
337 919 516 1006 —
1502 1028 2669 1080 Bresche, ohne den Ehrgeiz, ohne die Absicht, bahnbrechend zu
2655 1030 3328 1090 war, ferner welche Elementarkraft
334 1028 1502 1102 Gewalt des dramatischen Geschehens. Man wurde erschüttert
1498 1074 2672 1146 wirken. Etwas mag dem Wienertum im Burgtheater hinder¬
2653 1073 3341 1142 und für sich enthält. Die Christine
330 1077 1501 1141 von der musikalischen Seele dieser Wiener=Stadt, die in
1506 1122 2658 1185 lich gewesen sein. Eine Zurückhaltung, in der sich die erste
2657 1122 3341 1189 aufführung Adele Sandrock gespiel
329 1118 1508 1178 Christine Weyring eines ihrer holdesten und rührendsten
1506 1170 2669 1226 deutsche Bühne der eigenen Stadt gegenüber gefiel. Warum?
2650 1163 3346 1247 ordentlichem Format. Nicht mehr
322 1177 1508 1245 Lieder sang. Eine kurze, doch zur Unsterblichkeit bestimmte
1498 1216 2661 1276 Fehlte die entsprechende dramatische Produktion? War die
2656 1214 3318 1279 hübsch, nicht mädchenhaft und
331 1218 1503 1293 Ballade bekam man zu hören. Einem künstlerischen Ereignis
1501 1262 2660 1318 Erwähnung Wiens und Wiener Straßen nur Personen ge¬
2666 1265 3344 1322 wirklich alles andere als wienerisch
327 1274 821 1348 durfte man Zeuge sein.
1504 1308 2656 1364 stattet, die historische Kostüme trugen? Ungeschriebenes Ge¬
2659 1311 3329 1367 Rolle zum Sieg. Sie gab in der
435 1297 1509 1374 Ach, was sind Worte! Jetzt, da sie dort oben auf der
1516 1356 2660 1416 setz, aber doch Gesetz, das kaum je eine Ausnahme erlaubte.
2661 1341 3346 1417 großen Tragödinnen jener Epoche
325 1347 1504 1425 Bühne denselben Dialog reden, den die paar Freunde damals
1490 1395 2661 1464 Ich habe es nie begriffen, stand von meinen Anfängen an zu
2656 1390 3344 1465 durchwühltes Frauenherz. Die Medel
334 1409 1505 1484 zuerst aus dem Mund des Dichters vernommen, jetzt, da sie
1510 1443 2666 1508 fest auf neuem Boden, um derlei zu verstehen. So war mir
2654 1449 3339 1517 brachte die Süße der Einfachen, die
332 1450 1504 1529 hier in der Josefstadt vom alten Weyring sagen, er sei
1503 1479 2655 1549 auch Direktor Burckhard rätselhaft, der eines Nachts mit mir
2663 1484 3340 1555 zuletzt, und das war hinreißend, wi
327 1491 1509 1562 „Geiger im Josefstädter Theater“, jetzt besinnt man sich nicht
1500 1543 2656 1597 spazieren ging und die bevorstehende Premiere der „Liebelei“.
2656 1531 3352 1608 taren Gewalt ihres Tragödinn
326 1548 1505 1603 bloß des Wandels der Zeiten, die inzwischen verflossen, be¬
1506 1585 2654 1652 sehr erregt besprach. „Ich führ's auf, das Schtück!“ rief er
2663 1575 3355 1658 Tragödin. Ich will durchaus nicht
324 1589 1507 1644 sinnt sich auch, wie sehr die enthusiastische Botschaft der
1500 1620 2667 1699 immer wieder. „Ich führ's auf, und wrenn ich mir glei' damit
2647 1614 3350 1697 ihre wunderbare Leistung sagen, wi
324 1638 1506 1720 Freunde damals bagatellisiert wurde. „Eben Freunde! Naja !
2249 1666 2657 1744 ich kann mir net
1495 1671 2209 1735 das G'nack brech', ich führ's auf —
2658 1663 3327 1745 die Christine von Paula Wessely
340 1681 1507 1749 Clique! Man kennt das ja !“ Jahrzehnte müssen hingehen,
1493 1712 2660 1777 helfen!“ Warum soche Newosität? Was sollte denn
2661 1721 3339 1792 der wienerischen Mödchengestall be
328 1740 1503 1798 ein Werk muß so frisch, so blühend, so voll tiefen Erschütterns
1494 1774 2657 1835 passieren? Es war ein bedeutendes Kunstwerk, das mußte
2660 1758 3352 1829 die Rolle der Christine nicht zwei #
334 1777 1509 1840 immer noch wirken wie „Liebelei“, muß die unverwüstlichen,
1508 1810 2656 1881 doch espielt werden. Na also! Ich verstand ihn nicht. Er
2643 1812 3343 1877 und einen tief tragischen. Erst durch
335 1832 1503 1891 heiligen Jugendzeichen künftiger, nicht zu brechender Dramen¬
1507 1849 2660 1929 hat sich denn auch keineswegs das „G'nack“ gebrochen.
2650 1857 3353 1929 ganzes, unteilbares Geschöpf, naturh
331 1866 1510 1944 wirkung an der Stirn tragen wie dieses Gedicht, damit die
1497 1911 2664 1967 1 „Liebelei“ wurde ein großer Erfolg und blieb eine rühmliche
2660 1917 3352 1973 Vergleich nicht zu abgebraucht wär
335 1919 1506 1982 Leute endlich verstehen, warum gerade diese Menschen dieses
1506 1953 2665 2021 Tat der Direktion Burckhard. Eine Entdecker=Tat. Das soll
2656 1948 3326 2017 zu Herzen und zu den Sinnen
327 1964 1506 2031 einen einzigartigen Menschen Freunde waren. Im übrigen
1492 1997 2659 2069 ihm unvergessen sein. Erst später, unter Schlenther, der den
2647 2003 3354 2079 Wessely ist das Schicksal der Chris
337 2012 1501 2079 aber: wenn sie's nicht verstehen und nie verstehen wollen,
1500 2040 2656 2111 von Alfred Berger mit starkem, nachhaltigen Erfolg gespielten
2651 2052 3351 2112 fachen beinahe alltäglich. Sie hebt
320 2060 845 2142 was liegt schon daran?
1499 2083 2662 2163 Medardus“ zurückgewiesen hatte, lernte man daß es auch
2641 2102 3351 2165 ins Ungewöhnliche, und das eben
425 2087 1499 2166 „Liebelei“ war eines der ersten ernsthaften Theater¬
1498 2124 2661 2199 Direktoren gab, die ihr „G'nack“ selbst dann schonten, wenn
2657 2140 3353 2200 Herrliche. Ein Mädchen gibt sie, w#
330 2158 1497 2218 stücke, war an der Burg jedenfalls das erste Stück, darin
1512 2180 2264 2250 sie es gar nicht zu riskieren brauchten.
2652 2178 3340 2252 umhergegangen sind, umhergehen
338 2193 1509 2257 moderne Figuren von Wiener Straßen, vom Kahlenberg
2647 2235 3320 2302 Sie leidet, was tausende vor
1579 2227 2652 2305 Jetzt, da die Christine eigentlich zum erstenmal nach
335 2231 1510 2310 sprachen, sprechen durften. Auch das fällt einem ein, indessen
2653 2271 3345 2345 nach ihr leiden werden. Ernsthaf
1495 2278 2662 2347 langer Zeit, also zum erstenmal seit der jungen Medelsky,
344 2282 1508 2360 die Feier dieser Dichtung angeht. Man denkt der breiten
2655 2317 3354 2385 Schlager=Mizzi, nicht zu irgendeinen
1494 2330 2646 2410 von einem repräseniativen Wiener Mädel verkörpert wird,
336 2338 1504 2398 Bresche, die „Liebelei“ geschlagen hat, im Burgtheater, im
2643 2380 3347 2438 geschaffen, sondern wirklich und ernst
1495 2381 2651 2440 hat man freilich sehr post kestum einen Begriff wie fremd
339 2381 1506 2448 Wiener Theater, soweit nicht das Volksstück in Frage
330 2404 3360 2514 kommt, in der ganzen dramatischen Wiener Literatur. das Burgthealerpublikum seinerzeit dem wienerischen Mädel wie die Schlager=Mizzi nach ihrer
2641 2534 3345 2608 Art ein Typus, ist diese Christine ty
2637 2581 3359 2648 dem Schubert= und Lanner=Musik in
2630 2609 3353 2700 Klärchen in jede andere Landschaft ü
2640 2677 3367 2763 erst die Wessely völlig klar, was der
2639 2719 3361 2806 heißt, sie bringt es schauspielerisch zu
2642 2764 3365 2845 Ausdruck, jedenfalls zum deutlichsten
2641 2824 3349 2891 sie keineswegs aufs Stichwort tragisc
2635 2867 3350 2938 überrumpeln, mit hinlänglicher Dyn
2627 2917 3361 2984 dings unfehlbar das Publikum. Christ
2628 2961 3358 3030 von Hoffen und Zagen, von Freude un
2622 3005 3371 3072 und halbem Verzichten zuckenden Kan
2627 3056 3331 3118 in einem Kampf gegen Fritz, mit Fi
2628 3087 3361 3178 und will es doch nicht wissen: ihr Gl
2629 3142 3359 3222 ist entschlossen, das zu dulden, sich sp
2629 3197 3363 3279 einer Form, die sie kaum noch kenn
2625 3245 3355 3317 ahnt, mit solchem Schluß abzufinden.
2628 3298 3369 3365 tot ist, begraben, um eine andere
2630 3331 3337 3395 sie mitten aus ihrer Daseinsfülle,
2630 3377 3352 3443 Wellengang ihrer stürmischen Gefühle
2624 3430 3328 3499 die Vernichtung. So blitzschnell, so
2619 3467 3345 3550 keine Zeit bleibt, vorher tragödienha
2617 3509 3359 3600 Und hier ist das Erschütternde an der #
2629 3573 3366 3640 wegs als eine Tragödin in den Tod de
2625 3620 3363 3695 bühne weg, sondern als eine Verzwei
2618 3654 3359 3740 echte Mädchennatur, der das Herz w
2631 3702 3349 3787 Stücke bricht, wie das täglich so und so
2619 3754 3340 3825 Mädchenherzen geschieht, auch wenn
2613 3784 3370 3867 Tod stürzen. Alles ist Einheit an die
2624 3845 3368 3922 tensität ihrer schlichten Gegenwart,
2624 3891 3384 3974 Zärtlichkeit und ihrer hilflos schlichte
2623 3933 3387 4019 Hauch von Theaterei, kein gezegene
2620 4002 3373 4083 schminkter Ton stört das Ereignis, als
