3436 4224
339 174 709 247 iebelei
150 175 789 280 8. Lanensana
857 174 1292 271 box 13/8
1413 79 2298 151 in mühsenger Arbeit nicht biob am Sch#¬
2313 85 3181 159 rereee-reren  1
1427 134 2299 191 tisch erfaßt, der das Burgtheater im Raum
2309 135 3171 204 Burgtheater einen „Marmorsarkophag der
2307 177 3184 246 Kunst“ nannte. Und immer wieder tauchten
1415 169 2298 237 seines Lebens gefühlsmäßig aufgenommen
2308 218 3170 293 Projekte auf Projekte auf, andere kleinere
1426 229 2299 284 hat. Solche Burgtheaterliebe blüht nicht aus
2309 263 3177 330 Bühnen zum Burgtheater dazu zu nehmen
1422 269 2301 332 Archiven und präzisen Aufzeichnungen,
2312 306 3179 390 bis zur Realisierung des Akadiemietheaters
1424 318 2301 369 dazu gehört schon menschlicher Kontakt,
2306 354 2756 407 als Lustspieltheater.
1431 359 2292 415 persönliche Beziehung. Rudolf Lothar ist
2339 379 3178 467 Die letzten zwanzig und erst die letzten
1423 406 2295 456 jahrzehntelang im Burgtheater ein- und aus¬
2304 434 3178 504 zehn Burgtheaterjahre sind voll ungestümer
1418 448 2292 513 gegangen als Autor und als Kritiker, und da
2307 481 3176 544 Bewegung. Das Burgtheater hatte aufge¬
1422 492 2288 545 er ein sorgfältiger, penibler, über die
2308 525 3191 595 hört, ein Hoftheater zu sein, die kaiserliche
1420 533 2298 600 trockene Historie hinaus sach- und fach¬
2308 565 3181 624 Schatulle war geschlossen, aber auch das
1416 572 2297 637 kundiger Tneatermensch ist, konnte er
2312 613 3171 673 „republikanisch-demokratische Regime“
1412 608 2291 683 dieses erschöpfende Buch über das Burg¬
2304 646 3176 725 hegte dieses wunderbare österreichische
1424 663 2285 718 theater schreiben, das neben bekannten
2299 696 3178 748 Theater und durch alle Wirrnisse, Palast¬
1421 715 2287 775 Daten, neben plastischer Schilderung der
2307 746 3173 796 revolutionen, Affären, durch alle die kleincn
1423 749 2294 817 berühmten Menschen des Burgtheaters so
2303 786 3171 840 und großen Intrigen hindurch, über Direk¬
1416 811 2295 857 viel Neues enthält, gleichsam Kulissen¬
2297 816 3167 884 tionswechsel hinweg hat sich das Burg¬
1416 841 2282 899 geschichten die in den Kulissen der wirk¬
2305 869 3183 935 theater seine Geltung erhalten können.
1411 885 2286 952 lichen Burgtheatergeschichte spielen, die bis
2291 901 3172 981 Hermann Bahr sagte einmal: „Immer ist die
1404 931 2289 990 jetzt aus Diskretion, aus Angst, aus Schlam¬
2297 958 3180 1021 große Zeit des Burgtheaters vorüber, das
1406 980 2278 1025 perei oder aus höfischem Takt verborgen
2295 999 3161 1053 richtige Burgtheater liegt immer in der Ver¬
1407 1006 2288 1089 geblieben sind. Das Burgtheater hat nämlich
2299 1038 3165 1098 gangenheit.“ Weil die Gegenwart am Burg¬
1420 1070 2277 1122 eine eigene Geheimgeschichte, denn vieles
2290 1093 3179 1146 theater immer wieder zu nörgeln und zu
1413 1101 2290 1166 spielte sich vor den Augen der Offentlichkeit
2294 1127 3167 1193 kritisieren hat, weil es ihr nicht gut genug
1419 1157 2277 1228 anders ab, als es in der Wirklichkeit der Er¬
2292 1178 3167 1226 scheint, weil sie immer wieder Vergleiche
1424 1197 1899 1245 eignisse geschehen ist.
2285 1216 3162 1274 heranzieht und die Vergangenheit z tiert.
1446 1242 3178 1318 Das Burgtheater, mit dem Wiener Hof] Die eilende Zeit korrigiert das Urteil dann
1410 1274 2283 1341 durch Jahrzehnte eng verbunden, wurde wie
2285 1291 3175 1348 immer wieder und gibt den Zweiflern Un¬
1413 1328 2288 1383 ein Hofinstitut geleitet, das heißt, es wurde
2294 1351 3160 1412 recht. Das Burgtheater wächst in der Er¬
1408 1362 2285 1438 nicht alles offen dokumentiert, vieles ging
2287 1383 3155 1445 innerung zur wahren Größe seiner Erschei¬
1412 1415 2274 1482 die geheimen, echt österreichischen Wege,
2293 1435 3159 1491 nung. So wird man in zehn Jahren erst
1408 1454 2280 1520 vieles mußte erst richtig „durchgesetzt“
2297 1474 3165 1542 wissen, wie groß das Burgtheater 1934 ge¬
1415 1500 2285 1558 werden, denn das Burgtheater, so aufnahms¬
2294 1513 2512 1583 wesen ist.
2778 1516 3132 1586 Siegfried Geyer.
1409 1533 2281 1597 fähig es für alle Schattierungen vom Genie
2286 1560 2757 1643 eltene eneneststseseheenenenenenenen
1405 1590 2288 1647 bis zum Talent seiner Dichter, Autoren und
1412 1633 2291 1685 Schauspieler gewesen ist, alles was ins
1406 1668 2285 1744 Burgtheater kam, mußte den Instanzenweg
1400 1715 2290 1777 gehen. Der blieb Henrik lbsen ebenso wenig
1414 1771 2286 1821 erspart wie Gerhart Hauptmann oder Schön¬
1410 1813 2295 1864 herr. Und so liest man, daß der damalige
1406 1852 2296 1912 Generalintendant Baron Becezny auf den
1403 1900 2286 1963 Brief der Direktion, die lbsens „Gespenster“
1400 1947 2281 1988 aufführen wollte, erwidert hat: „Es ist ge¬
1406 1987 2291 2052 wiß richtig, daß das Burgtheater eine so be¬
1403 2031 2283 2082 deutsame und eigenartige schriftstellerische
1404 2070 2298 2134 Erscheinung wie Heurik Ibsen nicht einfach
1405 2116 2284 2175 ignorieren kann; es wäre aber meiner Über¬
1409 2164 2298 2238 zeugung nach mehr als fraglich, ob das Burg¬
1403 2208 2286 2273 theater seiner Pflicht gegenüber dem Drama¬
1404 2247 2285 2302 tiker Ibsen damit in richtiger Weise nach¬
1404 2283 2293 2354 kommen würde, indem es dem Wiener Publi¬
1401 2324 2297 2416 kum als Einführung für den Dichter geradg
1400 2384 2304 2441 dasjenige seiner Stücke bringen würde
1403 2428 2294 2494 Ebenso wenig wie die „Gespenster“ kann ich
1392 2475 2286 2526 die „Wildente“ von demselben Autor zur
1391 2510 2285 2584 Aufführung zulassen, indem dieses Stück
1396 2554 2277 2624 meiner Überzeugung nach dem Publikum
1398 2596 2291 2663 gleichfalls nur ein höchst unerquickliches
1392 2650 2270 2703 Schauspiel bieten würde.“ Die „Wildente“
1399 2689 2291 2751 kam dann wirklich 1897 unter Burckhard,
1402 2729 2281 2807 die „Gespenster“ kamen erst unter Schlen¬
1398 2779 1839 2850 ther zur Aufführung.
1426 2805 2292 2893 Der wohltuende Konservativismus des
1389 2851 2285 2925 Burgtheaters hat sich oft bewährt, wenn er
1398 2901 2275 2956 manchmal auch fehlschlug und historische
1396 2950 2292 3010 Blamagen Herbeiführte. Die Vorsicht der
1401 2999 2280 3055 „obersten Leitung“ hat das Burgtheater
1394 3040 2288 3086 immer wieder in die Ruhe und Sicherheit,
1393 3080 2296 3135 manchmal in das Idyll und in die Abgeschie¬
1398 3121 2290 3195 denheit eines Spielplans geführt, der der
1381 3149 2285 3225 Entwicklung niemals geschadet hat. Es
1386 3209 2290 3261 ging eben im Burgtheater gemessener und
1394 3252 2277 3306 langsamer als in anderen Bühnenhäusern,
1393 3294 2272 3357 die, weil sie eben nicht aus der großen kul¬
1384 3339 2275 3396 turellen Vergangenheit wuchsen, sondern
1389 3370 2271 3439 flüchtigere Grundlagen und Fundamente
1391 3415 2278 3479 hatten, sich zu jeder Zeit modische Experi¬
1388 3474 2271 3522 mente erlauben konnten. Das Burgtheater
1387 3511 2283 3560 hat, wenn man seine Geschichte durchfliegt,
1389 3540 2272 3620 sehr selten jene Seitensprünge getan, die
1384 3599 2276 3661 man als literarische oder sonstige „Kühn¬
1391 3631 2265 3700 heiten“ als Extempores seiner Direktoren
1394 3681 2268 3746 bezeichnen könnte. Selbst ein revolutionä¬
1386 3716 2273 3789 rer Wiener, wie Max Burckhard, den, wie
1385 3759 2268 3814 Lothar erzählt, „ein Gekläff und ein Ge¬
1392 3804 2275 3857 heul, ein lautes und ein stummes Spiel des
1386 3860 2265 3917 Hasses und der Verfolgung“ begrüßte, der
1383 3899 2273 3956 mit dem Publikum raufte, um des Publi¬
1380 3925 2278 4014 kums Seele zu bekommen, der Mitterwurzer
1388 3979 2280 4060 und Kainz dem Burgtheater verpflichtet hat,
