3392 4224
234 246 755 358 5. Liebele
413 252 1374 386 Mei box 10/2
1311 970 2084 1104 Grce en
287 1116 765 1213 22. Februar.
2723 1129 2973 1224 1396.
838 1102 2542 1270 Beilage zur Bohemia Nr. 52.
436 1314 2811 1367 Aufsätze wolle man an die Redaction, Anzeigen an die Administration und Bezuggelder an die Expedition der „Bohemia“ senden.
499 1351 602 1424 N E P
2774 1343 2929 1435 Se
1117 1431 3061 1522 das stolze Weib, das ohnedies schwer leidet, fühlt sich] in solchen Momenten des höchsten Affectes die Worte
502 1453 834 1547 Theater.
1133 1494 3065 1554 angeekelt von diesem Mißtrauen und gibt ihm zu ver= zu dehnen, sollte sie an sich bekämpfen. Diese Dehnungen
275 1507 1151 1605 ** Neues deutsches Theater. („Rechte
1157 1537 2105 1607 stehen, daß sie ein nutzloses Opfer gebracht hat. Das
2089 1548 3069 1603 verstärken nicht den Ausdruck, sie verdünnen ihn und
187 1562 1148 1638 der Seele“ von Giacosa und „Liebelei“ von
1154 1582 2100 1647 nimmt ihm alle Haltung und Besinnung, er schwankt
2103 1593 3066 1666 machen ihn theatralisch. Den schw Hherzigen und
195 1630 1153 1695 Schnitzler.) Die modernen Italiener gehen nelan¬
1160 1638 2093 1695 zwischen Extrerien; bald zerfließt er in vertrauensvoller
2098 1636 3070 1701 schwachdenklichen Ehemann gab Herr Kirch mit einem
1152 1687 2089 1749 Den „ bald nimmt er den Ton des Gebieters an,
185 1681 1154 1745 cholisch und nachdenklich auf den Pfaden der Franzosen
2089 1673 3062 1752 guten Ausdruck für die nervöse Erregung und den
1150 1724 2090 1788 de zu verhören und zu richten hat. Zuletzt will er sich
192 1730 1149 1780 einher; sie mischen den Sinn für Sensation mit
2097 1737 3066 1790 raschen Wechsel der Stimmungen; eine allzugroße
195 1777 1150 1836 Schwürmerei und den berechnenden Caleül mit einer
1155 1780 3064 1850 drich brutale Zirtlichkeit überzeugen, daß seine Frau lineare Bestimmtheit des Ausdrucks wird er sich im
192 1829 1152 1882 Dosis von Mystik. Das Talent Giacosas, das bleiche
1140 1830 3066 1896 U#n und ihm allein gehört. Da durchbricht die gequälte! Conversationsstücke abgewöhnen müssen, um weichere
1147 1874 2093 1939 Frau den Zwang, her auf sie ausgeübt wird, und be¬
190 1874 1147 1924 Wangen und kluge Augen hat, ist uns schon durch das
2092 1877 3061 1939 Uibergänge zu finden. Den Vertrauten Marius gab
1152 1923 2092 1994 freit ihre Seele in dem Geständniß, daß sie jenen Vetter
190 1917 1150 1979 Drama „Sündige Liebe“, das Sonnenthal nach Prag
2096 1931 3056 1987 Herr Engelsdorff im entsprech nden Tone der
1158 1976 2092 2031 geliebt hat, nur diesen und niemals einen anderen Mann.
178 1977 1150 2030 brachte, vertraut geworden; in dem Einacter „Rechte
2098 1973 3061 2041 schonenden Rückhallung, nur wie fast. alle Rollen mit
1156 2021 2095 2080 Paul glaubt nun zu imponiren, dem er den Herrn
185 2014 1148 2077 der Seele“, der dieser Tage neu auf die Scene kam,
2087 2018 3067 2094 einem Uibermaß conventioneller Geberden. Die Dar¬
1155 2067 2086 2133 hervorkehrt, der das ungetreue Weib aus dem Hause
189 2062 1146 2119 geberdet es sich vielleicht noch feiner, aber so überfein,
2089 2068 2826 2140 steller wurden wiederholt hervorgerufen.
1154 2111 2091 2176 weist. Aber Anna klammert sich an dieses Urtheil wie
181 2114 1150 2175 daß die Spitze bricht. Das alte Thema von der un¬
2148 2093 3056 2189 Während Giacosa die große Empfindung ins
1149 2160 2092 2224 an ein erlösendes Wort; unbekümmert um die ver¬
182 2159 1148 2221 verstandenen Frau wird da in Andeutungen erledigt,
2084 2147 3059 2226 Schaufenster stellt und dabei sein Motiv mit einer
186 2207 2083 2268 beren Sinn nicht vernormen, sondern erlauscht werden zweifelten Bitten ihres Gatten, der sie gleich darauf
2089 2203 3064 2280 gewissen künstlerischen Blasirtheit behandelt, die mit
177 2256 2089 2300 wlll. Man muß den Juhalt dieses dramatischen Epi- wieder zu halten sucht, eilt sie davon wie Ibsens Nora
2087 2258 3065 2320 dem Ra##nhasten liebäugelt und die natürlichen Vor¬
189 2291 2081 2369 gramms rasch erzählen, wenn der Leser nicht nur von auf Nimmerwiedersehen. Der Vorwucf ist interessant,
2086 2302 3070 2364 aussetzungen unterschätzt, stellt der hochbegabte Wiener
175 2346 2075 2398 der Handlung, sondern auch von dem überstürzten und ohne Frage rührt der Autor an psychische Ge¬
2088 2361 3060 2427 Autor Arthur Schnitzler dir Blasirtheit dar und
177 2379 2077 2455 Tempo dieses Einacters eine Vorstellung erhalten soll. heimnisse der zartesten Art. Aber alle Voraussetzungen
2095 2400 3053 2471 läßt aus ihr die große Empfindung unvermuthet und
190 2440 2084 2495 Baul (Hr. Kirch) — ein Mann aus jener Gese.lschafts=liegen im Dunkel, daher der Eindruck des Abgerigenen,
2082 2447 3054 2508 doch überzeugend, so natürlich und so tragisch bervor¬
183 2494 2083 2557 schichte, die zu Allem Zeit hat — wird durch eine Ent= Gewaltsamen und Uiberspitzten. Das Ganze wirkt wie
2080 2495 3064 2560 wachsen, daß wir von ihrer inneren Wahrheit aufs Tiefste
189 2532 2083 2587 deckung in furchtbare Aufregung versetzt; in dem über= eine Katastrophe ohne Unterbau, wie eine Thurispitze
2090 2543 3056 2610 ergriffen werden. Schnitzler scheint in seinem Schauspiel
185 2587 2082 2646 lieferten Nachlasse seines Vetters Ludwig, der sich in den Wolken. Wie kam diese Frau zu diesem Mann?
2089 2590 3052 2660 „Liebelei“ nur mit dem Leben zu spielen und erzählt
176 2631 2082 2694 kürzlich den Tod gegeben hat, findet er Briefe, welche Hat sie ihn aus Berechnung gtheiratet, worauf eine
2089 2638 3052 2698 uns doch mehr von den Rechten der Seele als sein
175 2680 2087 2737 die Ursache des Selbstmordes enthüllen. Ludwig ist Stelle hinzudeuten scheint, die von seiner Geschicklich¬
2081 2686 3073 2734 anspruchsvollerer italienischer Rivale. Uiber dem Ge¬
1135 2714 2096 2788 keit, eine behagliche Existenz zu gründen, berichtet —
187 2719 1145 2793 aus unglücklicher Liebe zu Pauls Gattin Anna (Fr.
2082 2730 3063 2791 triebe von Studenten und Grisetten schwebt in seinem
171 2778 1143 2823 Buska) in den Tod gegangen. Annas Briefe erhärten
1147 2771 2081 2836 wo bleibt dann der große Stolz, die herbe Ent¬
2082 2776 3051 2843 Schauspiel die tragische Muse dahin und wirft ihren furcht¬
173 2820 1139 2876 diese Thatsache und zugleich die tadellose Tugend der
1144 2826 2087 2879 schlossenheit ihrer Seele? Hat sie ihn trotz alledem
2083 2820 3055 2895 bar ernsten und doch verklärenden Blick auf die Irrthümer
174 2864 1137 2940 Frau, welche die stürmischen Anträge des Vetters ener¬
1141 2871 2081 2941 einmal geliebt — woher nimmt sie die erbarmungslose
2089 2865 3053 2942 einer halb verderbten Jugend, die, ohne es zu ahnen,
1140 2919 2077 2974 Uiberlegenheit, mit der sie seine Schwäche geißelt?
181 2919 1132 2968 gisch zurückgewiesen und der Liebe zu ihrem Manne
2080 2917 3061 2985 in ein großes Schicksal hineintändelt; sie kündigt sich
1134 2970 2088 3035 Die Rechte der Seele sind die ersten in jedem Drama;
183 2961 1140 3031 den unzweidentigsten Ausdruck gegeben hat. Der Fall
2081 2981 3054 3046 mit keinem großen Worte an, und doch fühlt man sich
1134 3017 2082 3064 aber zu den ersten Pflichten des Dichters gehört, der
182 3005 1140 3077 wäre nun vor jedem Untersuchungsrichter klargestell.
2093 3026 3059 3096 von ihrem Hauche umwittert. Der erste Act führt uns
174 3059 1144 3121 aber Paul weiß nicht genug, er möchte Alles wissen
1148 3060 2085 3121 Seele einen Körper zu geben. Hinter allen Räthseln
2088 3070 3058 3141 in das Junggesellenheim eines blutjungen Lebemannes,
172 3103 1138 3171 und mit rauher Neugier in das geheimste Seelenleben
1143 3111 2080 3172 steht ein letztes, das der Drametiker nicht lösen kann;
2092 3117 3050 3174 des Studenten Fritz Lobbeimer (Hr. Gregory), der auf
184 3152 1133 3226 seiner Frau eindringen. Eifersucht gegen den Todten
1136 3164 2079 3214 aber bis an das Letzte wollen wir herangeführt sein,
2092 3154 3058 3230 Kosten seiner begüterten Eltern die Freuden der Groß¬
172 3193 1144 3261 nagt an seinem schwachen Herzen, weil der ganze un¬
1134 3203 2086 3265 bis an den Horizont, der das Irdische umgrenzt. Das
2079 3217 3048 3265 stadt in vollen Zügen genießt. Er gehört zu den jungen
183 3255 1138 3308 glückliche Rotan, in den sogar sein Bruder Marius
1133 3253 2085 3309 einactige Stück von Giacosa — ein Stück in des
2086 3263 3046 3324 Männern, welche sich einbilden, das Leben zu studiren,
1136 3298 2082 3351 Wortes buchstäblicher Bedeutung — hat keinen Horizout,
184 3302 1138 3349 (Hr. Engeisdorff) eingeweiht war, ihm fremd geblieben
2082 3305 3052 3376 wenn sie den Schaum seiner Freuden abschöpfen, er
1133 3339 2076 3397 Gespielt wurde das Fra ment Leben mit Temperameut
177 3337 1135 3408 ist. Er benimmt sich wie der Ehemann Tolstojs in der
2078 3352 3050 3399 hat einen standesgemäßen großen Roman und eine
1128 3395 2080 3448 und Verständniß. Fr. Ouska hat bekanutlich viel
180 3390 1125 3457 Kreutzersonate, wie ein lauernder Feind, wie ein Jäger
2086 3399 3055 3450 kleine Liebelei. Der Roman spielt in das Nachbarhaus
1126 3438 2078 3501 Beredtsamkeit des Schweigns; sie wußte das stille,
178 3434 1129 3490 auf dem Anstand. Unbekümmert um die seelische Ver¬
2074 3441 3049 3511 hinüber, wo eine „dämonische“ Frau aus Uibermuth
1138 3481 2086 3543 stolze Leid und den Trotz der Uiberlegenheit in kurze
167 3482 1131 3552 fassung der Frau, um derentwillen ein Mensch, ein
2077 3498 3070 3551 mit Gefahren spielt. Die Liebelei vermittelt der Col¬
171 3532 1131 3597 Vetter, ein Freund in den Tod gegangen, drängt er in
1130 3535 2078 3594 Worte zu bannen. Auch der Moment der seelischen
2078 3540 3053 3601 lege Theodor (Herr Tauber), ein unter gleichen Lebens¬
1131 3584 2074 3648 Befreiung gelang ihr im Wesentlichen, nur die Manier,
176 3569 1128 3655 die Gattin, um ihr ihr Geheimniß zu entlocken, und
2071 3586 3047 3672 bedingungen stehender Mann, der indeß viel einfacher
1547 3693 1720 3770 47 —
1126 3746 2078 3815 wechselte einen kräftigen Händedruck mit einem
2074 3757 3041 3841 die Briefe, die der junge Mann bekam, nicht
235 3758 1058 3855 Die Jagd nach einem Manne.
1129 3812 2072 3898 blonden, blassen jungen Mann, der mit untadel¬
2081 3823 3047 3882 auf den Namen „Florimond“ lauteten; er nahm
185 3812 1126 3913 Pariser Sittenroman aus der Gegenwart
1130 3862 1735 3932 hafter Eleganz gekleidet war.
2079 3875 3051 3953 aber das Gesagte alsogleich wieder zurück aus
422 3880 859 3948 von Charies Foley.
1213 3885 2731 3968 Der mit „Florimond Angeredete war mit! Jurcht einen ## gut #####en
1122 3926 1525 4018 he# haihan Gu##
502 3923 1036 4027 (Fortsetzung.)
