3436 4224
360 115 639 199 Liebel
884 122 1327 227 box 11/2
185 113 765 255 5. Llebelei
618 1508 926 1618 Senen ene een
728 1611 2928 1666 gebung, in ihrem innigen und doch zurückhaftenden Wesen, Parsteltnnesmitteln, die zur richtigen Verkörperung der
100 1613 498 1718 adtihrate.
788 1649 2921 1721 in ihrem seligen und doch schmerzlichen Glücke. Auch ihr Spottoogeswirtin“ führen: aber Hansi Niese besitzt neben
779 1700 1870 1773 tragischer Untergang, selbst wenn man ihn nicht für
1859 1709 2930 1777 Lemperamant und übersprudelnder Lustigkeit, neben keck¬
205 1679 791 1791 n Absichebesonner.“
106 1751 518 1813 ven Sami Mies
786 1749 1870 1819 notwendig und psychologisch gerechtfertigt halten wollte,
1852 1756 2933 1819 #nialer Leichtigleit in Miene und Geste auch jene Ur¬
2945 1747 3080 1822 der
786 1797 1870 1860 ist dich im Wesen etwas anderes, als die rührselige
114 1780 795 1867 hat Artin Schmi#r seinen arstin
1861 1805 3098 1879 ##ünglichfeit, Wandlungsfähigkeit in Ernst und Scherz, bens
795 1850 1872 1917 T##g#die des hersömmlichen Vorstadtmädels; sie streift
1853 1853 2941 1925 #e man seinerzeit an Pepi Gallmeyer bewunderte —
408 1853 795 1919 und er de #ch
143 1855 241 1924 Ersöl
786 1885 1863 1961 in ahren tieseren, echt mädchenhaften Regungen einas an
1858 1900 2953 1962 und diese Eigenschaften ermöglichen ihr auch die große
444 1895 786 1968 rn wahl einige
787 1952 1861 2012 die Gefildr, woraus die Mädchen der Gortheschen Jugend¬
486 1947 797 2019 fünung a¬
1871 1952 2941 2029 Gefühlskunst, mit der Christins dargestellt werden muß,
792 2004 1872 2064 zeit stammen, sie ist eine weibliche Figur, die mehr
488 1997 799 2068 , daß ein
1855 2010 2943 2082 und die sie auch namentlich im letzten Akte in her¬
780 2036 1871 2124 der Literatur im allgemeinen, als einem bestimmten Genre
1858 2060 2936 2122 vrragender und wirksamer Weise zum Ausdruck brachte,
514 2057 790 2123 hinem Blaßsen.
794 2112 1861 2172 verselben angehört. Auch was der alte Musiker, Chri¬
508 2105 764 2167 tüten u
1865 2100 2960 2187 oe allzusehr ihr ürtigenstes Gebiet zu verlassen und
497 2157 1874 2219 am, mrauh stinens Vater, spricht ist woll eine Debenspmtlosophie,
1864 2157 2931 2223 alzu fühlbar über die Grenzen ihrer Persönlichkeit und
484 2196 805 2262 Hengen. Imeiregug
787 2202 1872 2268 die den Wiener niederen Ständen ankiebt, aber sie hat
1861 2192 2931 2255 irer natürlichen Ausdrucksmittel, die zarteren und wei¬
462 2252 1868 2314 von ihen auch doch einen tieseren pfychologischen Untergrund; auch der
1864 2253 2942 2315 cheren Empfindungen widerstreben, hinauszugreisen Weit
452 2297 794 2360 ie doch um einr
788 2299 1869 2367 Wiener Typus des leichtsinnig=schwärmerischen Fritz ist
1871 2296 2928 2370 bisser liegi ihr die heitere Annie in der Komödie „Ab¬
429 2334 1869 2425 d al#n etwas anders geartet, als #r sonnt auf diesem Boden
1861 2333 2952 2420 stieds=Souper“, die von Schnitzler wohl etwas in fran¬
399 2401 1863 2458 hieachst, und es ist mit großer Feinheit gezeichnet, wie
1865 2400 2946 2474 ziischem Geiste gedacht ist, aber von Frau Niese ins
107 2407 208 2473 hand
111 2455 1865 2528 zn tum Liebe zu Christine, die ahm anfungs nur ein Spiel
1864 2459 2945 2526 Porb=Wienerische gezogen wurde mit einer urwüchsigen
129 2495 1873 2571 im eLwgat, ablr in aus dem bloßen Sinnenleben in sein tiefstes Gemüt
1849 2480 2930 2590 und unnochahmlichen Laune und Drolligkeit, die ihres¬
101 2524 1861 2620 r# und Femüuten eer des hinemwächst. Dammt heaßjichtige ich jedoch keineswegs
1851 2557 2165 2642 gleschen sucht.
110 2596 1857 2676 ertück hmurg vm ann Schnitzters Eigenart zu rürteln, die tief im Wiener
1946 2572 2957 2677 Was die [Ritspiekenden betrift 1) sund Derr Lips¬
110 2650 1857 2718 Vertieane a srlenm nden wurzelt, und wodurch er unter den junge in öster¬
1861 2656 2949 2731 ###t in der von ihm schon wiederholt gespielten und
104 2678 1861 2759 auschischen Dichtern den imenenmart elatteicht d. Wiener
1859 2704 2950 2758 wirm und präch ig charakterisierten Rolle der alen
119 2747 806 2814 tige einrchn munshchen
792 2754 1863 2817 bramatische Kunst am persönlichsten vertritt: aber es ist
1860 2750 2962 2805 Vielinspielers Weiring, sowie Fräulein Braun als
109 2800 796 2867 ein siches Enfült. Fimr min Poriar
790 2797 1867 2869 nicht das Gesicht von Alt=Wien mit seiner Heiterkeit,
1861 2804 2931 2871 feihe Wiener Modi#in dure imperamenivolles Spiel
2380 2854 2434 2897 82
126 2843 806 2917 Tarsachenr tatt alller hurinltesscham
788 2837 1869 2917 einem Frohsinn und seiner Leichtlebigkeit, das uns aus
1853 2857 2941 2930 #####orzuheben Auch Derr Dr. Kraus gab den seutte
170 2902 1868 2986 #einen Dichtungen entgegenschaut, sondern das Wien um
1858 2904 2939 2974 mertal Zgehuchten Liebhaber Fritz besonders insder
112 2937 1409 3015 statt der Enisseme iu aaus masr Wenton des Bahrhenner
1863 2950 2937 3007 Abschiedsszene zn Christine mit richtiger Empfdung;
116 2993 807 3063 „süßze sin Unucter in er¬
870 2998 1868 3074 Die Rolle der Christine Weiring in Liebelei“ liegt
1850 2992 2962 3093 eine gute Episodeufigur war Fräulein von Schwei
114 3048 2938 3141 inund ##   allerdings sehn abseits non ven W#n und den shauf als Frau Binder Ihre neunjährige Toch##
1544 3104 1727 3169 ee
1725 3103 1798 3181 1100
