3484 4352
444 261 812 331 Liebelei
271 252 1412 367 5 box 12/5
1926 302 3073 405 Ausschnitt ausz [0I INEN TAGBLATT
2123 354 2212 438 11.
2235 367 2359 447 M4
1940 384 2100 447 vom:
2376 388 2616 488 —3
2202 379 2807 567 Dasist mnerlanbht:
2056 556 2936 629 Aus den G heimnissen der Filmzensur.
1947 619 3104 667 In einem sicher nicht sehr geschmackvollen Film kam ein Spitzbube
1880 668 3111 708 von Maler vor. Man sah, wie der Maler im Wirtshaus eine Oel¬
1875 706 3116 749 sardine in einen Kuchen schmuggelte und sich dann weigerte, einen
1885 749 3116 792 Kuchen zu bezahlen, in dem plötzlich Oelsardinen herumschwämmen.
1883 791 3116 838 Die öffentliche Vorführung dieses Films wurde vom Polizeipräsidenten
1881 833 3124 882 verboten — weil dadurch betrügerische Zechprellereien hervorgerufen¬
1872 878 3114 927 werden könnten. Der Oberpräsident meinte dasselbe und bestätigte
1879 914 3116 960 die Verfügung des Polizeiprasidenten. Nun kam die Sardinengeschichte
1882 950 3110 1018 vors Oberverwaltungsgericht und dieses erklärte den Film
1877 996 3115 1052 für nicht staatsgefährlich. Er darf aufgeführt werden auf die Gefahr
1878 1042 3115 1082 hin, daß alle unsicheren Subjekte in Groß=Berlin von nun ab eine Oel¬
1873 1087 2771 1134 sardine mitnehmen, wenn sie ins Gasthaus gehen.
1930 1119 3113 1182 Die Entscheidung des Oberverwaltungsgerichts besitzt eine erhebliche
1873 1160 3107 1204 Bedeutung. Bisher hielt sich die Berliner Filmzensur starr an den
1881 1200 3118 1265 Grundsatz, daß im Kino strafbare Handlungen irgendwelcher Art nicht
1872 1242 3115 1304 gezeigt werden dürfen. Es ist gut, daß unsere Theaterzensur nicht den
1876 1299 3109 1347 gleichen schönen Grundsaß befolgt, sonst dürfte keines der großen
1863 1336 3107 1377 Dramen der Weltliteratur aufgeführt werden. „Faust“ könnte zum
1867 1377 3112 1431 Kindesmord verleiten, „Don Carlos“ zur Majestätsbeleidigung:
1875 1416 3110 1474 „Wallenstein“ könnte unser Publikum zum Hochverrat aufreizen. Von
1867 1466 3113 1514 den Shakespearedramen überhaupt nicht zu reden! So komisch der
1871 1502 3106 1550 Gedanke ist, daß die Theaterzensur alle Stücke verbieten könnte, in
1876 1551 3111 1600 denen gegen das deutsche Strafgesetzbuch gesündigt wird, so kann man
1878 1577 3109 1641 schließlich doch verstehen, daß der Polizei keine Films erwünscht sind.
1868 1638 3117 1683 in denen ein Mörder sein Opfer in Stücke hackt, kocht und in einen
1864 1670 3115 1717 Koffer legt. Es ist löblich von der Zensur, daß sie solches verhindert.
1869 1711 3111 1775 Aber wenn eine Zensur löblich ist, pflegt sie ohne Maß und Ziel löb¬
1874 1758 3111 1811 lich zu sein. Einige Beispiele mögen zeigen, wie die Berliner Zensur
1868 1798 3110 1871 den Grundsatz durchführt: das Kino darf nicht zu strafbaren Hand¬
1867 1842 2218 1901 lungen aufreizen.
1927 1885 3105 1934 In einem Film, der der Zensur vorgeführt wurde, kam folgende
1866 1918 3113 1974 Geschichte vor: ein krankes Landstreicherkind wird von guten Leuten
1877 1970 3120 2018 in ihr Haus aufgenommen und gepflegt. Schließlich nimmt das
1877 2004 3108 2061 kleine Mädchen von seinen Wohltätern wieder Abschied; bevor es
1875 2048 3112 2100 aber das Haus verläßt, eilt es in den Garten und pflückt sich zum
1866 2086 3105 2152 Andenken eine Blume. Die Berliner Polizeizensur beanstandete
1865 2131 3113 2190 diesen Film, weil in ihm das Vergehen des Felddiebstahls dar¬
1876 2176 2151 2246 gestellt werde.
1931 2228 3099 2271 Ein junger Arzt flirtet mit seiner Patientin. Während des Ge¬
1876 2249 3116 2317 sprächs läßt die Dame ein kleines Anhängsel von ihrer Kette zu
1864 2299 3115 2343 Boden fallen. Der Arzt hebt es auf und deutet an, daß er es an
1875 2342 3109 2391 seinem Herzen aufbewahren möchte. Die Dame — so sind die Damen
1871 2387 3102 2436 — sagt nicht ja, nicht nein, läßt es aber geschehen, daß der Arzt das wert¬
1867 2424 3099 2463 lose kleine Objekt einsteckt. Nicht so die löbliche Polizeibehörde. Die
1876 2468 3110 2512 läßt es nicht geschehen, denn im Kino darf sich niemand einen Fund
1862 2513 2136 2570 aneignen.
1919 2528 3113 2607 Es darf im Film nicht gezeigt werden, wie zwei Leute einander
1860 2591 3099 2645 prügeln. Nur das Boxen wird zeitweise gestattet. Harmlose April¬
1870 2630 3107 2693 scherze, bei denen jemand durch ein fingiertes Telegramm dieser oder
1872 2678 3107 2732 jener Person irgendwohin bestellt wird, sind nicht zulässig — wegen
1871 2722 3108 2761 Urkundenfälschung. Die Beispiele ließen sich ins Endlose vermehren,
1862 2760 3110 2811 Nun läßt freilich auch die Zensur mit sich reden und macht hier und
1867 2886 3105 2945 dann muß wenigstens die Stelle herausgeschnitten werden, an der die
1859 2923 3110 2967 technische Ausführung des Verbrechens geschildert wird. So sah ich
1860 2961 3108 3025 kürzlich einen Film, in dem eine Verbrecherin einem reichen Manne
1860 3011 3102 3059 Bilder stehlen wollte. Man sah, wie die Dame bei dem Mäzen
1868 3068 3103 3105 ankam, sah dann, wie er betäubt auf dem Boden lag — die Bilder
1872 3101 3104 3153 waren fort, neben dem Mäzen aber sah man eine rauchende Zigarre.
1868 3137 3098 3185 Was dazwischen lag, nämlich die Szene; in der die Dame ihrem Opfer
1872 3183 3098 3233 eine Opiumzigarre angeboten hatte, diese Szene hatte der Zensor
1855 3220 3107 3276 beseitigt. Ein andermal wurde ein Farmer in seinem Blockhaus
1865 3257 3103 3309 gezeigt; unmittelbar darauf lag der Farmer gefesselt auf den Schienen
1871 3315 3099 3358 der Bahnstrecke und ein D=Zug brauste heran. Einige hundert Meter
1859 3347 3101 3393 Film waren unter der sühnenden Schere des Zensors gefallen; daß
1858 3385 3105 3442 der Farmer von Räubern überfallen, gefesselt und auf die Schienen!
1867 3434 3101 3482 gelegt wurde, wird man nie erfahren, aber daß er dann auf wunder¬
1866 3469 3101 3514 bare Weise gerettet wurde, das durfte das Publikum wieder sehen.
1861 3517 3095 3566 Oft wird ein Film durch solche Verstümmelungen ganz unverständlich,
1869 3557 3094 3609 er wird aber dennoch aufgeführt, damit die oft sehr erheblichen Auf¬
1860 3596 2596 3651 nahmekosten nicht ganz verloren gehen.
1924 3633 3110 3693 Man wird wohl der Polizei recht geben, wenn sie das Kino nicht
1863 3683 3097 3739 zu einem illustrierten Kursus der Verbrecherkunst werden läßt. Wenn
1877 3723 3091 3785 ein Theater dem Zensor ein Stück einreicht, dann weiß der Zensor,
1875 3768 3097 3818 welches Publikum dieses Stück zu sehen bekommt. Die Films unter¬
1869 3808 3102 3868 breitet aber nicht ein bestimmtes Kinotheater der Zensur, sondern die
1862 3846 3091 3901 Filmfabrik, und es ist möglich, daß nicht nur ein behäbiges bürger¬
1871 3886 3098 3941 liches Publikum den Film sehen wird, sondern vielleicht das robuste
1863 3931 3099 3969 Publikum eines entlegenen Vorstadtkintopps, in dem die Apachen domi¬
1861 3982 3090 4027 nieren. Neuerdings versuchen manche Filmfabriken, diese Schwierig¬
1871 4008 3089 4066 keit zu beseitigen, indem sie von vornherein versprechen. der fragliche
1870 4052 3091 4105 Film werde nur in großen, vornehmen Kinos vorgeführt werden.
1857 4100 3091 4149 Das ist wohl der Weg der Zukunft. Die Filmzensur ist nur dann
1863 4139 3088 4186 berechtigt, wenn sie ein Einsehen hat und nicht das Kind mit dem
1861 4185 3091 4233 Bade ausschüttet. Wenn das Kino wirklich einer Veredelung fähig ist
