3484 4256
272 209 685 283 Liebelei
256 215 1250 328 box 12/8
1953 748 2058 843 110
1270 757 1968 881 ascar schrbergeenden
1172 966 2048 1061 esdaree Ssursene eesauasemerradae
1170 1030 2024 1123 BERLIN SO 16, RUNGESTRASSE 22-24
1083 1110 2087 1175 Bearbeitet die deutsche und ausländische Presse auch auf Insr#:
1072 1164 2098 1227 Liefert Listen über geplante Bauten aller Art, Geschäftseröffnungen
1419 1195 1739 1241 Festlichkeiten usw.
1206 1276 2013 1402 Frankfurter Zeitung
1268 1382 1898 1432 1. Morgenblatt — Frankfurt a. M.
1345 1427 1830 1479 Ausschnitt aus der Nuumer vom:
1024 1576 2147 1677 „n Deutschen Künstlertheater gibt Käte Dorsch.
953 1618 2140 1726 Je Christine in Schnitzlers „Liebelei“, die Lore in
973 1686 1500 1747 Hortlebens gleih
1541 1701 2160 1778 mödie, und ihr ist wieder eine
972 1725 2138 1808 Wirkung gegeben, der alle enthustastisch unterliegen. Ich weiß
973 1755 2133 1850 nicht, aber ich stehe da etwas kühl abseits. Dies Spiel ist frisch
968 1793 2132 1883 und blutvoll, gewit; abrt es hal etwas von jener Lieblichkeit, die
980 1848 2131 1937 zwunindividuell ist, um zu verführen. Es ist wie Illustrations¬
959 1873 2129 1970 #obe aus jenen Ze#tschriften, die stolz darauf sind, richt mehr Fa¬
978 1924 2130 1997 milienzeitschriften in sein, und die es eben damit wieder werden.!
967 1956 2124 2042 Es ist wie der Ausflug ins Unbürgerliche in Alexander Zinns
961 1999 2119 2101 bürgerlicher Komödie „Schlemihl“. Und damit schließt sich der
975 2031 1110 2099 Ring.
1670 2064 2107 2153 Ernst Heilborye
1976 2416 2072 2504 0
1219 2409 1890 2535 asoes SchCerEDAAn
1370 2527 2070 2637 K
1125 2638 2002 2726 enGaares esurachet #aiowet-Ausenuur-aöne
1128 2705 1984 2785 BERLIN SO 16, RUNGESTRASSE 22-24
1039 2769 2050 2822 Bearbeitst die deutsche und ausländische Presse auch auf Inserate
1027 2820 2038 2891 Liefert Listen über geplante Bauten aller Art. Geschäftseröffnungen
1378 2861 1707 2917 Festlichkeiten usw.
1188 2964 1939 3061 Rheinische=Westfälische
1413 3042 1718 3131 Zeitung
1333 3093 1762 3177 Mittagausgabe — Essen
1621 3156 1778 3216 einer vom:
1305 3160 1489 3224 Aussch#t
1393 3172 1701 3273 •SO
1009 3324 2157 3403 Mit einem anderen 60fhrigen wachte das Deutsche Künstlertheater
955 3378 2156 3425 sein Glück. Arthur Schnitzlers Liebelei übte auch hier wieder
989 3413 2162 3462 hre Wirkung dar#### Gestaltungskraft der Käthe
951 3450 2157 3524 * Dorsch, die die Christine mit inniger Schlichtheit gab. Aber stand
966 3484 2155 3545 auch diese Einzelleistung im Mittelpunkt des Interesses, so ist anderer¬
968 3521 2162 3574 seits gerade die Ensemblekunst dieser von Emil Lind geleiteten Auf¬
967 3553 2151 3598 führung zu rühmen, die ein für Berliner Verhältnisse äußerst fein ge¬
968 3594 2164 3636 stimmtes Zusammenspiel bot. Den Schluß des Abends bildete Otto
966 3627 2151 3668 Erich Hartlebens Lore, die wohlbekannte Geschichte von dem
963 3664 2162 3717 abgerissenen Blusez'nopf, in der Käthe Dorsch sich von ihrer übermütig:
964 3697 1503 3757 temverhtsen Geite zeigte
