3436 4224
394 105 752 194 Liebelen
222 122 900 235 3. M
908 106 1370 213 box 11/2
1134 621 2184 754 Wio Teplitzer Stadttheater=1##
1197 699 2186 806 (Gastspiel Frank=Medelsky. — „Liebelei.“] Man
1113 764 2176 852 darf Frau Frank=Medelzkykaum einen Vorwurf daraus
1139 837 2170 902 nichen, daß sie auch diesch Artikel in ihrem Gastspielkoffer
1105 880 2170 951 mntführt und uns am Samstag diese abgespielte Schnitz¬
1107 924 2173 1001 l#r'sche Komödie vorsetzte. Wie der Erfelg bewies, findet
1110 982 2176 1041 das große Publikum noch ihmer Gefallen und Interesse an
1097 1017 2176 1087 dem geschickt aufgebauten Stück, das neben seiner raffi¬
1103 1077 2184 1131 nierten Mache leider so karge Spuren vom Geiste des
1107 1119 2176 1193 Dramatikers Schnitzler enthält, von dem man auch heut¬
1111 1170 2166 1225 zutage wohl noch mit Achtung sprechen darf. Zudem aber
1105 1230 2183 1287 ist die zwischen Liebesqual und — Freuden taumelnde
1101 1279 2184 1332 Christine Weiring wirklich eine Gestalt, die der Darstellerin
1107 1317 2170 1368 Gelegenheit gibt, einem Virtuosenstück künstlerische Weihe
1099 1361 2178 1422 zu verleihen und in einer Virtussenrolle zu zeigen, wie sich
1101 1409 2176 1459 rein äußerliche Effekte und konstruierte Empfindungen
1097 1467 2155 1532 verinnerlichen und mit dem trügerischen Schein der Wahr¬
1099 1513 2154 1577 heit umgeben lassen, wenn man mehr als eine schau¬
1092 1574 2162 1634 spielerische Virtuosin ist. Und das Kunststück bringt Frau
1093 1618 2159 1676 Frank=Medelsky, wie schon manche große Künst¬
1099 1661 2170 1732 lerin vor ihr, erfolgreich fertig. Ihr ganzes Bestreben ist
1096 1702 2162 1774 darauf gerichtet, aus der wirksamen Pheaterfigur mit dem
1093 1759 2167 1824 unterhaltsamen Wechsel der Töne und Gefühle ein Weib
1097 1811 2172 1860 zu schaffen, an das man glauben, mit dem man empfinden
1070 1854 1153 1918 —
1080 1924 2150 2031 kann, das uns über alle Fatalitäten der tragischen Ko¬
1088 1998 2152 2077 mödie hinweghilft. Die Künstlerin arbeitet nicht mit
1083 2040 2158 2117 subrilen Mitteln, sie zieht alle Register schauspielerischer
1074 2096 2155 2172 Kunst auf, sie ist rührend in ihrer vertrauenden Liebe,
1087 2126 2154 2218 bestrickend in ihrer stillen Heiterkeit und als endlich die
1080 2180 2153 2257 Wahrheit ans Licht tommt, ergeht sie sich in rasender Ver¬
1079 2240 2153 2322 zweiflung und schluchzt und stöhnt erbarmungslos über
1082 2289 2151 2365 den Tod ihres einzig geliebten Fritz — aber all diese rein
1083 2331 2155 2412 schauspierischen Effekte verklärt und läutert, wenigstens
1077 2387 2154 2462 für den Augenblick, ein starkes Empfinden, eine innerliche
1084 2442 2152 2491 überzeugende Kraft, die im Ton und im ungemein be¬
1074 2468 2155 2558 wegten mimischen Ausdruck, in Haltung und Wesen ihre
1076 2533 2145 2601 eigene künstlerische Indivualität kennzeichnet. Im Uibrigen
1082 2586 2141 2660 ist von der Aufführung Besonderes nichts zu sagen. Herrn
1074 2636 2156 2704 Eugen Frank war für einen gastierenden Künstler in
1079 2678 2147 2750 der Rolle des Fritz Lobheimer keine hervorragende Auf¬
1068 2722 2155 2809 gabe gestellt und doch zeigte die ganze Figur eine wunder¬
1064 2789 2148 2848 bare Auffassung. All die kleinen Nuancen: das Spiel mit
1074 2833 2153 2904 der Uhrkette, das Weiten des zu engen Hemdkragens mit
1073 2871 2148 2954 dem Finger, das Hinaufrücken des Rockes, das Streicheln
1062 2933 2139 3005 des Haares, all diese kleinen Nuancen sind so echt=persön¬
1065 2978 2149 3055 lich und die Sprache so als ob sie direkt aus dem Innern
1072 3023 2144 3091 käme, ohne durch Kehle, Zunge und Lippe verfälscht wor¬
1062 3079 2148 3147 den zu sein. Darin liegt die Kunst. — Neben dem Künst¬
1073 3124 2141 3191 lerpaar bewährte sich noch Frl. Mizzi Kern in der resch¬
1065 3180 2148 3241 humoristischen Darstellung der Mizi Schlager, und Frl.
1061 3232 2139 3272 Kühn (Katharina Binder). Der alte Violinspieler
1070 3277 2144 3340 „Weiring“ des Herrn Leonhart war ein ziemlich trok¬
1073 3327 2149 3389 kener und ausdrucksloser Vater, der nur in den Momenten
1072 3371 2147 3421 höchster Erregung warm wurde und Herrn Huttig
1073 3416 2138 3483 glückte sein Theodor Kaiser ebenso wie bei seinem ersten
1064 3474 2140 3543 Auftreten in dieser Rolle. Ein sehr beschleunigtes Ver¬
1067 3522 2143 3587 fahren, das nicht immer am Platze sein mag, zeigte die
1067 3575 2086 3631 Aufführung selbst, die um 9 Uhr bereits zu Ende war.
