3436 4256
292 1265 382 1355 96
425 194 805 270 Liebelei
949 188 1387 285 box 10/7
255 194 816 312 5. S
890 1048 1301 1117 Telefon 12801.
600 1150 1594 1219 Unternehmen für Zeitungs-Ausschnitte.
1482 1168 2004 1273 Ne5
768 1243 1413 1376 „OBSERVER“
2038 1251 2645 1396 Theater und Kusik.
383 1353 1545 1432 I. österr. behördl. conc. Bureau für Zeitungsberichte u. Pers
1801 1362 2947 1443 Lo. Vor nahezu ausverlaustem Hause ging Mittmoch
1736 1421 2925 1498 Abend Arthur Schnitzlers bekanntes Schauspiel „Liebelei“
560 1441 1538 1522 Wien, IX/1. Türkenstrasse
1748 1491 2957 1542 über die Bretter der Sommerbühne des Neuen Theaiers.
786 1505 1427 1593 Filiale in Budapest: „Figyelé“
1742 1513 2956 1581 Jansi i###spielte die Ahristine. Ueber ihre Leistung in
1745 1559 2948 1632 dieser-Rolle ist schon gelegentlich ihres vorjährigen Gastspiels
469 1590 1532 1663 Vertretungen in Berlin, Chicago, Londer. Newyork, Paris,
1741 1601 2949 1670 eingehend berichtet worden. Das damals abgegebene Urtheil
1742 1656 2944 1719 kann auch dieses Mal bestätigt warhen. Frl Niese zeigte, daß
1739 1693 2955 1764 sie ein ganz außergewöhnliches Talent ist; und daß die Grenzen
372 1702 1102 1794 Ausschnitt aus: Deuter
1728 1734 2953 1818 ihres Konnens weit gesteilt sind. Auch auf sentimentalem Gebiet
1741 1778 2959 1851 wirkt ihre Kunst wie Ratur. Wenn bemiesen werden soll daß
1734 1821 2955 1883 eine starke Begabung und große Natüelichkeit im Stande
376 1856 794 1950 vom /1%
1737 1862 2956 1933 sind, auch Aufgaben zu bewältigen, die weit außerhalb der
1748 1908 2953 1972 Grenze des sonstigen Wirkungskreises liegen, so ist dieser Be¬
1745 1949 2952 2025 weis durch die Leistung dieser genialen Darstellerin äußerl
1742 1993 2959 2065 erbracht. Aber weder der Künnlerin, noch dem Stück selbn
866 1991 1280 2081 Neues Theater.
1744 2040 2927 2119 ist damit gedient. Man bewundert zwar ihre Vielseitigte
664 2063 1533 2121 es Zum ersten Male: „Liebelei“. Schau¬
2511 2086 2967 2155 große Wirkung ab¬
1735 2105 2514 2151 und staunt, daß sie der Rolle so
579 2104 1534 2157 Piel in drei Aufzügen von Arthur Schnitzler. Hierauf:
1743 2129 2945 2213 zugewinnen versteht kann aber doch nicht darüber hir¬
589 2144 1544 2212 „, Abschiedssouper“ Schwank in einem Aufzug
593 2185 1533 2241 von Arthur Schnitzler. — Das Trio: Hansi Niese,
1743 2172 2955 2237 aus, daß ihre Persönlichkeit sich mit dem Bild der
583 2223 1543 2280 Adolf Link und Josef Jarno vereinte Mittwoch seine
1741 2220 2875 2280 Christine ganz und gar nicht deck Sie ist zu
586 2264 827 2316 Kräfte zu
824 2270 1544 2326 gemeinsamer Wirkung in Schnitzlers
1744 2259 2952 2321 sund zu derb in Ton und Wesen, um glaubhaft
598 2293 1531 2366 beiden bühnengerechten Stücken „Liebelei“ und „Ab¬
1743 2303 2960 2373 das tiefe Gemuih und die ideale Schwärmerei dieses einfachen
598 2342 1536 2397 schiedssouper“. Das „Abschiedssonper“ steht schon
1748 2354 2962 2426 Mädchens zu verkörpern. Die Töne, die Frl. Niese anschlägt,
591 2365 1545 2441 seit längerer Zeit auf dem Repertoire des Theaters am
1736 2407 2955 2458 kommen zwar auch aus dem Herzen, aber es sind nicht dee
598 2430 1535 2480 Schiffbauerdamm. Frl. Niese spielt die Annie nach
1744 2437 3089 2505 Nöne die man pan der Christine erwartet. Trotz ihrer Kunst Ausire
595 2468 1530 2501 kecker Soubrettenart und nicht ohne Eindruck zu machen.
1730 2467 3068 2571 und ihrer Natur ist sie nicht die Schnitzlersche Christine, und orto.
581 2515 1540 2559 Für die Christine in der „Liebelei“, ist sie zu derb in
2928 2509 3073 2563 ahlbar
589 2531 1536 2594 Erscheinung und Stimme, zu sehr Naturkind, um die
1749 2549 3123 2609 ##5# aller Bewanderung für ihre schauspielerische Begabung Vorau¬
594 2581 1541 2632 träumerisch weiche und sentimentale Mädchenseele über¬
1747 2573 2942 2630 kann man sich baher an ihrer Darbielung nicht so rechte
583 2621 1532 2676 zeugend darzustellen. Es wird sich schwerlich eine feschere
2565 2593 3164 2683 in erster Linie ist das
2222 2618 2568 2681 Lrhrigen jei
1968 2632 2225 2693 Von d#n
1752 2632 1932 2689 Feuen.
587 2660 1528 2703 Sennerin finden als Fräulein Niese, aber Christine ist
2845 2653 3167 2725 Der eht es den
1751 2658 2799 2726 Herr J##no als Theoder Kaiser erwähnt.
581 2702 1536 2742 ein zartes Stadtkind mit einem unerschöpflichen Fonds
1752 2713 3015 2768 Künstler ist in dieser Rolle bekannt, und die Vorzüge seiner n.
590 2736 1538 2784 hingebender Liebe; und für dies Geschöpf, das ganz
1749 2750 2971 2811 Darstellung sind oft gerühmt worden, aber immer wieder hat
582 2761 1526 2832 Empfindung, Weichheit und Aufopferung ist, zeichnet die
1745 2790 2976 2854 man an seiner bis auf die feinsten Züge herausgemeißelten
584 2814 1528 2849 Wiener Schauspielerin die Linien zu stark un dgrob. Immer¬
585 2850 1533 2916 hin war der Versuch anerkennenswert. Fräuein Niese lieferte
1766 2836 2970 2908 Figur seine helle Freude. Sein Theodor kann kaum übertroffen
587 2888 1538 2937 den Beweis, daß sie selbst in Rollen, die ihr keineswegs
1756 2880 2975 2950 werden. Und das sei nochmals anerkannt. Ueberraschent
585 2929 1541 2982 günstig liegen, standhalten kann, und mehr bedarf es
1760 2926 2975 2999 wirkte Herr Walten als Fritz. Für die kurze Zeit, die er
582 2966 1533 3010 nicht, um ihre schauspielerische Ehre zu retten. Das
1758 2967 2986 3029 #ist der Buhne angehören soll, ist die sichere Beherrschung der¬
594 2999 1534 3062 Ensemble war recht gut in „Liebelei“. Frl. Krip war
1756 3018 2999 3089 selben und sein naturlicher Konversationston geradezu erstaun¬
577 3056 1526 3100 ganz brauchbar in der Rolle der leichfertig frivolen
1764 3063 2987 3120 lich. Unzemein frisch und charalteristisch spielte Frl. Kriß
585 3085 1536 3130 Modistin. Herr Jarno stellte mit untrüglicher
1761 3103 3003 3171 die Mizi Schlager. Herr Link als Weyring gab eine
585 3129 1535 3178 Sicherheit eines flotten jungen Lebemann auf die
584 3150 1564 3222 Bühne, und Herr Adolph Link war ausgezeichnet als 9)
1588 3146 2975 3232 inelusiee Probe seiner bedeutenden Charakterisirungskunst, aber
405 3177 501 3236 Für
510 3182 1536 3259 50 k alter ehrlicher Violinspieler. Die Vorstellung war gut
1767 3179 2988 3254 leider störte das stark Aeußerliche, das seiner Kunst anhaftet.
1603 3233 1748 3279 Porto.
490 3237 1525 3297 100 besucht; das Gastspiel der beliebten Wiener Künstlerin
1768 3232 2975 3302 Anerkennend zu nennen sind noch Herr Kühle als „Ein Herr“¬
1593 3269 1754 3321 Zahlbar
488 3268 1525 3326 200 meigt sich dem Ende zu und übt daher um so stärkere
1769 3288 2990 3348 und Marie Koppersteiner als Frau Binder. Die Vor¬
477 3306 590 3348 500
592 3314 893 3378 Anziehungskraft.
1356 3286 1754 3393 v. I. C] im Vorau
1757 3320 2997 3392 stellung war vorzuglich inszenirt und das Zusammenspiel
464 3342 592 3394 1000
1764 3364 2992 3440 tadellos ineinander greifend. Auf die „Liebeler“ folgte des¬
530 3388 1749 3447 Im Gegensatze zu anderen Bureaux für Zeitungsausschnitte ist
1769 3408 2988 3483 selben Verfassers „Abschiebssouper“, welches in bekannter
412 3422 1753 3480 Abonnement durch keine bestimmte Zeitdauer begrenzt; — auch stcht es
1767 3476 2977 3519 Besetzung die bekannie hervorragende Wirkung aufs Neue
410 3476 1699 3531 Abonnenten frei die aufgegebenen Themen zu ergänzen oder zu ändern.
1762 3496 2850 3585 ausübte. Das Publikum zeichnete die Hauptdarsteller.
1791 3540 3021 3632 esondere Fräulein Niese durch oftmalige starken Beifall aus
