3484 4256
361 260 743 330 Liebelei
813 253 1329 360 box 12/7
189 268 758 369 S ESEE
713 727 1201 807 (Guelledangabe enne, Gewäkr.)
705 787 1220 851 Jalzburger Chronik
473 818 846 882 Ausschnitt au
923 834 1079 923 burg
617 850 918 927 28 001 125754
483 899 652 968 vom:
498 1031 1184 1131 Theater und Runst.
310 1122 1392 1192 „Liebelei“, das dreiaktige Schauspiel Schnittel
238 1148 1556 1234 hatte dem Dichter den ersten Bühnenengebracht. der
239 1189 1553 1276 Wiener Studentenleben bildet den Vorwurf. der in fastsirg
228 1252 1550 1336 photographischer Schärfe herausgearbeitet wurde, mitsan
236 1308 1463 1381 all dem gedanken= und sorgenlosen Leichtsinn, der nur
240 1360 1469 1426 solche Liebeleien möglich machen kann. „Ein Mädel
231 1414 1475 1485 zum Erholen nach all der Aufregung, nicht interessant,
224 1466 1551 1527 aber angenehm . 2. aus Kreisen, wo es keine tragischens we
247 1494 1534 1553 Verwicklungen gibt“, will Theodor in der Violinspie=ge
243 1540 1548 1621 #islachter dem Freunde Fritz zuführen, um ihn von St
557 1586 1544 1649 ### heilen, deren Liebe gefährlich werdensüt
668 1627 1478 1707 Gatte ist bereits dahinter gekom¬
237 1657 368 1708 TOni
812 1690 1463 1756 folgt ihm, von Christine weg¬
230 1698 526 1766 men, sor#
894 1742 1473 1816 für die fremde Frau, die¬
229 1748 695 1807 geholt, zum T##
1097 1782 1463 1852 ganzen Bangen
242 1802 822 1857 weil Christine um ihn ss
1080 1830 1472 1901 orgen und Qua¬
238 1839 932 1898 und Beben erster starker Lier
248 1869 1502 1957 len zermartert sie sich — der Vater kann keinen Trost!
1298 1920 1524 1997 gepre=n
240 1926 1214 1998 geben, er hat ja selbst gerade noch Geni¬
244 1988 1452 2037 digt — bis Theodor vom Begrähnis kommt. Sine wilde
245 2022 1445 2079 Anklage und sie stürzt hinaus. „Sie kommt nicht wie
250 2071 1478 2138 der“, weiß der alte Vater. Theodor steht leichtsinnig
243 2111 1482 2188 daneben und gewissenlos wie vordem. „Ich hab' es nicht
256 2166 1488 2239 geahnt“, ist alles, was der Kuppler weiß. Im Schlusse
246 2212 1490 2294 krankt das ganze Schauspiel. Der erste Akt gibt An¬
253 2267 1497 2333 sätze einer schweren Tragik. Doch das Horaz'sche „Carpe
257 2305 1540 2376 diem“ kann die Mittel dazu nicht geben; nicht einmal! 2
255 2351 1543 2426 von einer Tragödie des Leichtsinns läßt sich sprechen.n
254 2395 1539 2478 Nur ein fataler Zufall ist's, daß der betrogene Gattes?
257 2447 1511 2524 hinter die Geschichte kam, Fritz niederknallte, ein fa¬
250 2492 1559 2574 taler Zufall, daß Christine die Liebelei ernst nahm. Dies#
252 2545 1550 2624 Mizzi, das Modistenmädel, hätte sich eben wieder einenn
252 2595 1565 2670 anderen genommen. Diesmal geht sie noch am Armes#
264 2660 1505 2725 Theodors ab. Und der merkt auch nichts, daß Grund¬
266 2701 1510 2766 sätze zusammengebrochen. Er hat ja höchstens einen, der
260 2739 1543 2826 heißt, keine haben. Ein paar Tote machen keine Tra=st
261 2789 1498 2864 gödie, und das Mehr, das sie macht, vermag Schnitzler
276 2855 627 2909 nicht zu geben.
1467 2859 1559 2941 s0
322 2914 1509 2970 Die Aufführung befriedigte trotz des guten Spieles,
268 2957 1509 3023 das Baumgartner bot, nicht vollauf. Alice Plohn
270 3009 1514 3068 hatte ihren jungen, versprechenden Kräften zu viel
267 3051 1498 3118 zugetraut. Mehr, als Spicter können, macht die Auf¬
273 3108 1499 3168 fassung der Rolle. Da selllte es manchmal, besonders
280 3126 1552 3213 im letzten Akte, der darunter litt. Enzingers Mizzisg
272 3198 1509 3275 war einem Wiener Mädel gut abgeguckt. Herbst und
276 3258 1517 3313 Mazel spielten die leeren Rollen, so gut und schlecht
285 3300 671 3367 es eben anging.
385 3357 1532 3431 Aus der Theaterkanzlei wird uns ge¬
289 3412 1525 3479 schrieben: Freitag kommt das reizende und amüsante
272 3456 1522 3526 Lustspiel „Die Komtesse Guckerl“ mit den Damen
276 3500 1525 3572 Scholz, Hofvauer, Lerach und den Herren Herbst, Wey¬
285 3567 1470 3614 rich, Wurmser, Czernitz und Mazel zur Aufführung. —
287 3600 1534 3661 Samstag wird die Lustspielnenheit „Der Gatte des
292 3650 840 3731 Fräuleins“ wiederholt.
2168 895 2500 958 enen Schmerz.
1801 931 2670 991 „Liehelei“, Schauspiel in 3 Akten von Arther
1692 980 2688 1027 Schnißler. Eine kleine Alltagsepisode von dem jungen
1682 1022 2679 1072 derssich ein junges Mädel zur Freundin nimmt,
1678 1054 2689 1122 während ihm Herz und Sinne von einer verheirateten
1694 1100 2674 1150 „dämonischen“ Frau gefangen sind. Das Mädel war
1685 1136 2688 1191 jung und einsam und nahm diese erste Liebe voll Tiefe
1694 1185 2673 1228 und Heiligkeit auf. Und dann, als der Gatte jener
1692 1225 2688 1268 verheirateten Dirne hinter die Sache kommi und den
1696 1257 2683 1312 Nebenbuhler niederknallt, da erfährt Christine Weiring
1688 1295 2679 1352 erst am Tage nach dem Begräbnis, daß der, der für
1690 1340 2691 1389 sie alles war und dem sie alles gab, um einer Andern
1688 1378 2668 1428 willen gestorben war, daß Verwandte und Freunde
1699 1414 2678 1467 woll von seiner Beerdigung verständigt wurden, bloß
1690 1460 2667 1513 sie nicht. Was war denn auch sie in seinem Leben?
1691 1496 2679 1547 Und das ist alles so einfach hingeplaudert, ohne Pathos
1687 1530 2685 1584 und Zuhilfenahme szenischer Effekte, aber gerade in
1691 1583 2689 1629 dieser Schlichtheit, die vielleicht das höchste Raffinement
1683 1604 2688 1661 bede tet, unglaublich wirksam. Die Darstellung war,
1692 1657 2677 1706 bis auf einige beklemmende Stockungen, in denen n an
1686 1693 2689 1736 vom Souffleur über das Kommende deutlich unterrich tet
1700 1740 2682 1786 war, zum großen Teil sehr befriedigend. So zeicht eie
1688 1766 2686 1820 sich der neue Schauspieler Dr. Egglin in der Alle
1695 1804 2690 1860 des Theodor Kaisers in Ton, Sprechart, Geberde durch
1687 1856 2685 1918 frappierende Natürlichkeit, in Bezug auf die Transparenz
1697 1888 2690 1946 innerer Stimmungen durch feines psychologisches Erfassen
1693 1938 2684 1985 aus. Er war unstreitig der beli Gestalter des Abe ds.
1700 1969 2699 2024 Frl. Natzler spielle ebenfalle sehr gut. Weiche, bescelte
1696 2007 2700 2060 Mädcheninnigkeit, heiße Empfindung, über der ein
1697 2046 2689 2101 Hauch von Zarlheit und Würde verschleiernd liegt,
2439 2084 2687 2138 Mollik ver¬
1689 2094 2397 2144 bringt sie ergleisend zum Ausdruck. Fri
1877 2122 2684 2189 frisch und glar bhaft die leichtferlige #zzi
1699 2174 2692 2213 Schlager Ihr gelingt nur eines nicht: der Konversal ons¬
2465 2201 2684 2257 zum Los¬
2072 2207 2367 2263 Steigerungen
1698 2207 1902 2271 ton. So
1690 2240 2695 2289 gebundenlein, ist sie in ihrem Element. Frau Lichten
2462 2281 2698 2334 Rolle ent¬
1699 2287 2397 2339 als Frau Binder wie immer voll i
2428 2314 2699 2372 Kurt Weiß
1692 2334 2369 2377 sprechend. Den Friß Lobheimer gab
1694 2371 2686 2415 Sein unabgeschwächtes Schriftdeutsch stimmte nicht ganz
1701 2408 2697 2455 zu dem Wienerischen der Andern. Sonst machte er seine
1703 2436 2686 2492 Sache gut. Herr Steiner, der den Musiaus W# iring
1699 2483 2696 2529 und Vater Christinens gab, war bemüht, dieser lwas
1708 2521 2699 2598 künstlich konstruterten Rolle zur Realität zu verhelten.
2505 2555 2659 2615 M. P
1800 2592 2687 2655 Abschiedsabend Elbert. Am 1. September gab
1708 2646 2692 2713 Frl. Mary Elbert im Hirschensaale einen Abschieds¬
1699 2687 2700 2737 abend, zu dem sie sich zwei Gäste, den Schauspieler
1705 2719 2694 2784 Steidtner und Frl. Poldi Hütter aus Wien ein¬
1701 2754 2700 2814 geladen hatte. Frl. Elberl, die in Kurzem das Liremser
1715 2801 2699 2857 Stadttheater verläßt, war daselbst eine beim Publikum
1717 2842 2699 2894 beliebte Operettendiva. An ihrem Abschiedsabend bot
1712 2880 2712 2950 sie gleichsam eine Uebersicht über ihr vielseitiges Können,
1721 2944 2696 2979 Verständnis für Stimmungen, Koloraturgesang, weich¬
1718 2968 2700 3017 klingende Ansätze und geschicktes Handhaben der höheren
1717 3005 2702 3060 Register. Sie #ang Lieder und Walzerarien aus Operetten
1704 3046 2704 3097 und Opern. Schauspieler Steidiner bemühte sich, das
1710 3081 2718 3141 Publikum mit größtenteils improvisierten, einigen guten
1720 3130 2718 3175 und vielen platten Witzen zur Heiterkeit zu bringen.
1711 3157 2716 3224 Frl. Poldi Hütter brachte mit Feinheilen kleine Gemein¬
1719 3199 2712 3277 heiten, die durch die niedlichnaive Art, dieselben auf¬
1709 3249 2327 3311 zutischen, nicht verletzend wirkten.
1802 3265 2726 3377 Offrannmischas Maute.. . brbansi.“
