3484 4352
496 223 740 296 iebe
1002 225 1431 320 box 12/6
303 227 902 333 5. ei
626 791 1115 874 Tade onne Gewahr.
321 848 1548 961 ttc (Canlagleter
338 1002 481 1047 vom:
498 981 952 1101 B
330 1112 1384 1236 Theater, Kunst und Literatur.
424 1249 1379 1347 Dr. G. G. „Die Mächtigen“ ein Akt von
340 1336 1375 1394 Terramare, erwies sich als eine langatmige ge¬
340 1379 1384 1432 sprächige Renaissanzetragödie mit Römerdramen¬
329 1426 1385 1491 pathetik, Shakespeare'schen Lyrismen, Hebbeln¬
333 1470 1377 1539 der Kraftmaierei, Ibsenscher Symbolistik und
332 1524 1380 1580 kalter Dialektik. Das Thema der Macht, die über
346 1571 1388 1644 Liebe und Leichen geht, wird in technisch
345 1619 1386 1690 sorgloser Weise und in oft genug holprigen Ver¬
344 1676 1372 1720 sen, die mitunter in Alltagsprosa sprechen, er¬
338 1726 1383 1784 örtert. Auch Herrn Kutscheras Brusttöne
329 1772 1408 1852 konnten nicht überzeugen. Schmer
338 1826 1389 1867 belei"folgte in glänzender Tarstellung. Frl.
340 1868 1385 1938 Graf bot als Christine ihre bisher weitaus
335 1914 1379 1966 beste Leistung. Das Jnnige ihrer so lieben Na¬
343 1968 1391 2045 türlichkeit kam in restloser Weise zur Geltung
335 2021 1389 2085 und erreichte im Schmerza tsbruch des letzten
336 2063 1372 2127 Aktes in Wort und Spiel schlechthin schauspiele¬
337 2124 1381 2188 rische Vollendung. Jede ihrer Gefühlsäußerun¬
337 2168 1389 2239 gen war echt, wahr und zu tiefst ergreifend. Eine
358 2264 1404 2335 kleine Näherung an den Dialekt wird dieser rüh¬
366 2328 1393 2390 renden Gestalt die letzte Wiener Bodenständig¬
370 2378 1397 2428 keit geben. Frl. Graf gebührt volles, uneinge¬
360 2420 1418 2504 schränktes Lob. Ihr Gegenstück, die lebensklügere.
363 2475 1398 2529 Mizzi, wurde von Tilly Kutschera resch,
362 2528 1409 2589 fesch und springlebendig, wit Gesten und Mimit
367 2579 1408 2626 von frappierender Naturechtheit dargestellt. Dies
366 2625 1412 2678 erwies sich auch im stummen Spiel, das keinen
358 2679 1411 2723 leeren Augenblick hatte. Als Christinens Vater
357 2731 1408 2782 fand sich Kutschera mit seiner ruhig gestaltenden
361 2771 1403 2833 Kunst/in eigenster Domäne. Jeder Blick, jedes
358 2813 1405 2886 Wort fügte sich ganz selbstverständlich in diese
358 2862 1403 2933 ausgereifte Gestalt, in ihr tiefes Verstehen, ihre
343 2922 1397 2983 langsauf aufbrechende, hütende Liebe, ihr gütiges
351 2966 1409 3032 Verzeihen. Neben diesen drei gleichwertigen Ge¬
350 3020 1405 3090 stalten, die alles bloß Spielerische gänzlich abge¬
351 3076 1409 3130 streift hatten, bestanden auch die anderen recht“
357 3107 1402 3186 gut. Frl. Wiesners knappe, sichere Zeich¬
352 3167 1388 3227 nung, Herrn Reckes sympathische Liebenswür¬
350 3218 1405 3293 digkeit und Herrn Rehbergers Frische, die
359 3266 1415 3354 sich allerdings mitunter als forzierte Lustigkeit
351 3320 1395 3370 mit allzu schlenkernden Bewegungen gab. Es gab¬
347 3360 1394 3411 viel Blumen und Beifall vonseiten des splendid
336 3408 1390 3475 besetzken Hauses, dem Schnitzlers „Liebelei“,
354 3460 1410 3534 üher ein Theaterereignis hinaus zum erschüt¬
343 3489 905 3587 inden Erlebnis wurde.
1854 1465 2249 1542 Ausschnitt aus:
2257 1485 2670 1570 " Drünner Anrüige
2068 1546 2356 1630 74 00N. 1913
1858 1564 2002 1632 vem:
1861 1604 2100 1654 memceruneremen
1811 1631 2907 1704 des Thronrates war sehr durftig. Es wurde Kark applandiert.
1902 1672 2908 1720 ea. Die Mächtigen. Tiebelei. Zum Besten des öster¬
1811 1700 2901 1771 reichischen Bühnenvereines, gastierten Diktor Untschera und seine
1816 1746 2903 1807 Tochter Tilly. Zuerst eine Kraufführung „Die Mächtigen“.
1813 1781 2918 1842 Georg Terramare ¼ ein Name, der uns mit diesem Stücke
1808 1823 2915 1881 zum ersten Male aufstößt hat schon so äsiches geschrieben.
1818 1881 2913 1949 Wir konstatieven das Dorhandensein von Romanen und Novellen.
1827 1907 2914 1962 Und auch dieses Aktes' „Die Mächtigen“ Als Renaissancedrama
1824 1943 2907 2011 ist es durch seine breitausgesponnene Epik an scharfer Kon¬
1811 1980 2902 2034 tourierung der Charaktere verhindert. Die Mächtigen sind die
1827 2017 2906 2084 die ihre Schwächen zu ihren Stärken machen, will wahrscheinlich
1820 2061 2916 2125 Terramare sagen. Das was er dazu an Handlung dietet sind
1814 2100 2903 2171 pathetische Mono=Dialoge (die Personen sprechen ohne aneinan¬
1823 2139 2918 2189 der Anteil zu nehmen) und bildhafte Spmbolik. Dilettanten
1825 2180 2908 2245 halten Dathos für Dramatik. Es gehört doch etwas mehr dazu,
1825 2223 2914 2268 wie Schiller bewiesen hat. Herr Kutschera schuf etwas ungemein
1836 2266 2913 2322 Massives in der Gestalt des Messer Ludovico. Frl. Graf sah
1833 2297 2928 2371 sehr hübsch aus, blond steht ihr gut. Herr Bing war süßlich
1828 2334 2925 2408 und flötete wie gewöhnlich. — „Tiebelei“ ist reizend in seiner
1832 2383 2922 2443 leichten Unmodernität. Das Wien von vorgestern, das Makari¬
1827 2420 2933 2480 Wien ist da zum Stil erhoben. Die Natürlichkeit strömt Duft
1828 2453 2964 2529 aus und die sanfte Sentimentalität erhebt sich zu erschütternder
2042 2527 2142 2581 ig
2668 2506 2900 2591 Seite 3
1827 2649 2946 2720 Cragik. Kleine Episoden geben die Zeit. Wie zum Beispiel die
1827 2702 2927 2746 Schlager Mizzi den „Doppel=Adler“ am Klaviere verlangt, sie
1828 2728 2935 2795 si gt ihn dann auch; Herrgott, wie unmodern klingt dieser
1833 2776 2937 2833 Militärmarsch!. Frl. Kutschera hat Temperament, ist drollig
1838 2810 2939 2875 und völlig unaffektiert. Das macht ihr Spiel spmpathisch und
1829 2864 2938 2908 entscheidet für ihr Calem. Herr Kutschera gab den seelenguten
1836 2884 2937 2955 Dapa Weiring. Frl. Graf spielte die Heldin, Heer Recke den
1838 2939 2927 2988 Belden (als unmoderner Elegant in seinem Element), dann war
1830 2984 2941 3048 noch Hrr Rehberger etwas aufdringlich vorhanden und Herr
1821 3016 2482 3080 Strauß. Es wurde stark applandiert.
