3484 4256
280 190 668 271 Liebelei
261 201 1276 315 1 box 13/8
2180 286 2602 363 Telefon 12801.
1896 386 2889 483 Unternehmen für Zeitungs-Ausschnitte.
2764 460 2959 525 Ausschnitt
1623 468 1896 593 9105
2055 473 3054 623 „OBSERVER“ ur. 36
1665 594 3102 684 I. österr. behördl. conc. Bureau für Zeitungsberichte u. Personalnachrichter
1842 681 2923 760 Wien, IX/1. Türkenstrasse 17.
2075 742 2706 827 Filiale in Budapest: „Figyelé“
1757 831 3011 904 Vertretungen in Berlin, Chicago. London, Newyork, Paris, Stockholm.
2145 884 2833 1006 FigarolParis)
1662 938 2196 1026 Ausschnitt aus:
1660 1049 1981 1156 vomügft
1933 1261 2819 1463 PROPOS DE THEATRE
2127 1511 2597 1587 CHEZ MIme SORMA
1952 1573 2801 1666 Pres du lac de Wannsee, luisant
1910 1619 2802 1715 comme une plaque d’étain sous le soleil
1923 1696 2799 1744 de juillet et, de velours assombri, dans
1920 1733 2812 1784 les soirs d’automne, se dresse la villa de
1928 1783 2803 1829 la plis grande actrice de I'’Allemäglie, de
1931 1824 2813 1876 celle qu'lbsen a coutume d’appeler ala
1931 1874 2802 1933 meilleure de mes Norà v. Ete comme
1927 1907 2807 1972 hiver, Mme Sorma y habite avec son
1935 1960 2805 2013 mari le baron de Minotto et son fils.
1927 1992 2807 2046 Elle s’yplait surtout, alors que ie brouil¬
1934 2040 2809 2106 lard crépe les sapins de dentelles, que la
1917 2090 2807 2149 June baigne les clairières, et qu'à travers
1920 2135 2818 2201 les arbres pareils à des Dianes Fantemesn
1912 2169 2812 2243 il sembie que Rautendelem doive appa¬
1919 2228 2814 2288 raitre, gaie ou pensive, éveillant les
1918 2258 2810 2329 échos par'son rire aux grelots d’argent.
1948 2310 2804 2371 Car Mme Sorma esi Rautendelein elle¬
1918 2344 2797 2414 môme et, malgré ses grands yeux noir
1650 2396 2800 2460 Für 50 Zeitu d'ltalienne, ce sont les légendes et les
2835 2397 3029 2483 inclusire
1683 2434 1829 2491 „ 100
1916 2442 2786 2495 héroines du Nord que cette Polonaise in¬
1739 2479 1845 2524 200
1921 2474 2800 2544 carne à la perfection. Gest leur Charme,
2848 2502 3013 2557 Zahlbar
1736 2512 1841 2561 500
1920 2509 3038 2597 c’est leur aderable naiveté qu’elle vien-j im Voraus.
1696 2553 1842 2613 „ 1000
1919 2571 2784 2632 dra défendre et mettre en valeur, à Paris,
1772 2599 3007 2676 Im Gell’année prochaine. Et c’est pour cetté fhnitte ist
1655 2635 3074 2729 Abonnement fraison, à mon avis, qu'elle saura, à côté sch stehte#den
1650 2696 2980 2778 Abonnenten fie la Diise, à ôtc de Sarah Bernlierdt. ändern
1891 2740 2792 2804 nous donner une note d’art originale,
1910 2783 2790 2827 nous procurer un frisson nonveau. Gest
1906 2822 2793 2867 ##rctemme-enfant v, sans afféterie, sans
1910 2860 2782 2920 coquetterie, jeune par la simplicité de sa
1908 2901 2793 2970 nature, par la vivacité de ses mouve¬
1898 2962 2794 3009 ments, par la limpidité de ses yeux, sur¬
1906 2992 2805 3070 tout par la frascheur exquise du senti¬
1911 3043 2804 3110 ment. Telle je Ivais vue dans Nora, télle
1916 3092 2778 3145 je l'ai retrouvée dans la Cloche enchan¬
1908 3121 2795 3196 tce. Telle, elle doit étre aussi, dans la
1902 3171 2788 3214 Gretchen de Faust. Ce naturel, d’on jail¬
1904 3211 2791 3258 lit la vie de ses röles, elle sait le conser¬
1910 3244 2788 3316 ver pour exprimer une profonde deuleur
1897 3305 2773 3351 et après nous avoir enchanté par le
1896 3351 2781 3404 charme de sa galté primesautière elle
1901 3389 2770 3432 nous serre, elle nous brise le cceur, en
1900 3426 2773 3507 nous la montrant s’étioler, s’éteindre,
1896 3473 2508 3528 mourir devant le malheur.
1942 3492 2765 3576 Sans doute cest dans des pièces fran¬
1897 3554 2777 3620 çaises qufelle a remporté quelques-uns
1893 3603 2771 3657 de ses beaux succès. C’est le röle de Su¬
1891 3648 2769 3706 zanne dans ie Monde ou V’on Fennuie qui
1888 3680 2775 3748 T’a mise cn évidence. Cyprienne et Dorz
1891 3728 2783 3799 ont compté parmi ses triomphes les ple
1890 3773 2765 3829 éclatants. Il eüt été infimtment intéres
1891 3828 2785 3878 sant pour des Français de la voir inter¬
1888 3873 2777 3921 préter le röle de Celimène. J’estime tou¬
1884 3908 2772 3964 tefois qu'elle a raison de venir à Parris
1883 3951 2769 4014 comme e femme du Nord ##et d’y livrer
1881 3983 2773 4050 cränement balaille à la fois pour-son
1889 4043 2760 4096 art si personnel et pour toute la jeune
1886 4087 2765 4151 école dramatique allemande, sous le pa¬
1877 4126 2591 4175 tronage du grand maltre Gethe.
