3344 4256
-10 2779 73 2838 Um
-12 2821 87 2888 ihn
-10 2877 80 2932 Rc
-3 3077 41 3120 erc
22 2248 73 2298 in
488 201 760 282 Liebel
1002 198 1452 301 box 11/2
311 211 1003 328 5. A   1
1056 1494 1292 1590 — —
714 1568 1771 1637 Es heißt denn auch, daß Stolypin an der Ausarbeitung
232 1551 633 1649 em solcher Eingriff in
666 1613 1763 1695 eines Memorandums über die „Echtrussischen“ Umtriebe be¬
228 1630 650 1700 weis begründen, daß
668 1657 1764 1737 griffen sei. über deren Gefährlichkeit mag man sich einen
219 1682 647 1752 gend, wenn nicht aus¬
676 1721 1766 1786 Begriff machen aus der Außerung, die ich in einem der
227 1728 651 1797 zen polnische Arbeiter
676 1757 1780 1831 Hetzblätter der Partei finde und die an Offenheit nichts zu
224 1782 636 1846 ziehung kaum weniger
230 1806 1766 1886 siter. Es liegt auf derI wünschen übrigläßt: „Wir kämpfen um die Herrschaft auf
680 1896 1763 1968 gemacht wird. ... Der Liebhaber dünn. Die Schlager¬
672 1949 1771 2016 Mizi peinlich. Selbst Pagay als Vater doch mit
213 1944 641 2048 ah, erweckt sympa¬
668 2007 1775 2063 etwas Musikerfremdem, zu Spitzem, zu Altem be¬
231 2007 639 2081 war das Spannen
674 2065 1778 2120 haftet. Der Gatte Steinrück wirkungsvoll; ja. Neben¬
227 2063 642 2129 Regiestück von über¬
678 2093 1770 2164 bei hat er das Rätsel gelöst, welchen Namen der von
229 2114 642 2179 nkt man frei von
676 2149 1729 2211 Schnitzler unbenannte fremde Herr trägt. Mudicke.
221 2169 647 2229 keilweis gepackt, teil¬
725 2202 1777 2264 Sonst gab es eine kleine Nuance. Bei Schnitzler
228 2209 657 2279 m stärksten Auftritt.
679 2240 1779 2315 wird der junge Mensch vor dem dritten Aufzug er¬
235 2265 644 2325 g, das an den Zu¬
680 2305 1780 2358 schossen; in den Kammerspielen vor dem ersten. Wie
235 2307 657 2377 (man lache nicht)
677 2342 1781 2415 fagt der Feuilletonist? Schatten vorauswerfen? Hier
227 2351 654 2420 ieß. Die Sendung
684 2394 1773 2457 wurden Schatten mächtig vorausgeworfen. Das Um¬
229 2397 652 2480 sein im Heroischen...
677 2436 1776 2517 schlagen im dritten Akt war kaum noch möglich. Der
684 2483 1783 2563 Christin' fällt es da wie Schuppen von den Augen?
207 2479 650 2569 ten. Beim Hinaus¬
673 2532 1779 2602 Hier wurden die Schuppen zuvor mächtig herum¬
224 2552 655 2619 ück wird in späten
1654 2584 1778 2646 Aus
688 2588 1641 2655 gereicht. (Viel über des Dichter Absicht.)
212 2593 656 2684 n heut ist es ein
677 2627 1776 2702 dem innig=leichten Lebensspiel, das sc#rz endet, wird
229 2650 654 2710 uns. Denkt man an
691 2680 1784 2747 eine trübe Tragödie von vornherein. Diese Nuance
229 2695 657 2759 r), so sind die Ge¬
700 2740 1082 2811 ist nicht ratsam....
221 2742 652 2813 mannigfacher, gegen¬
731 2758 1780 2846 Ich verstehe Reinhardt schwer, weshalb er unter
226 2799 655 2864 alte werden in allen
687 2828 1780 2911 solchen Umständen die Liebelei gab. Ja doch, ich
215 2843 655 2908 nd länger. Während
679 2877 1791 2938 versteh' ihn: denn Lucie Höflich ist eine Künftlerschaft
217 2892 662 2964 leicht nur für Deutsche
689 2925 1779 2999 seltenen Ranges. Keine Reue ist denkbar, da sie hier
233 2939 658 3003 t diese Art des Viel¬
699 2971 1778 3045 spiekte. Von der Erinnerung an die Sorma trotz¬
234 2988 657 3065 im Anders=Sagen;
688 3030 1790 3107 dem, bitte, kein Wort; bei der kamen (ich hab' es
227 3036 667 3103 tzer verstummt so oft
687 3068 1789 3141 gesehen, so wahr ich hier sitze) schwermütige Flügel
245 3086 659 3155 Ich meine die ersten
692 3129 1790 3183 hinten heraus.... Genug. Die Schauspielerin L. Höflich
692 3172 1792 3235 ist ein begnadetes Blut; sie hat den Schrei, den
227 3172 663 3252 und dünn gespielt.
690 3234 1790 3291 leuchtenden und den tiefen; sie wird uns noch Wunder¬
216 3232 658 3296 n, wie die Sache ge¬
682 3280 994 3356 bares geben.
240 3279 672 3362 wie sie viel besser
2572 1438 2688 1549 0n
1965 1494 2582 1578 Es ist und bleibt doch stets eine
1965 1568 2370 1645 Palast=Revolution.
1978 1619 2574 1694 In Nerz wird die Zetkin gehen,
1968 1677 2588 1741 Zu Roß sprengt Rosa daher...
1958 1725 2514 1792 Hast du das Schloß gesehen,
1957 1768 2536 1856 Das hohe Schloß am Meer?
2669 1803 2837 1854 Caliban.
1843 1892 2892 1953 ... Das nun begonnene neue Jahr ist trompeten¬
1802 1939 2902 2009 los eingeleitet worden. Oder hab' ich die schweren
1812 1996 2908 2046 Ankündigungen nur versäumt, als ich in Karthago faß?
1848 2043 2906 2094 In jedem Fall (und zu eurer eigenen Abschreckung)
1800 2083 2902 2146 will ich nun hinschreiben, was ihr im vorigen Herbst
1810 2134 2901 2195 bestimmt mit vollem Munde verspracht und einfach
1812 2181 2901 2248 nicht erfülltet. Was alles unmittelbar bevorsteht! Die
1810 2231 2897 2298 Direktion „hat“ den Spielplan „festgelegt“. Man sehe
1805 2273 2910 2339 nun zu. Ein Werk von Gorki. Wurde nicht gespielt.
1808 2328 2910 2392 Vollmöllers Gräfin von Armagnac. Wurde nicht
1811 2383 2909 2442 gespielt. Ein unbekanntes Werk von Hofmannsthal.
1815 2432 2909 2486 Wurde nicht gespielt. König Lear. Wurde nicht ge¬
1810 2473 2905 2541 spielt. Die „Amoureuse“ von Porto=Riche. Wurde
1806 2537 2914 2588 nicht gespielt. Turandot. Wurde nicht gespielt. Ein
1812 2576 2912 2633 Werk von Ruederer. Wurde nicht gespielt. Emilia
1818 2622 2909 2684 Galotti. Wurde nicht gespielt. Der „Zerrissene“ von
1808 2679 2908 2733 Nestroy. Wurde nicht gespielt. ... Diese Nachrichten
1810 2712 2914 2780 hat man (vor Eröffnung der Kammerspiele) den
1818 2763 2905 2826 deutschen Stämmen offiziell vermittelt. Als besondere
1812 2807 2918 2873 Anziehung des genannten Instituts glitt die „Büchse
1820 2862 2913 2918 der Pandora“ (wie auf Schienen, die mit Gänsefett
1826 2906 2909 2979 befeuchtet waren) in die Reichsöffentlichkeit. Wurde
1824 2958 2913 3027 gleichfalls nicht gespielt. ... Was soll man dazu sagen?
1809 3018 2917 3073 Mit dem Kopfe wackeln und miauzen? Man soll
1842 3061 2777 3124 rufen: O mare ricinum! Und: Bessert euch!
1858 3112 2916 3182 Ich behaupte: wenn die Gebarung jetzt einfacher
1820 3156 2595 3236 ist, hat die Kritik ihren Anteil daran.
1857 3194 2918 3261 Im übrigen: zeigt, was ihr könnt. Wir geben fair
1805 3256 2657 3333 play. Und wir bürgen für Gerechtigkeit.
