3436 4224
280 188 654 259 Liebelei
825 178 1247 268 box 12/7
224 216 797 303 nnen enen nen  1
372 1052 1085 1179 Klose & Seidel
425 1158 1034 1236 Bureau für Zeitungsausschnitte
368 1216 1083 1295 Berlin NO. 43, Georgenkirchplatz 21
690 1272 830 1343 —
360 1386 582 1467 Zeitung:
686 1404 1010 1489 Berhn
355 1455 502 1526 Ort:
365 1523 606 1603 Datum: —
808 1606 933 1674 B
641 1667 1173 1752 „Liebelet“ als Oper.
752 1736 1050 1818 Volksbühne.
345 1811 1513 1879 (Man kann ein kleines Pastellbild nicht als Sujet für ein breit
305 1876 1519 1920 angelegtes Oelgemälde verwenden. Der Duft des Kolorits würde
317 1899 1527 1948 unter der Vergröberung empfindlich leiden. Man kann aber auch
312 1942 1530 1987 nicht das Geplauder von Anthur Schnißlers bittersüßer Liebes¬
313 1983 1529 2040 episode zum Text einer dreiaktigen Oper auswalzen. Die lässig¬
313 2034 1521 2078 harmlose Diktion in ihrer flüchtigen, skizzenhaften Manier wird
309 2063 1531 2119 durch die Musik mit Zentnergewichten belastet, die sie zu tragen nicht
316 2108 1527 2159 fähig ist, und oft kommen eher komische Wirkungen zustande, wenn
314 2162 1534 2207 der Liebhaber an der Wand hängende Oeldrücke oder das Konver¬
323 2203 1533 2248 sationslexikon im Zimmer der Geliebten bewundernd aufingt. Zu¬
319 2240 1536 2286 dem bietet die konventionelle Sprache nur selten dem Komponisten
327 2279 1523 2328 Gelegenheit, sein Herz auszuschütten. So hat denn Franz Neu¬
327 2315 1537 2364 mann, dessen „Herbststurm“ wir im Charlottenburger Opernhause
316 2352 1535 2416 sahen, zur „Liebelei“ eine mehr als konventionelle Musik geschrieben,
308 2395 1536 2465 die sich durch gezwungene Melodik und reichlich öde Stellen aus¬
318 2437 1531 2486 zeichnet. Die Gegensätzlichkeit echt Wiener Charaktere, wie sie die
316 2478 1529 2540 Abendgesellschaft des ersten Aktes zusammenführt, Heiterkeit. Humor
323 2522 1544 2574 und Frohsinn gegen Schwermut und Liebesseligkeit mußte vie plasti¬
311 2563 1545 2624 scher gestaltet werden. Die Impulse, die der Handlung Bewegung
316 2607 1531 2654 und Fortschritt geben, sind dafür mit übertriebenen Mitteln unter¬
316 2652 1527 2700 strichen und wirken dadurch unnatürlich grotesk. Einzig die Zwie¬
328 2688 1531 2744 sprache der beiden Liebenden im zweiten Akt ist zu einer hübschen,
332 2740 1534 2791 auch melodisch gut fundierten Szene entwickelt worden. Die Orchester¬
321 2774 1532 2821 behandlung ist, von den Derbheiten im Affekt abgesehen, sauber und
321 2814 1521 2871 glatt. Aber die Erfindung ist totenbleich. Und die stumme Duell¬
319 2856 1538 2914 szene zu Beginn des letzten Aktes nähert sich stark dem Kinomäßigen.
363 2910 1535 2956 Die Darstellung hatte demgegenüber einen schweren Stand. Das
321 2939 1538 2995 erwähnte Duett wurde von dem frischen Tenor Hans Heinz Boll¬
321 2993 1543 3041 manns und der nur zu schwerblütigen Margarete Schle¬
321 3046 1538 3082 müller, die im übrigen herzlich wenig von einem Wiener „süßen
317 3080 1530 3125 Mädel“ hatte, mit Erfolg durchgeführt. Desider Zador war ein
325 3117 1530 3166 guter, beweglicher Theodor, Friedel Schwarz eine muntere Mizi.
317 3152 1540 3201 bei den übrigen aber allzu Bedeutsames nicht festzustellen. Die
319 3189 1538 3254 sichere und feine Regie Maximilian Moris' hob das Ganze
327 3242 1538 3289 auf eine beachtenswerte Stufe künstlerischer Einheitlichkeit. Eugen
332 3269 1544 3322 Gottlieb leitete das Orchester, ließ sich aber nur zu gern ver¬
332 3320 1538 3375 führen, jedem Gefühlsausbruch des Komponisten willig und sehr
319 3357 1538 3408 weit nachzugeben. Den Erfolg dankt die Oper dem Schauspiel. Ohne
1355 3399 1526 3462 lbd.
327 3406 764 3482 Musik ist es mir lieber.
1902 1076 2633 1212 Rlose & Seidel
1865 1218 2667 1320 Bureau für Zeitungsausschnitte
1862 1292 2684 1384 Berlin NO. 45, Georgenkirchplatz 21
1835 1492 2646 1576 Zeitung: Berliner Morgenpost
2517 1593 2730 1678 Berlin
1857 1630 2003 1696 Ort:
1846 1733 2709 1810 Datum:eseeessessseteeeeeeeeee u
2170 1891 2451 1985 „Liebelei“.
1943 1961 2636 2052 Volksbühne am Bülowplatz.
1875 2019 2750 2090 Was vor einigen Jahren noch ein zweifel¬
1891 2073 2755 2126 haftes, wenn auch sehr ernst gemeintes künst¬
1882 2106 2756 2168 lerisches Experiment war: die Vertonung von
1877 2159 2747 2211 Schnitzlers Schauspiel „Liebelei“ als Operntezt
1889 2192 2756 2239 durch den Frankfurter Kapellmeister Franz
1883 2216 2755 2289 Neumann, ist heute ein mit Beifall auf¬
1881 2263 2753 2313 genommenes Inventarstück der modernen Opern¬
1882 2305 2760 2357 literatur geworden. Die Sommerdirektion
1878 2348 2759 2400 Heinrich Neft brachte das Werk unter Maximilian
1880 2387 2750 2422 Moris künstlerischer Oberleitung in der
1884 2408 2771 2471 Volksbühne in einer sehr guten Aufführung
1878 2448 2724 2508 heraus. Franz Neumanns Melodien geben C###
1884 2500 2752 2553 fühltes wieder und unterstreichen in nieme
1888 2537 2740 2582 aufdringlicher, doch wirkungsvoller Weise 6#¬
1876 2569 2752 2629 Vorgänge auf der Bühne. Sie sprechen deshalb
1878 2614 2756 2659 zum Herzen, und auch der kühler wagende Ver¬
1883 2651 2750 2726 stand ist gern mit dieser tüchtigen Arbeit ein¬
1873 2681 2098 2746 verstanden.
1929 2712 2748 2785 Viel zum Erfolge trug die Darstellung bei:
1864 2753 2755 2816 Hans Heinz Bollmann ein Spieltenor von
1871 2803 2755 2849 nicht geringen Qualitäten, dem auch der heldische
1882 2850 2758 2885 Klang des wohlgeschulten Organs zur Ver¬
1874 2883 2750 2943 fügung steht, Desider Zador, dessen stimmliches
1874 2935 2755 2979 und schauspielerisches Können sich in erfreu¬
1877 2968 2756 3019 lichem Wettstreit die Wage hielten, Hermann
1881 2996 2750 3039 Kant, der seit seinen Wiener Lehrjahren gute
1871 3033 2748 3085 Fortschritte gemacht hat und Helmuth Berndsen,
1875 3073 2742 3129 der sich geschickt mit der dankbaren Rolle des
1873 3112 2748 3173 alten, guten Vaters Weiring abfand. Die Damen
1868 3154 2749 3205 hatten es am schwersten in dieser so leicht ins
1866 3193 2741 3244 Ohr gehenden und so schwer zu singenden Oper.
1871 3237 2744 3276 Aber auch sie, Margarete Schlemüller und
1865 3264 2747 3315 Friedel Schwarz, trugen mit redlichem
1862 3313 2735 3378 Wollen und ausreichendem Können zu dem Er¬
1857 3339 2335 3411 folg der Aufführung bei.
2524 3349 2745 3415 E. N—r,
