3484 4256
948 177 1386 262 box 12/6
427 176 810 248 Liebelei
254 177 816 285 5. K
442 1270 877 1346 Ausschnitt aus:
672 1315 1619 1407 RaMMner Deutsche Vellksgenung
458 1375 619 1435 vom:
638 1412 682 1476 1
592 1559 1315 1660 Vom Stadttheater.
546 1643 1451 1714 Schnitzlers „Liebelei“ wurde schon des öfteren
457 1680 1454 1746 auf unferer Fllise aufgeführt, und wenn wir nicht
457 1730 1447 1799 Virren, das letzte Mal von Mitgliedern des Burg¬
467 1767 1458 1820 theaters. Aber wir gestehen es gerne zu, daß auch
469 1810 1455 1861 die diesmalige Aufführung, die wir Donnerstag den
468 1855 1451 1896 28. Jänner hatten, von einer ganz vorzüglichen Art
464 1889 1454 1941 war und allen Mitwirkenden uneingeschränktes Lob
462 1924 1461 1983 gebührt. Im Vordergrunde des Interesses stand eine
463 1965 1454 2026 Debutantin, Frl. Steffi Jahn, welche die Rolle der
473 2008 1465 2053 Christine, der Tochter des Violinspielers Weiring,
467 2043 1454 2109 innehatte. Sie bringt wohltuende Natürlichkeit mit
474 2091 1461 2136 und weiß mit voller Sicherheit lebenswahres Spiel
469 2128 1466 2175 hinzustellen, ohne die feinen Pointen künstlerischer
477 2169 1459 2217 Sorgfalt außeracht zu lassen; insbesondere in der
469 2203 1461 2261 Schlußszene zeichnete sie mit kräftigen Strichen und
479 2248 1454 2290 erzielte damit tiefe Wirkung. Ihre Aufnahme ge¬
470 2290 1463 2335 staltete sich denn auch auf das freundlichste. Ihren
469 2313 1470 2380 Vater Hans Weiring gab Herr Hans Volker mit
476 2356 1462 2413 sicherer Routine und die Mizzi Schlager gab Fräulein
479 2397 1474 2451 Lauterböck Gelegenheit, in der Verkörperung der
471 2453 1470 2486 Lebensauffassung von der leichteren Seite auf das
476 2474 1473 2524 prächtigste zu wirken. Den Ton der tratschsüchtigen
471 2514 1476 2565 Katharina Binder traf Frau Tonie Gerö=Zöler recht
478 2560 1465 2607 gut. Herr Rilly Volker wußte aus der Rolle des Fritz
477 2595 1475 2657 Lobheimer alles herauszuhohlen, was sie bietet, was
488 2628 1474 2681 ebenso von Herrn Ardo Rolf als Theodor Kaiser gilt,
484 2672 1481 2721 der im Gegensatze zu seinem Freunde das mehr heitere
482 2719 863 2781 Element verköcpert.
588 2757 796 2816 Ala „
2230 560 2743 661 (Quellenangape ohne Gewhr.)
1918 637 2357 709 Ausschnitt aus:
2465 627 3027 797 Den Taghlut, Pan
2530 698 2870 817 Abendblatt
1919 724 2391 798 vom: C.,1319/3
2115 848 2951 953 — Landestheater. Liebelei. Komtesse
1963 887 2923 983 Mizzi Zu Schnitzler. Wenn dies nicht additiv.
1961 937 2163 1000 sondern 4
2462 959 2918 1016 ist, kann man in die¬
1957 960 2922 1065 ser Diste hals zwei Stellen in der Enzwecl¬
1954 1032 2932 1126 lung eines einzelnen Falles erkennen: Den Aus¬
1953 1074 2924 1147 gang einer Richtung. „Liebelei“ steht am An¬
1961 1127 2933 1195 fang der „Moderne“, die undembar zerflattert ist.
1964 1160 2932 1232 „Komtesse Mizzi“ ist schen der neue Schnitzler;
1955 1207 2929 1273 noch immer ist der „große Virtnose der kleinen
1947 1251 2925 1321 Note“ zu erkennen, aber es ist der gewandtere,
1945 1287 2924 1364 mehr in der Oberfläche zeichnende Dichter. Die bei¬
1951 1335 2922 1415 den Stücke nebeneinander geben viel vom Profil
1945 1380 2923 1452 seines Werdeganges. „Liebelei“ ist nicht mehr ganz
1950 1429 2924 1484 Gegenwart, trotz des Theaterzettels, ist das im¬
1948 1451 2971 1550 ponderabile Wien, von dem nur mehr erzählt als
1941 1508 2920 1583 gesehen wird, aber es scheint fast, als gemänne es
1949 1556 2919 1638 durch seine sentimentale Vergangenheit, wenn es
1954 1604 2909 1651 in allen seinen Unwägbarkeiten getroffen wird.
1957 1641 2903 1698 Dieses feine Gewebe, das so leicht zerreist, war ge¬
1951 1665 2919 1744 stern in merkwürdig sicheren Händen. Herr Louis
1951 1722 2918 1790 Böhm: Fritz Lobheimer, der Wiener, liebens¬
1955 1779 2920 1835 würdige und leichtsinnige... (dem Wiener Wort¬
1949 1813 2908 1877 schatz fehlt das Synonym für Violin), Herr Ro¬
1944 1846 2909 1905 imanowsky gleichenmaßen charaktervoll. Natür¬
1947 1901 2919 1963 lichkeit als Schauspiel, und darum ungemein leben¬
1945 1930 2913 1996 dig, rührend und weit mehr, war Karl Fischers
1934 1983 2921 2064 alter Musikant. Hermann Bahr bringt zur Fixie¬
1940 2014 2914 2098 rung Schnitzlers (des Liebeleidichters) das Zitat:
1938 2058 2912 2137 „Il sait tont les sentiers du coeur, il n'en con¬
1939 2112 2911 2183 nait pas le grand chemin.“ Es sind schwebende
1948 2145 2909 2231 Dinge, flatternde Gefühle, kleine Herzlichkeiten, die
1936 2209 2909 2266 an den Tag müssen. Das „liebe Mädel“ ist aus
1942 2252 2685 2299 solchen Unbestimmtheiten gemacht. Fräu
1940 2295 2636 2346 tinger findet hier wenig, fast nich
1942 2339 2633 2396 sches Gesicht, aber stereotyp, im La
1941 2374 2643 2435 in Weinerlichkeit und auch bei den Ti
1935 2413 2655 2475 Liebes, höchstens Liebliches. Fräulein
1933 2458 2704 2532 kys Mizzi Schlager war sehr blutvoll un
1940 2506 2647 2558 Mitte von der Modistin zur
1932 2557 2705 2612 mödie um die Komtesso Mizzi herum
1932 2579 2709 2652 Dewal, die im Konversationsstück imme
1929 2643 2723 2691 wurde sehr angenehm gespielt. Herr Otto
1935 2669 2734 2743 bera ist ein ungarischer Graf (vielleicht
1922 2706 2765 2814 Maske ein weing Budapester Börsemann),
1927 2806 2885 2866 Alfred Rittig ausgezeichnet als Fürst Raven¬
1920 2843 2863 2911 stein und Dekadent (mit paralytischen Streiflichtern;
1927 2900 2878 2956 was nicht sein müßte). Frl. Giselsa Klein eine
1923 2934 2884 2997 brave Lolo Lanzhuber, ehemals Balletteuse, Herr
1916 2973 2869 3031 Soltau, scheinbar unbehaglich in der Rolle des
1921 3028 2945 3070 frechen Philipp. Das volle Haus war von der Lie¬
1920 3065 2862 3144 belei gerührt, von der Komödie amüsiert und sohr
1921 3096 2356 3181 freigebig im Beifall.
2565 3130 2773 3231 2
