3344 4224
421 127 945 234 Zweites Blatt.
1201 92 1806 307 Bremer
1859 133 3246 312 General=Anzeiger.
530 196 867 304 Nr. 290.
1251 359 2208 433 denen sie in Berührung kommen, ernst, während
2188 363 3351 436 frau, die im zweiten Akt auftritt. Daß das Stück kleinen, u
341 365 1225 477 Bremer Stadt-Theater.
1235 406 2211 488 Theodor und Mizzi leidenschaftslose Naturen sind,
2189 416 3330 486 auf Wiener Boden erwachsen ist, iverhehlt sich gab ein
562 456 1006 538 Gastspiel Sorma:
1217 450 3348 527 die das Leben genießen, aber einer vollensuirgends; das giebt sich an seinen liebenswürdigen Stelle ab
1239 501 3141 589 Freude, einer großen Liebe nicht fähig sind. Menschen ebenso, wie an vielen kleinen Zügen kund.
3130 524 3268 589 hätte
433 499 1141 588 „Liebelei“. „Esther“.
1231 554 3148 636 Nun hat Schnitzler sehr fein das stärkere Wiener Freude an Musik klingt in dem Stück
3139 566 3362 650 wenig m
339 561 1262 645 Agnes Sorma in Bremen! Was dieser
1234 600 3148 681 Temperament den beiden Frauen zugewiesen undlwieder, und auch dem Kahlenberg wird ein, wenn
3267 609 3360 679 B
277 607 1250 702 Name heute für eine Zauberkraft besitzt, das
1253 650 3155 734 dadurch unterscheiden sie sich wieder von den auch flüchtiger Blick gegönnt. Es ist eine lebens¬
3183 654 3359 734 Vorau
273 667 1265 745 bewies die gestrige Vorstellung unseres Stadt¬
1241 699 3139 772 Männern. Während Fritz seine Liebesgeschichten volle Schöpfung, die Schnitzler mit seiner „Liebelei“
3126 694 3360 800 in der Fr
276 727 3146 821 theaters. Das Haus war bis zum letzten Platz zu ernst nimmt, wie ihm Theodor in leichterer geschaffen hat, dem Leben mit der Kraftdes Künstlers
3137 764 3330 830 konnte,
283 777 3352 865 gefüllt, die Stimmung festlich, und die liebe Lebensauffassung vorwirft, wird er von einer nachgebildet. Freilich wird ein wenig viel theoretisirt Probe ih
281 832 1257 882 Künstlerin ward ebenso herzlich willkommen
1240 844 3360 911 Liebe doch nicht so ganz erfüllt, wie Christinesin dem Stück: so theoretisiren Fritz und Theodor[Lindiko
278 878 1250 933 geheißen, wie ihr während des ganzen Abends
1232 895 3351 970 und legt doch nicht seinen ganzen Lebensinhalt über die Liebe, der alte Weiringer über die Jugendsals Hama
283 924 1121 986 Theilnahme und Beifall beschieden waren.
1228 932 2196 1005 hinein, wie das Mädchen. Mann und Frau werden
2186 951 3358 1035 in ihrem Verhältniß zur Lebensfreude, und Schatten Seite stau
341 961 1252 1030 Diesen Beifall wußte sie auch dem Schauspiel
1247 1002 2196 1069 wieder einmal in den scharsen Gegensatz gestellt,
2190 1006 3151 1075 einer solchen Analysirungslust fallen auch auf
283 1008 1251 1081 „Liebelei“ des jungen Wiener Dichters Arthur
1239 1042 3149 1124 der in ihren Naturen begründet ist. Und ebenso Christine. Statt reiner Empfindung giebt sie
281 1078 1261 1140 Schnitzler (zuzuführen, welches sie als erste
1246 1093 3144 1161 fein und lebenswahr sind Theodor und Mizzi ge=manchmal Auseinandersetzungen, die mehr dem
279 1116 1255 1180 unserem Publikum bekannt machte. Man sagt ja
3194 1110 3336 1191 des
1248 1146 3154 1226 zeichnet, deren Liebe von leichterem Schlage Dichter gehören, als dieser aus einfachen Empfin¬
283 1171 1251 1229 wohl, daß die Bremer und Bremerinnen den
3177 1175 3350 1236 Die da
1252 1188 1483 1258 und mit
1458 1192 2200 1266 dem hohen Namen Liebe kaum
2188 1194 2992 1271 dungen zusammengesetzten Mädchennatur.
284 1219 1253 1281 Schöpfungen moderner Dichter gegenüber bisher
3115 1206 3361 1287 hältnißmä
1242 1223 1484 1300 mehr zu
1461 1224 2212 1310 benennen ist; sie wechselt rasch
280 1257 1252 1323 eine gewisse kühle Reservirtheit bewahrt haben, wie
2241 1268 3362 1342 Die Christine in die Welt der Bretter zu ge=ragendsten
1248 1295 3350 1380 mit ihren Gegenständen, ohne tiefere Eindrücke zu leiten und sie von neuem zu blühendem Leben Wiedergab
275 1309 1247 1374 sie überhaupt gern darauf hinweisen, daß Neues
1251 1335 2204 1409 empfangen, und die Frau, die ihr Leben und ihre
267 1369 1251 1423 und Fremdes bei ihnen nicht leicht Eingang finde.
2184 1374 3352 1433 zu erwecken, ist eine Aufgabe für Frau Sorma, llegentlich
1251 1385 2196 1449 rasch auf einander folgenden Neigungen so kühl
2193 1411 3360 1488 die so recht für ihre künstlerische Individualitätslichen
271 1417 2196 1495 Gestern war nun von dieser Zurückhaltung betrachtet, wie Mizzi, ist noch um einige Nüancen
275 1452 910 1533 nichts zu spüren. Mag
2189 1464 3146 1514 geschaffen ist. Sie gab der Rolle vor allem den
3135 1467 3361 1527 leider nur
986 1465 2191 1549 sein, daß leichtfertiger und roher in ihrem Empfinden,
271 1506 1251 1589 die Gastin eine so beredte und überzeugende
2181 1512 3145 1562 Zug, der die Grundlage jeder Christinen¬
3130 1518 3361 1582 Der Kasin
1239 1539 2195 1592 als der Mann. Es ist von vornherein klar,
2186 1556 3135 1620 Darstellung bilden muß, eine holde und
266 1564 1254 1620 Interpretin des Stückes war, mag dessen
3135 1563 3360 1628 Programn
1243 1577 2192 1644 daß ein Verhältniß, wie das zwischen Theodor
272 1599 1263 1662 Werk selbst mit seiner einfachen Lebenswahrheit
2187 1611 3362 1669 keusche Mädchenhaftigkeit. An diesem Kinde zusammen
1236 1615 2197 1694 und Mizzi ebenso rasch gelöst werden wird, wie
267 1653 1266 1707 und erschütternden Tragik rasch gesiegt haben,
2180 1657 3355 1715 hat die Welt mit trüben Eindrücken noch nicht ermüdende
1241 1680 2194 1733 es geschlossen ist und tragische Verwickelungen
2181 1709 3360 1770 gerührt, diese Seele hatte bisher keine Unreinheit Inhalt ni
276 1708 2202 1791 jedenfalls übte es eine ungemein starke Wirkung nicht zuläßt; wohl aber werden Menschen wie
276 1752 1007 1820 aus und siegte auf der ganzen Linie.
1215 1759 3343 1827 Christine und Fritz durch ihr Liebesleben auf das getrübt. Es war der höchste Verdienst der Dar=sprächen.
318 1786 1245 1858 Arthur Schnitzler ist trotz seines weichen
2183 1792 3362 1876 stellung Agnes Sormas, daß sie eine solche Per=gramm di
1234 1822 2203 1909 stärkste beeinflußt, und aus ihm entspringen ihre
258 1824 1249 1916 Empfindens dichterisch keine konziliante Natur;
2187 1847 3350 1907 sönlichkeit glaubhaft vor uns erstehen lassen[Goetz, d
1234 1878 2184 1936 Schicksale im Leben und in der Dichtung. Es
272 1901 1241 1965 alle seine Werke drängen zu gewaltsamer Ent¬
2186 1896 3349 1977 konnte, die uns rührend und lieb mit schickten F
1239 1926 2195 1996 wiederholt sich in der „Liebelei“ im kleineren der
274 1950 1239 2011 scheidung, und Todesurtheile unterzeichnet er mit
2187 1954 3358 2015 einem Blick anschaute, in dem noch nichts würdigen,
1239 1972 2192 2048 ewige Gegensatz zwischen Faust= und Mephistopheles¬
262 2002 1242 2063 rascher Hand. Auch die „Liebelei“, das nach
2179 2000 3358 2065 Wissendes liegt. Und doch können diese Augen, Inhalt
1242 2016 2188 2079 Naturen, die auf den leichtlebigen und der Liebe
272 2028 1236 2102 einigen höchst feinen kleineren Arbeiten seinen
2184 2044 3359 2128 die Frau Sormas wirksamstes äußerlich=innerliches die Hörer
1237 2073 2182 2131 und sanften Gefühlen günstigem Boden Wiens
261 2094 1245 2156 Namen zuerst einem größeren Publikum bekannt
2177 2093 3360 2168 Hülfsmittel sind, so beredt sprechen und alle Ge=erste Satz
1240 2117 2196 2181 verpflanzt und von einem Wiener Dichter nach
270 2140 1239 2209 machte und nun ziemlich spät seinen Wegnach Bremen
2178 2146 3360 2208 fühle der Liebe und des Schmerzes deut=Durchführ
1237 2168 2190 2226 seiner Anschauung und seinem Erleben neu gestaltet
268 2185 1236 2258 gefunden hat, drängt von Anfang an konsequent
2180 2197 3351 2257 licher und feiner nüanzirt zum Ausdrucksrief das
1239 2212 2184 2266 werden; es fehlt auch nicht das holde Grethchen,
270 2232 1238 2305 einem traurigen Ausgang zu. Schon von der
2189 2237 3154 2298 bringen. Die Steigerung der Angst bis
3130 2237 3352 2313 „Intermez
1239 2268 2192 2327 und Mizzi bildel zu Christine denselben Kontrast
259 2274 1235 2350 ersten Szene an liegt über dem Stück eine schwere,
2177 2282 3360 2359 zu dem Moment, wo die entsetzliche Gewißheit! Theil des
1243 2319 2184 2387 platter Lebensnüchternheit, wie Martha Schwert¬
268 2336 1241 2403 wehmuthsvolle Stimmung und lastet mit banger
2167 2334 3334 2415 ihr klar wird, war von Stufe zu Stufe organisch was in
1240 2363 1619 2429 lein zu Grethchen.
261 2388 1260 2443 Ahnung und drückender Angst auf den beiden
2176 2379 3348 2459 entwickelt, und das Leiden Christinens griff zuletzt geschrieben
272 2435 1248 2498 Hauptpersonen. Mit wenigen, leicht andeutenden
1273 2409 3359 2495 Daß die Persönlichkeiten des Schauspieles im hart an unsere Seele. Dagegen gab Frau Sormas Opus all
1235 2474 2104 2549 vollen Licht des Tages vor uns stehen, und
2087 2473 2188 2543 daß
259 2473 1251 2547 und doch die Situation rasch erhellenden Worten
2172 2480 3355 2551 in den Momenten des Alleinseins vor der An Selbst
270 2531 1234 2593 legt uns der Dichter sofort klar, worum es sich
1234 2526 3297 2585 wir ihnen bis auf den Grund der Seele zu Katastrophe für unser Gefühl ein wenig zu viel, weder
1229 2572 2102 2643 schauen vermögen, daß uns ihr ganzes Leben,
261 2580 1237 2638 handelt. Fritz Lobheimer, ein in sorgenloser
2102 2572 3361 2640 wielund die nagende Sorge schien uns in ihrem gleich, noch
262 2630 3353 2702 Existenz dahinlebender Student, der, wie esles sich auch vor dem Beginn des Stückes ab=Ausdruck zu stark unterstrichen zu sein;lich dahin
263 2664 3347 2742 scheint, nicht etwa erst in den ersten Semestern, gespielt hat, klar wird, und alles menschlich wahrses war nicht mehr ganz die einfache Symphoni
270 2729 3362 2790 sondern vor dem letzten Examen steht, ist vor uns erscheint, das ist die große Kunst des Cbristine, die uns vorher so erfreut hatte. Dielden bewäh
268 2771 3360 2828 einer verheiratheten Frau durch nahe Be=Dichters. Was an äußeren Ereignissen in das Stück Ausbrüche starken leidenschaftlichen Schmerzes O. Pfitzn
261 2837 3333 2882 ziehungen verbunden und hat so nebenbei das hineinspielt, ist gering; der Werth und die Machtlleiden ein wenig durch das nicht sehr kräftige wünschen
267 2881 3141 2935 Herz eis jungen Mädchens aus dem Volk des Stückes liegt in der künstlerischen Gestaltung Organ, das größeren Anstrengungen nicht stand
3120 2883 3361 2959 Anerkennu
261 2915 3131 2988 gewonnen. Seine ganze Leidenschaft gehört jener und Ausmalung seiner Persönlichkeiten, liegt in hält. Jedenfalls aber hat uns Frau Sorma mit
3119 2931 3346 2997 herrlicher
258 2968 3358 3052 Frau, die ihn ungemein interessirt, über die er der großen Kunst, eine todesbange Stimmungihrer Christine eine Gabe geboten, die einer großen poesievoller
259 3013 2842 3089 nachdenkt, und die ihm „dämonisch“ erscheint, selbst über die heiteren Szenen zu verbreiten, eine Menschendarstellerin würdig ist.
3112 3035 3354 3101 in ähnlic
1464 3052 2203 3138 die fortwährend gesteigert wird,
261 3063 1486 3128 während Christine Weiring, die Tochter eines Stimmung,
2211 3052 3363 3144 Das von Herrn Burchard geschickt in Szene[ Smeta
1453 3103 2191 3167 schließlich all die traurigen
262 3117 1464 3189 Violinspielers in einer Theaterkapelle, für ihn nicht bis sich
2172 3121 3362 3201 gesetzte Schauspiel fand auch sonst eine würdige Dichtung
1232 3164 2185 3219 Ahnungen verwirklichen und Christine die
253 3154 1233 3240 mehr bedeutet, als ein Zerstreuungs= und Ab¬
2176 3178 3362 3229 Vertretung. Herr Carl als Fritz hätte der Philh
1231 3201 2184 3263 furchtbare Nachricht erhält, daß Fritz im
267 3216 1231 3274 lenkungsmittel. Für Christine aber, die sich dem
2164 3231 3355 3296 dieser mit Wärme und Frische dargestellten Komponist
264 3250 1240 3329 flotten hübschen Jungen in erster heißer Liebe hin¬
1233 3257 3142 3352 Duell gefallen ist — für eine Andere. Jetzt entlädt Rolle noch einen Zug von leichter Blasirtheit
3114 3276 3340 3349 sich aus
1226 3289 2328 3365 sich ihre lange zurückgehaltene Leidenschaft in geben
267 3295 1231 3375 gegeben hat, ist er der Einzige, den sie je geliebt
2721 3317 2865 3389 war
2577 3319 2682 3385 er
2346 3317 2558 3386 müssen;
2881 3295 3360 3398 fast zu wickelnden
1225 3357 2189 3430 einem Ausbruch schmerzlichster Verzweiflung, die
258 3356 1230 3429 hat und lieben wird. Im gehört sie mit Leib und
2165 3369 3333 3436 gesund für diesen Schwüchling. Daß Herr Carl Heimath.
251 3414 1235 3475 Seele, für Gegenwart und Zutunft — das sagt sie und
1234 3407 3354 3495 dadurch so zehrend, so niederbeugend wirkt, weilssich am Klavier nicht auf das Spiel hinter der Ausführun
261 3448 2185 3531 das glauben wir ihr auch —, denn solche hohe Christine fühlt, wie wenig sie im Leben dieses
2177 3474 3351 3524 Szene zu verlassen braucht, sondern selbst der in beson
1221 3500 2197 3566 Mannes bedeutet hat, obwohl Fritz vor seinem
260 3494 1231 3570 und große Liebe ist eins mit der Treue, und wie
2171 3521 3362 3586 Töne Meister ist, sei mit Anerkennung erwähnt. Die Wirk
1224 3552 2181 3632 Todesgange wohl erkannt und gefühlt hat,
262 3554 1245 3635 sie den Menschen ganz erfüllt, so entspringt auch
2162 3564 3360 3626 Ein munterer Theodor war Herr Marlow,würde übr
259 3606 1238 3664 sein Schicksal aus ihr und führt, wenn die Lebens¬
1225 3604 3349 3680 wo er sein Glück gefunden hätte, wenn wenn er auch mit einigen Pointen seiner Rolle die Akustik
265 3658 1237 3716 umstände sich hindernd in den Weg stellen, sicher
1233 3652 3360 3741 ihm noch Zeit zum Glück vergönntnoch eine größere und vom Dichter beabsichtigte einem Uebe
1617 3695 2180 3774 Und da nach dem
1217 3693 1596 3760 worden wäre.
259 3704 875 3773 zum Unglück, zur Katastrophe.
2168 3715 3351 3788 Wirkung erzielen könnte. Wenn Herr Carlshätte. Im
314 3763 3337 3831 Diese Exposition entwickelt sich in der Wohnung Tode des Geliebten, der ihrer nicht würdig war,garnicht wienerisch sprach, und die anderentirte sich
264 3792 1228 3866 des Fritz in einem Gespräch mit seinem Freunde
1224 3800 3329 3870 auch ihr Leben keinen Werth mehr hat, stürzt sie Darsteller, einschließlich Frau Sorma, denser hatie
259 3850 1231 3921 Theodor. Der Dichter hat in diesen beiden
1225 3848 3361 3929 hinweg und wir glauben dem Vater, der in tiefstem Dialekt nur andeuteten, was immer besser ist, alslund sehr
259 3888 1239 3964 jungen Männern ebenso zwei Charaktere kon¬
1225 3899 3349 3985 Kummer die Worte spricht: „Sie kommt nicht ihn mangelhaft zu sprechen, so war Frl. Starkvon M#
1226 3941 1410 4009 wieder.“
265 3941 1237 4010 trastirt, wie in der Christine und ihrer Freundin
2158 3938 3356 4025 als Mizzi urwienerisch in Wesen und Worten. Der dami
265 3980 1256 4060 Mizzi Schlager. Fritz und Christine nehmen
1264 4005 3361 4063 Diese Kunst der Menschenschilderung zeigt auch Herr Burchard fand als Papa Weiringer verdient, de
263 4057 3347 4111 ihr Schicksal schwer und die Menschen, mit Christinens Vater und ebenso die Strumpfwirkers=warme Töne. Herr Dr. Manning in der vortrefflich
