3484 4256
520 176 880 245 iebelei
317 182 883 292 5. Luaun
939 177 1435 265 box 12/1
2408 78 2712 140 Wreegen
1996 133 3084 178 In Berlin, Basel, Budapest, Chicago, Cleveland, Christiania,
1985 166 3091 208 Gent, Kopenhagen, London, Madrid, Mailand, Minneapolis,
1987 220 3090 269 New-Vork, Paris, Rom, San Francisco, Stockholm, St. Petere¬
2395 245 2683 298 burg, Toronto.
2305 289 2765 342 (Quellenangabe ohne Dewähr).
1994 343 2356 421 Ausschnitt aus:
1988 470 2138 535 vom:
2177 491 2547 578 G
2008 675 3015 768 Berliner Opern-Premieren.
2023 777 3132 845 IE Berlincf Opern-Saison ist-bisher an bedeutenden
2014 812 3120 886 Premieren nicht reich gewesen. Wenn nicht dlie Königl.
1993 850 3123 901 *Oper nöch eine Aufführung von E. Humperdincks
1905 902 3132 965 Königskinder“ gebracht häfte, dann wäre überhaupt wenig
1894 939 3128 987 Erfreuliches zu berichten. Huinperdincks Märchenoper hatte
1890 985 3115 1039 einen großen äußeren Erfolg. Man freute sich, daß im Re¬
1895 1013 3117 1077 pertoire dieser Bühne wieder'einmal ein deutscher Name auf¬
1900 1058 3123 1103 tauchte, und daß das Werk des überall geschätzten Kom¬
1899 1098 3114 1163 ponisten von „Hänsel und Gretel“ am Königl. Theater in
1898 1134 3114 1179 Szene gehen konnte. Die Aufführung mit Artöt de Padilia
1891 1166 3104 1235 und Herrn Kirchhof in den Hauptrollen war glänzend.
1887 1215 3110 1262 Man konnte an der Inszenierung seine Freude haben, wenn
1893 1250 3115 1318 auch die Schwierigkeiten, die das Märchen mit seinen Gänsen
1889 1303 3126 1360 und Tauben und mit der wunderkräftigen Lilie bietet, nicht
1895 1334 3120 1387 immer, glücklich gelöst waren. Humperdinck hat mit der
1896 1370 3112 1417 Oper auf eine ältere Partitur zurückgegriffen. Er übernahm
1890 1403 3120 1466 viele Stücke aus der melodramatischen Musik, die er zu Ros¬
1893 1444 3116 1495 mers Dichtung schon vor mehreren Jahren geschrieben hatte.
1892 1488 3126 1535 Nur der Dialog wurde durchkomponiert und der erste und
1884 1534 3118 1569 zweite Akt an mehreren Stellen umgearbeitet. Auch das
1894 1572 3124 1607 Ersetzen der melodramatischen Partien durch geschlossene
1892 1615 3112 1650 mnusikalische Formen ist dem Werk zustatten gekommen. Der
1892 1642 3116 1694 Erfolg einer Märchenoper beruht auf der musikalischen Kraft
1894 1686 3109 1747 dles Komponisten. Der Tegt kommt bei dieser Operngattung
1882 1720 3113 1762 erst in zweiter Reihe in Frage. Und so konnte man auch über
1889 1769 3117 1827 die Dichtung Rosmers hinwegsehen, die poetisch schwach und
1889 1815 3119 1868 dramiatisch etwas ungeschickt entworfen ist. Humperdincks
1879 1833 3119 1887 Musik ist technisch geradezu glänzend geschrieben. Sein
1892 1875 3119 1938 Orchester klingt wundervoll, die leitmotivischen Gedanken
1893 1927 3109 1983 sind fein verwertet und melodisch birgt die Oper ganz ent¬
1888 1965 3107 2022 zückende Stellen. Ich nenne da das Liebesduett und das
1886 1995 3114 2049 Gebet im ersten Akt, im zweiten den, „Ringelreihen“ und im
1881 2044 3108 2100 Schluß das Duett der Königskinder. Die reizvollen Kinder¬
1887 2072 3106 2140 liedehen und die meisterlich gearbeiteten geschlossenen Gesänge
1888 2121 3108 2163 machen auf den Musiker einen so großen Eindruck, daß man
1880 2159 3110 2223 dlie Schwächen und Längen der Musik im ersten und dritten
1886 2203 3102 2249 Akt willig mit in den Kauf nimmt. Hauptstücke der Oper
1890 2242 3100 2292 sind auch die Orchestervorspiele, Stimmungsbilder von tief¬
1881 2272 3119 2355 gehender Wirkungskraft. Die Oper wird im Repertoire wohl
1889 2313 2263 2381 heimnisch werden.
1938 2370 3117 2431 Die weiteren Novitäten, über die noch zu berichten wäre.
1906 2415 3125 2474 brachte die Komische Oper heraus. Diese Bühne ist auf neue
1912 2473 3131 2522 Werke angewiesen, denn „Tiefland“ und „Hoffmanns Er¬
1907 2497 3124 2552 zählungen“ sind schon zu oft gespielt worden und neben „Tosca“
1903 2550 3130 2592 und der neueinstudierten „Bohème“ Puccinis gibt es nicht
1914 2579 3126 2637 allzuviel Stücke, die den Spielplan bereichern könnten. Di¬
1904 2617 3134 2671 rektor Gregor begann daher die Saison mit dem „Abbé Mouret“s
1911 2656 3125 2719 von Dr. Mar v. Oberleithner. Die Einstudierung dieser Oper
1918 2695 3133 2745 war ein böser Fehlgriff. Das Buch, das Adalbert v. Goldschmidtg
1908 2741 3142 2797 aus Zolas Roman „Die Sünde des Priesters“ zusammengestellt
1908 2787 3135 2837 hat, ist kaum mehr als ein unmotiviertes Aneinanderflickent
1918 2827 3131 2871 drann tischer Begebenheiten. Ein mit Trivialitäten durch-
1907 2854 3142 2906 setzter Text, der die Geschichte von dem Geistlichen, ders
1916 2895 3134 2951 durch die Liebe zur Sünde getrieben wird, sehr dürftig nach¬
1924 2919 3152 2981 erzählt. Um die Musik steht’s bei der Oper noch schlimmer. F
1915 2971 3140 3035 Bekannte Phrasen und Theinen, die an Wagner erinnern,
1926 3010 3144 3065 schleppen sich mühsam durch das Werk. Ein Hin- und Her-)
1919 3054 3143 3113 musizieren ohne feste Grundlagen und ohne eine Spur von
1920 3092 3141 3145 Originalität. Am schlimmsten klingen die langen Orchester¬
1912 3120 3144 3195 zwischenspiele, in denen Oberleithner ohne Ziel und Kraft
1923 3176 3134 3228 kontrapunktiert. — Nicht viel besser war der Eindruck, den
1920 3221 3148 3256 Schiitzlers „Liebelei“ mit der Musik von Franz Neumann
1921 3252 3138 3310 machte. Das Experiment, den bekannten Dreiakter Schnitz¬
1927 3285 3137 3344 lers ohne Aenderungen durchzukomponieren, ist völlig miß¬
1926 3334 3134 3380 lungen. Neumanns Musik wurde eine Illustration, ein end¬
1927 3356 3146 3421 loses Rezitativ, das auf die Dauer beinahe peinlich wirkt.
1923 3412 3146 3456 Ein verwässerter Puccini. Die wenigen Partien, in de ien die
1928 3440 3138 3500 Musik einen größeren Anlauf nimmt, klingen einfach erostlos.
1930 3487 3146 3548 Die Aufführung war aber gut vorbereitet und rettere noch
1925 3535 3139 3575 das Wenige, was die Musik nicht verderben konnte. Maria
1925 3561 3140 3614 Zabia schuf als Christine eine sehr wirksame Bühnenfigur
1925 3608 3141 3665 und die übrigen Darsteller fügten sich gut in den Rahmen
1931 3648 2274 3704 der Aufführung.
1966 3662 3149 3726 Die dritte Premiere der Komischen Oper „Das vergessene
1926 3721 3158 3776 Ich“ von Waldemar Wendland hatte bei weitem den größten
1922 3769 3149 3810 Erfolg. Zu der hübschen Geschichte von Richard Schott, die
1929 3814 3152 3848 von dem Bildschnitzer Rümelin erzählt, der sich einreden läßt,
1930 3848 3160 3887 er sei der Komponist Schmitz und der dann in dieser Rolle
1939 3887 3146 3928 allerlei Dummheiten macht, zu dieser lustigen Idee hat Wend¬
1936 3905 3151 3971 land eine ansprechende melodiöse Musik geschrieben. Seine
1939 3951 3151 4014 Instrumientation bringt manche humoristische Wendung und
1930 3992 3156 4052 seine Musik trifft den liedmäßigen Ton ebensogut wie die
1926 4036 3154 4083 launigen Weisen. Nur klingt seine Tonsprache nicht immer
1927 4063 3152 4117 sehr gewählt. Operettenmusik wechselt mitunter mit ver¬
2098 4111 3148 4154 en Gemeinblätzen. Aber trotzdem zeigt sich in der
