3436 4224
361 123 715 199 iebelei
171 127 712 234 5 L. Sa
858 116 1290 213 box 13/8
770 1047 1195 1176 GRATIS
647 1124 1358 1279 Nene Freie Pieen, Wien
822 1206 1175 1319 Abenduiatt
943 1317 1359 1418 77. MRZ. 1934
1417 1400 2790 1584 und Christine vor der
622 1427 1414 1602 Schlagermizzi
1255 1608 2280 1754 Tonfilmkamera.
1702 1789 2869 1855 die Stimme der jungen Schauspielerin hört, die durch eine
626 1780 1704 1865 „Fräulein Anna, den letzten Satz nochmals. Ein bißchen
1712 1838 2877 1906 Lautsprecheranlage aus dem schalldicht abgeschlossenen Raum
551 1836 1713 1925 inniger, wenn ich bitten darf. Und die Handbewegung nicht
1717 1902 2867 1954 übertragen wird. Dann wird der Vorhang weggenommen und
555 1892 767 1969 so heftig.“
1718 1934 2870 1995 die Lautsprecheranlage ausgeschaltet, so das man nur das
641 1932 1695 2011 Die junge Blondine muß Satz und Gebärde noch ein
1715 1973 2874 2042 Gebärdenspiel der Darstellerin sieht ohne ihre Stimme zu
552 2006 1700 2061 zweites= und drittesmal wiederholen, bis der Regisseur der
1719 2024 2883 2082 hören. Schließlich wird die Harmonie von Wort und
539 2043 1695 2093 Tonfilmschule mit ihrer Darstellung der Christine halbwegs
1712 2069 2897 2135 Gebärde geprobt, bis der Regisseur den Zusammenklang
539 2094 844 2169 zufrieden ist.
842 2088 1701 2146 Man probt Arthur Schnitzlers
1714 2122 2874 2174 als vollkommen empfindet. Ein paar Minuten später muß
547 2145 1695 2195 „Liebelei. Die Schlasermizst, ein reizendes=Mädel aus
1710 2163 2866 2224 sich die Schlagermizzi der gleichen Prozedur unterwerfen.
543 2184 1705 2248 Margareten, das für die Schnitzlersche Gestalt wie geschaffen
1705 2207 2877 2267 Wieder bildet die Manöverkritik durch die Mitschülerinnen
552 2230 1699 2284 scheint, verspeist rasch eine Schinkensemmel, ehe sie an die
1710 2253 2882 2309 ein wesentliches Element des Unterrichtes, bei dem sich der
547 2273 1695 2339 Reihe kommt. Unterdessen halten Christinens Mitschülerinnen,
1716 2297 2891 2369 Regisseur als hervorragender Kenner aller Raffinements der
542 2323 1700 2378 elf reizende Mädchen in kbeidsamer und praktischer Uniform
1708 2339 2314 2407 modernsten Filmkunst erweist.
607 2369 1707 2423 Hose und ärmellose Bluse, damit beim Filmen die Be¬
1802 2359 2882 2434 Man lerni manche verheißungsvolle Begabung, der eine
546 2410 1709 2482 wegungen nicht behindert werden — Manöverkritik über
1715 2430 2865 2482 Starlaufbahn prophezeit werden darf, in der Tonfilmschule
546 2453 1700 2518 Christinens Leistung: „Den Augenaufschlag nicht
1722 2464 2876 2540 kennen. Viele Schülerinnen freilich entbehren der Originali¬
543 2500 1615 2562 gar so schwärmerisch. Das wirkt affektiert.“
1722 2517 2880 2570 tät und spielen allzu deutlich unter dem Einfluß irgendeines
541 2555 1699 2611 „Ich glaube, der Dialekt müßte ein bißchen
1712 2569 2872 2631 bewunderten Vorbildes Greta Garbo und Elisabeth
556 2593 1703 2649 weniger derb gesprochen werden. Schnitzler hat
1708 2614 2870 2680 Bergner sind diejenigen Stars, die am häufigsten nach¬
546 2636 1698 2687 sich ein leichtes anmutiges Wienerisch, aber nicht einen gar
1710 2665 2863 2722 geahmt werden, während sich die Eleven in Wort und Ge¬
544 2685 1700 2729 so vierschrötigen Dialekt vorgestellt.“ Der Regisseur ermuntert
1708 2703 2864 2755 bärde besonders gern nach Charlie Chaplin oder Fritz
545 2726 1699 2783 die Schülerinnen zu immer neuen kritischen B.merkungen,
1716 2755 2866 2809 Kortner richten Der Regisseur ist eifrigst bemüht, der¬
541 2774 1639 2835 die oft eine überiaschend gute Beobachtungsgabe verraten.
1718 2789 2874 2861 artige Anlehnungen zu eliminieren und die Filmjugend ihrer
639 2824 1701 2894 Dann spielt Christine in einem vom Unterrichtssaale
1715 2847 2865 2915 Eigenart bewußt werden zu lassen — wenn eine solche vor¬
552 2877 1700 2949 durch eine Glaswand abgesonderten Raum die Szene des
1723 2887 1929 2959 handen ist.
549 2923 1705 2975 Verzweiflungsausbruches, als sie vom Tode ihres Liebsten
1803 2904 2867 2991 „Achtung, Aufnahme!“ Scheinwerferlicht flammt auf.
540 2974 1707 3039 erfährt. Nun wird ein interessantes Experiment vor¬
1715 2981 2865 3046 Schlagermizzi und Christine spielen jetzt eine Szene vor der
542 3008 1706 3066 genommen Die darstellerische Leistung wird in ihre beiden
1710 3013 2877 3067 Tonfilmapparatur. Nicht nur der Regisseur, sondern — was
544 3063 1706 3115 Komponenten — Wort und Gebärde — zerlegt. Die Glas¬
1715 3063 2881 3138 viel mehr besagen will — auch die gestrengen Mitschüle¬
539 3095 2151 3182 wand wird durch einen Vorhang verdeckt, so daß man nur ] rinnen sind zufrieden.
