3484 4256
313 154 726 238 Liebelei
305 209 737 290 e e en e e enen
701 3246 752 3328 1
704 3303 763 3347 2
707 3363 771 3426 :
858 165 1309 275 box 13/8
867 435 1432 588 Uaa 6
695 731 759 813 1
706 806 754 852 :
690 845 753 891 :
701 869 756 913 7
1328 846 2224 947 Fragment eines Briefes.
697 897 756 948 :
696 924 750 1007 1
1462 928 2114 1009 Mitgeteilt von Fritz Telmann.
2822 941 2880 1026 1
691 980 756 1026 :
693 1014 755 1066 5
2823 1004 2883 1050 3
712 1037 763 1084 :
2791 1037 2882 1119 1
1788 1037 2806 1114 Namen geben, auch Geld, soweit eins da
1202 1027 1353 1120 IIr.
692 1026 755 1122 1
2817 1078 2867 1122 2
1793 1089 2811 1169 ist, aber nur um Gotteswillen die Herr¬
807 1086 1772 1164 „ Ich bin also, wie Du, lieber Matthias,
705 1101 755 1162 :
709 1155 758 1221 :
1794 1145 2800 1236 schaften nicht wichtiger nehmen, als sie sind,
748 1159 1782 1220 aus den gewissen Zeitungen erfahren haben
768 1216 1788 1282 wirst, mit Frau und Kindern, die sich brillant
1783 1224 2817 1279 und ihnen ein Relief geben dadurch, daß
763 1276 1788 1331 erholt haben, wieder glücklich in Wien. Du
1786 1274 2814 1340 man zeigt, daß man sich vor ihnen fürchtet.
1797 1323 2806 1397 Ubrigens hat mir Lueger neulich versichert,
771 1322 1791 1401 weißt, daß ich es nicht liebe, den Fasching
1786 1384 2817 1450 man könne ganz gut wieder ein paar Jahre
756 1383 1778 1463 hier zu verbringen. Man wird da zu den
1788 1437 2811 1519 mit dem § 14 regieren und Alois Liechten¬
758 1434 1789 1497 Repräsentationspflichten entweder zu viel
1794 1511 2814 1561 stein, der auch, wie Du weißt, für die Ok¬
766 1496 1780 1568 herangezogen oder zu wenig, was beides
1787 1550 2809 1638 troyierung einer Geschäftsordnung ist, meint
757 1551 1788 1615 gleich unangenehm ist. Hier leider alles im
1799 1609 2553 1686 sogar, es werde notwendig sein.
757 1610 1782 1676 gleichen. Das Ruhebedürfnis der älteren
766 1664 1778 1744 Herren siegt noch immer über die Staats¬
1830 1666 2817 1740 A propos, Du hast wohl gelesen, daß der
1799 1726 2813 1797 Herr Pernerstorfer einen Besuch abgestattet
760 1722 1783 1810 notwendigkeiten. Dagegen zind Ahrenthal,
1791 1773 2814 1837 hat. Derselbe Herr, der seinerzeit im Par¬
758 1785 1781 1853 Konrad und ich vorläufig noch machtlos.
1798 1832 2818 1903 lament so schöne Raubersg’schichten zu er¬
760 1837 1786 1903 Ubereinstimmend wird mir von den Militärs
1788 1894 2817 1970 zahlen gewußt hat. Gemütsmensch, was?
759 1894 1779 1968 versichert, daß eine so schöne Gelegenheit,
1799 1940 2890 2022 Der Onkel hat wirklich recht, wenn er sagt: :
757 1957 1779 2023 über Rußland herzufallen, für uns so bald
1790 1999 2824 2092 Zuletzt kommt ja doch jeder zu Besuch, man
759 2016 1788 2087 nicht wieder kommen wird. Das Heer sei
2811 2011 2874 2077 1
760 2075 1777 2144 von den Revolutionären vollkommen des¬
1796 2058 2824 2123 muß nur ruhig darauf warten. Die Herren
1798 2124 2824 2196 Führer der Sozialdemokraten sehen eben
763 2114 1780 2194 organisiert, die Staatskassen erschöpft u. s. w.
1798 2192 2824 2256 ein, daß alle revolutionären Absichten an
766 2179 1780 2239 Aber was willst Du machen, wenn man die
1795 2234 2823 2305 dem gesunden Sinne der österreichischen
767 2237 1795 2311 Herren nicht einmal zu der, meiner Ansicht
1790 2294 2821 2360 Bevölkerung scheitern. So war es immer
752 2297 1791 2369 nach unausweichlichen Strafexpedition gegen
1790 2343 2816 2409 und so wird es mit Gottes und der Kirche
2813 2328 2876 2402 1
1790 2410 2827 2469 Hilfe allezeit bleiben. Ist auch eigentlich in
760 2402 1789 2486 nur kein Blutvergießen, wobei man aber
1790 2459 2810 2522 dem famosen 48er Jahre nicht anders ge¬
768 2461 1790 2540 immer vergißt, daß ohne Blut und Eisen
1793 2514 2824 2575 wesen: Die Führer waren damals fast aus¬
767 2517 1779 2591 ein, wodurch wollen wir nicht untersuchen,
1798 2568 2739 2650 schließlich Ausländer und andere Leute.
758 2580 1780 2641 heruntergekommener Staat nicht wirksam
1842 2619 2827 2692 Neulich mit meiner Frau im Volks¬
766 2628 1778 2699 regeneriert werden kann, was der mir im
1803 2684 2815 2761 theater. Man gab „Liebelei“, eine fade Liebes¬
758 2682 1781 2758 übrigen wenig sympathische Protestant von
1801 2740 2821 2811 geschichte von einem sentimentalen Herrn
766 2739 1693 2806 Bismarck des öftern richtig betont hat.
1797 2793 2823 2863 und einem Mädchen aus dem Volke, wo
798 2798 1774 2878 Enfin, man muß froh sein, daß wir ange¬
1791 2858 2811 2929 sie schließlich ins Wasser geht und er sehr
771 2857 1775 2916 sichts der Kriegsgefahr wenigstens die drin¬
1802 2911 2822 2985 unglücklich ist. No, hätt’ er sich halt nix
763 2916 1781 2982 gendsten Bedürfnisse für die Armee sicher¬
1788 2966 2817 3044 ang'fangen. Der Verfasser ist ein gewisser
766 2971 1788 3033 stellen konnten. Was man sonst in jahre¬
2786 3002 2904 3097 1
1788 3032 2811 3095 Schnitzler, der früher einmal Oberarzt in
764 3037 1783 3109 langem Kampfe den Delegationen abbetteln
1803 3093 2820 3156 der Reserve war, aber seitdem nichts Rechtes
2813 3081 2891 3128 750
773 3083 1790 3161 mußte, das haben wir jetzt ganz einfach uns
2820 3121 2891 3182 15
1794 3136 2822 3214 geleistet haben soll. Dann, von demselben
767 3148 1779 3217 selbst bewilligt: Ergänzung der Feldartillerie,
2834 3161 2889 3227 :
1804 3197 2890 3276 Verfasser, noch ein Stück, „Komtesse Mizzi“, ;
773 3203 1779 3267 Schwarzlosegewehr, neue Felduniformen
1795 3268 2821 3321 wo der Adel in der infamsten Weise herunter¬
767 3255 1789 3333 u. s. f. Hinterher können sie ja doch nicht
2828 3316 2886 3358 „
1794 3311 2815 3377 gerissen wird. Da sieht man, was diese ganze
760 3312 1783 3395 gut nein sagen. Und sollten sie’s dennoch,
2830 3344 2889 3397 *
1802 3374 2817 3439 Theaterzensur wert ist. Dann waren wir
769 3367 1784 3436 so schickt man sie einfach nach Hause. Ich
2820 3390 2879 3437 3
2838 3421 2883 3455 7
2829 3414 2891 3473 1
1804 3419 2814 3498 noch im Burgtheater: „Griselda“ von Haupt¬
770 3430 1784 3503 bin durchaus nicht dafür, daß man mit den
2834 3488 2892 3554 :
1800 3482 2825 3553 mann. Modern und scheußlich. Ich habe es
768 3481 1780 3547 Herren Advokaten, die von der Volksver¬
2825 3527 2886 3572 *
1802 3532 2811 3616 dem Direktor Schlenther auch gesagt, der
769 3546 1784 3618 hetzung leben, zu viel Umstände machen
2833 3566 2883 3629 :
1794 3590 2820 3659 hat aber gemeint, man müsse dem Geschmack
764 3600 1781 3660 soll. Wenn s’ einen Titel oder Orden haben
2831 3675 2889 3705 *
1792 3648 2826 3730 des Publikums gewisse Konzessionen
772 3651 1796 3734 wollen, so soll man's ihnen in Gottes
1793 3709 2829 3800 machen, was ich nicht ganz richtig finde.
812 3712 1137 3803 * Siehe Nr. 8.
706 3715 765 3776 :
2830 3722 2892 3783 1
707 3756 764 3796 9
698 3781 2895 3887 WHIIHHHHHHHHAAANHÄHITÄHIHAHIAAIIIIIIIIIIIIIHIIIHIIIHHHHIIIHIIHHIHHHHHHHTHAHENNEDERATEIIIT
1723 3888 1876 3979 346
