3436 4320
432 197 767 265 Liebele
260 189 1402 305 5. „1 box 10/5
677 1465 1011 1561 Theater.
424 1533 1341 1611 Am Samstag den 27. März sand im Residenz¬
345 1584 1337 1648 theater die Erstaufführung von „John Gabriel
354 1625 1341 1678 Borkman“, des letzten Stückes von Henrik Ibsen
348 1657 1337 1729 statt Tags darauf am Sonntag wurde Nachmittags im
351 1702 1342 1766 [Deutschen Theater „Die Liebelei“ von
352 1740 1333 1800 Arthur Schnitzler vor den Gewerkschaften wiederholt.
361 1786 1335 1837 Die Aufnahme des Borkmann war kühl; das Stück
352 1827 1333 1877 erzielte in keiner Szene die Wirkung, die der dritte Akt
347 1860 1133 1919 der Liebelei hervorzubringen im Stande
1215 1871 1326 1927 Im
1137 1871 1221 1922 ist.
343 1894 1343 1961 Residenztheater wird der Beifall der fanatischen Ibsen¬
347 1953 1337 2004 anhänger, die alles, was vom Meister kommt, für gut
347 1999 1329 2043 nehmen, mit Recht angefochten; im Deutschen Theater
349 2025 1325 2076 ehrlicher schlichter, ungetrübter Beifall für ein Werk, das
339 2064 1331 2134 unmittelbar mit schlichten Worten und in schlichter Form
346 2095 717 2155 zum Herzen spricht.
423 2131 1333 2194 Wir stehen jetzt Ibsen anders gegenüber als zu
339 2182 1333 2235 Anfang der achtziger Jahre. Damals, als sich in
342 2213 1333 2280 Deutschland die junge Dichtergeneration zum erstenmale
354 2260 1331 2317 hervorwagte, war er ein Leitstern. Wir hatten keinen
352 2297 1335 2359 großen modernen Dramatiker und auf unsern Bühnen
352 2338 1331 2399 herrschte die schlechte Waare der französischen Bühnen¬
352 2383 1318 2432 futterlieferanten und ihrer geschäftigen deutschen Nach¬
345 2404 1327 2476 äffer. Da sah die junge Generation zu Ibsen auf als
349 2455 1328 2505 zu dem Wegweiser einer neuen Kunst. Wie er in der
345 2482 1334 2539 Literatur seines kleinen Landes die die Zeit bewegenden
361 2536 1315 2592 Fragen künstlerisch zu bewältigen verstand, so wollte auch
350 2583 1333 2645 die deutsche Dicherjugend die Gegenwart künstlerisch
353 2613 523 2672 meistern.
430 2656 1329 2706 Heute, nachdem mehr als 10 Jahre ins Land gen
330 2678 1326 2740 zogen sind, stehen wir dem großen Ausländer anders
341 2726 1324 2795 gegenüber. Einmal haben wir selber Dramen, die sich
347 2773 1321 2832 neben den fremden sehen lassen können. Wir haben
349 2815 1320 2873 Hauptmann, Halbe, Hartleben, und wir haben Schnitzler,
361 2854 1322 2913 Und andrerseits ist der Ibsen von heute nicht mehr der
359 2894 1327 2948 Ibsen der Gespenster, der Nora, des Volksfeindes, der
355 2916 1342 2992 Wildente. Wir glauben zu erkennen, daß seine Ge¬
355 2975 1342 3037 Gestaltungskraft erlahmt ist, wie es ja bei einem Manne,
358 3009 1334 3058 der den Siebzigern nahe ist, nicht zu verwundern wäre.
350 3056 1329 3109 Deswegen, weil wir jetzt selber eigenkräftige Dramatiker
347 3084 1355 3151 haben und weil uns die Schöpsungskraft Ibsen's abzus
1274 3132 1398 3239 74
442 3197 858 3294 Ondiccten
846 3156 1297 3304 ,5 f. 3 6
1891 1111 2007 1196 Wn
1891 1200 3351 1242 nehmen scheint, stehen wir seinen letzten Werken zwar noch Liebe mit Füßen getretenu
1896 1231 2862 1278 mit der geziemenden Achtung gegenüber, die einem
2873 1237 3359 1286 rächt. Er hat Ella Renthei
1888 1265 2853 1333 großen Dichter immer gebührt, aber die alte Begeisterung
2876 1280 3333 1323 erstützung eines Advokaten
1888 1306 2145 1367 ist verflogen.
2865 1310 3349 1365 zu erlangen, hat er sie preis
1971 1339 2854 1397 Den Vorkman sollte nur eine Bühne vorführen, die ihr
2870 1358 3346 1406 schwester Gunhild geheirathe
1896 1389 2861 1431 Publikum mit Ibsens früheren Werken bis zur Wildente und
2872 1397 3355 1444 werbungen Hinkel's ab und
1896 1428 2850 1476 Rosmersholm vertrant gemacht hat. in deren Repertoire
2871 1432 3354 1489 Borkman ihm im Wege steh
1885 1469 2855 1509 diese Stücke feste Bestandtheile sind, wie sie es verdienen.
2874 1469 3355 1522 dem er, was Vorkman ihm
1887 1498 2854 1554 Nur dann ist das Publikum so weit geschult, daß es auch
2871 1510 3356 1565 Depots angegriffen hat, um ei
1881 1547 2859 1591 die eigenthümlichen Schönheiten dieses Stückes genießen
2863 1550 3349 1601 Werk zu setzen. Borkmans Ma
1882 1578 2870 1622 kann, und nur dann sind die Schauspieler so weit ge¬
2866 1585 3355 1636 dert ins Zuchthaus. Sein Pe
1884 1620 2861 1671 schult, daß sie das Stück so spielen können, daß seine
2868 1626 3340 1678 das derer, die ihm vertraut
1895 1664 3344 1711 Schwächen nicht beleidigend klar zu Tage treten. Für Eigenthum: denn Borkman
1899 1703 2851 1750 die Hofbühne treffen beide Bedingungen nicht zu. Ihr
2869 1707 3357 1752 liebten bei seinen Spekulati
1890 1738 2847 1783 Stammpublikum ist an Ibsen nicht gewöhnt, und ihre
2861 1744 3353 1791 sich der Schwester und ihres
1898 1776 2848 1821 Schauspieler sind einem Drama wie Borkman absolut
2873 1788 3352 1841 man das Zuchthaus verlasse
1897 1818 2849 1862 nicht gewachsen. Es muß rund heraus und mit aller
2871 1819 3343 1880 Familie, auf einem Gute
1890 1853 2846 1898 Schärse gesagt werden, daß die Darstellung des Borkman
2869 1859 3345 1909 Jahre hat er nun dort v
1885 1892 2853 1939 durchaus ungenügend war, sie war ungenügend im
2862 1897 3352 1953 Welt und gemieden von se
1885 1938 2846 1985 Ganzen und ungenügend im Einzelnen. Es rächt sich
2872 1939 3340 1990 des Hauses hart gemacht
1888 1977 2842 2019 hier die Gewohnheit der Direktion, von der modernen
2868 1979 3355 2031 Macht hat ihn auch jetzt
1894 2005 2844 2061 Theaterliteratur nur die Geschäftstalente der Fulda,
2864 2018 3358 2074 der Einsamkeit hat sie krank
1887 2050 2841 2103 Schönthan, Koppel, Lothar, Philippi zu Worte kommen
2858 2056 3359 2114 Noch immer hofft er, daß di
1886 2094 2841 2146 zu lassen. Die Schauspieler der Hofbühne sind aus
2856 2095 3321 2151 er wieder ein König im
1889 2128 2848 2179 wirklich moderne Stücke, die literarischen Werth
2868 2137 3340 2190 wird, wo man ihn holen i
1884 2172 2847 2227 haben, nicht eingespielt. Man stelle nur jetzt ein¬
2867 2168 3357 2230 auskommt. Sein einziger U
1896 2209 2844 2253 mal einen Vergleich zwischen der Hofbühne und dem
2870 2211 3354 2268 sich für einen Dichter hält u
1898 2253 2850 2301 Deutschen Theater an. Wie wollte denn die Hofbühne
2869 2251 3352 2304 einmal die Stunde der Anerke
1896 2283 2852 2341 ein Stück wie Schnitzlers Liebelei herausbringen? Ganz
2865 2295 3355 2338 man's Frau hat auch ihre kr
1898 2329 2854 2379 abgesehen davon, daß die Hofbühne keine Schauspielerin
2868 2336 3355 2380 auf ihren Sohn und erwartet
1889 2363 2844 2412 hat, die mit gleich elementarer Kraft wie Frl. Renier
2863 2373 3353 2427 der Familie wieder herstellen
1886 2405 2840 2448 die Christine im dritten Akte spielen könnte, hat sie keine
2864 2408 3359 2466 sein, für die sie ihn erziel
1895 2448 2845 2493 Schauspielerin, die wie Frl Hebbel die Mizi Schlage bewäl¬
2862 2443 3357 2502 Menschen, die ihr Leben mit
1896 2484 2845 2530 tigen könnte, und die andern Kräfte des deutschen eaters
2864 2485 3345 2544 tritt nun eines Tages Ella
1894 2525 2846 2569 sind jetzt so gut eingespielt, daß die Hofbühne von dem
2855 2527 3353 2587 nicht mit ihnen verkehrt hat,
1889 2550 2850 2612 Zusammenspiel dieser Kräfte zweiter und dritter Ordnung
2869 2568 3346 2618 das einen einzigen kurzen A
1897 2599 2854 2643 lernen könnte. Es ist das eine bittere Wahrheit, aber
2860 2606 3361 2663 dieser kurzen Spanne Zeit die
1884 2635 2851 2692 wer die Aufführung des Borkmann mit der der Liebelei
2866 2642 3352 2699 zeigt. Ella hat lange Zeit
1891 2683 2839 2728 vergleicht, wird sich ihr nicht verschließen können. Wenn
2858 2685 3363 2731 gehabt, ihn erzogen und all
1886 2722 2849 2770 dem Deutschen Theater eine stetige Weiterentwicklung be¬
2859 2728 3354 2778 Geliebten ihn herzlich liebgen
1889 2761 2853 2803 schieden wäre, so würde der Hofbühne, was die künst¬
2867 2762 3352 2813 Mutter wieder reklamirt, um
1898 2798 2846 2851 lerisch werthvollen modernen Stücke anlangt, eine gefähr¬
2861 2803 3358 2863 ziehen. Ella merkt aus seine
1897 2833 2518 2888 liche Konkurrenz geschaffen werden.
2849 2837 3342 2893 mählig fremd wird, und
1964 2867 2853 2929 John Gabriel Borkman hat wie alle Ibsen'schen
2861 2879 3296 2932 die Gewißheit erhalten,
1885 2921 2847 2971 Stücke der letzten zwanzig Jahre eine komplizirte Vor¬
2861 2923 3303 2971 um Erbard wieder für
1879 2969 3352 3010 geschichte, aus der im Drama selbst die letzten Schlüsse den beiden Schwestern iko
1885 3004 3360 3055 gezogen werden. Borkman ist Bankdirektor gewesen. leidenschaftlichen Kampfe um
1891 3038 3358 3080 Sein Traum ist es gewesen, ein König in der kapitalist= ist aussichtslos. Der junge
1885 3073 3332 3135 ischen Gesellschaft zu werden. Sein einziges Ziel ist die der Jugend, und will sich
1889 3120 3358 3190 Macht gewesen. Um diese zu erreichen. hat er seine die seine Mutter für ihn best
