3436 4256
817 185 1248 274 box 13/6
269 192 541 268 Liebe
270 213 815 297 1 61
715 1626 1211 1728 „UBSERVER‘
632 1707 1307 1807 Wien, I., Wollzeile Nr. 1
738 1763 1218 1844 Telston R-23.0.42
304 1806 428 1884 —
512 1823 978 1898 Abendzeitung,
782 1846 1155 1936 24 1. 1954.
295 1878 670 1968 ##e. Wien
286 1996 1187 2134 Lotte Lang statt Paula Wessels
330 2072 1189 2193 In den Aufführungen von Bus=Feke¬
300 2117 1201 2228 tes Stück „Mehr als Liebe“ das bekanntlich
321 2168 1208 2273 ab Samstag im Stadttheater zur Auf¬
322 2219 1215 2323 führung gelangt, wird Mitte nächster Woche
326 2259 1209 2362 eine interessante Umbesetzung vorgenommen
334 2302 1214 2405 werden. Paula Wessely muß nämlich am
323 2342 1225 2460 Dienstag ihr Auftreten beenden, da die
333 2380 1221 2500 Künstlerin schon viel früher eine Verpflich¬
340 2428 1226 2533 tung nach Aussig eingegangen ist, wo sie
341 2471 1232 2576 in Schnitzlers „Liebelei“ gastieren wird.
340 2517 1238 2626 An Stelle von Paula Wessely wird Lotte
329 2570 1231 2657 [Lang die schwierige Rolle der jungen Stu¬
339 2642 765 2730 dentin übernehmen.
2312 1360 2592 1463 HVER“
2317 1434 2668 1525 llzeile Nr. 11
2149 1507 2595 1587 siston R-23-0-42
1669 1563 2487 1734 ∆ velichmesezenuee
2211 1639 2661 1788 25. Jan 934
1726 1731 1767 1773 —
1766 1858 2587 1983 Pessely=Gastspiel in Aussig
1779 1935 2566 2026 Paula Wessely beginnt nächste
1719 1989 2580 2070 Woche ein ungefähr dreiwöchiges Gastspiel
1712 2036 2582 2124 in Aussig. Sie wird ihre wichtigsten Er¬
1719 2067 2587 2167 folgsrollen, vor allem auch die Christine in
1720 2126 2490 2205 „Liebelei“ und die Geraldine, spielen.
1795 2170 2600 2248 Der Aussiger Theaterdirektor Huttig,
1721 2216 2590 2308 der im Vorjahre auch in Wien — in der
1734 2253 2588 2348 Vorsaison als Stellvertreter Jahns am Rai¬
1744 2311 2593 2387 mund=Theater — tätig war, hat den Gast¬
1746 2342 2601 2435 spielvertrag mit Paula Wessely bereits im
1744 2383 2602 2477 Frühjahr vorigen Jahres abgeschlossen. Di¬
1737 2426 2593 2509 rektor Huttig ist in Aussig, wie man aus
1748 2470 2613 2560 diesem Beispiel sieht, bemüht, den Spielplan
1741 2528 2605 2596 durch Gastspiele der hervorragendsten deut¬
1755 2580 2313 2655 schen Schauspieler zu heben.
1817 2600 2602 2696 Nach ihrer Rückkehr aus Aussig beginnt
1757 2649 2609 2725 Paula Wessely ungefähr am 20. Februar
1765 2698 2415 2767 mit den Aufnahmen zu ihrem erst
1747 2740 2627 2839 filmunter der Regie von Will# Forst.
