3436 4224
1814 205 2035 273 Lieb
2070 208 2207 276 lei
1654 199 2789 310 5.  box 13/7
346 190 1139 370 „esidenztheater.
573 309 1029 385 Freitag, 25. November.
226 361 1390 431 Driltes Gastspiel der Frau Agnes Sorma: „Esther“ dramatisches
237 403 1386 484 Fragment von Grillparzer. „Liebelei“ Schauspiel in 3 Akten
564 453 1068 526 Don M E
294 495 1397 565 Ein nicht kleines Wagniß für die Bühne der Modernen, das
234 537 1392 605 berühmte Estyer=Fragment zu geben! Man muß aber eingestehen:
228 589 1395 641 es ist nicht übel gelungen. Für eine nur auf ein Gastspiel berechnete,
239 635 1400 686 eingeübte und inszenirte Aufführung verlief der Versuch gut genug.
239 664 1397 711 Ja, die äußere Gewandung mach. sogar einen überraschend stil¬
237 700 1422 755 gerechten Eindruck, was bei diesen orientalischen Szenen etwas
236 737 1412 797 heißt, und wo man dies oder jenes aussetzen könnte, war doch der
225 772 1392 834 wesentliche phantastisch morgenländische Charakter gewahrt. Die
236 816 1393 874 Geschichte der Esther ist bekannt. Der König Ahasverus hat seine
235 852 1390 907 Gattin Vasthi wegen ihres Ungehorsams verstoßen; die Höflinge,
219 901 1401 941 1 besonders der noch all.nächtige Haman, fürchten von seinem Gram
229 921 1404 972 darüber Alles, man beschließt eine neue Gattinnenwahl für den
223 961 1395 1011 König. Der Bote findet Esther im Garten ihres Oheims Mardochai
235 992 1390 1068 sie weigert sich erst, zur Brautschau auf Befehl zu gehen, Mardochai
230 1040 1402 1087 und der Bote stimmen sie um, sie gebt sicheren Muthes zum König.
224 1075 1400 1130 Was nun folgt, schildert Arturo Farinelli in seiner Parallele
234 1113 1401 1158 zwischen Lope de Vegas Esther, dem Vorbild Grillparzers, und dem
226 1148 1404 1187 Werke unseres Dichters folgendermaßen: „Dem Haman, der auf sie
229 1183 1402 1233 seine letzte Hoffnung setzt, sagt sie ins Gesicht, sie fürchte nicht, dem
222 1209 1389 1271 König nicht zu gefallen. Und doch möchte sie ihm gefallen. Sie
223 1252 1395 1308 spricht so klug, so gescheit, so innig und wahr, daß der König wohl
227 1306 1394 1347 oder übel für sie eingenommen sein muß. Sie zeigt sich als die
225 1331 1386 1378 würdige Verwandte des welt= und büchererfahrenen Mardochai.
231 1372 1394 1419 Sie geräth nie außer Fassung und weiß sich und ihr Thun zu
214 1404 1218 1473 beherrschen. Die Angelegenheiten ihres Herzens bringt
1233 1417 1400 1469 eseibst
221 1450 1391 1494 in Ordnung und bedarf des Beistandes Anderer nicht.“ Nun folgt
217 1485 1395 1551 die große meisterhafte Szeue zwischen Esther und dem König, um
222 1515 1415 1575 derentwillen Frau Sorma dies Fragment auf ihren Gastspielplan
223 1563 1392 1612 gesetzt hat. Esther=Sorma trat zagend in die königliche Halle,
222 1600 1403 1645 ein Schauer durchrieselte sie, mit großen Augen blickte sie forschend
219 1634 1394 1677 unher, schüchtern tritt sie in eine Ecke. Das Gespräch mit
219 1676 1386 1728 Haman aber giebt ihr Klatheit über die Lage der Dinge. Sie
222 1709 1394 1759 durchschant Alles. Und als der König erscheint, wünscht sie ihn
221 1738 1402 1805 durch Naih zu heilen. Er soll den Männern des Hofes nicht
220 1780 1384 1828 trauen. Der König erwartet, daß sie sich selber, in niedriger
225 1817 1394 1887 Gesinnung, ihm anpreisen werde. Da erfolgt das Unerwartete. In
224 1858 1393 1905 freudiger Erregung räth sie ihm, die verstoßene Königin zurück¬
224 1896 1371 1949 zurufen und ein neues Band zu knüpfen. Denn würde ihm au¬
223 1919 1387 1987 die Beste des Geschlechts zu Theil, so wäre er doch nimmer im
208 1963 1386 2020 Stande, der neuen Geliebten all die süßen Erinnerungen zu geben.
206 2007 1382 2076 die die Verstoßene „aus dem Lenz der Tage, wo noch das Leden
214 2069 2571 2119 grün, die Wünsche biegsam, mitträgt“ Klug und weise sei das erste Akt läßt uns in Fritzens elegantem Junggesellenheim einen
1375 2107 2533 2170 fröhlichen Abend, den sich die beiden Pärchen machen, mitgenießen.
220 2123 1380 2181 Alter, die Jugend aber heilig; diese soll er in der Jugendfreundin
1373 2133 2537 2210 Aber das Verhängniß rastet nicht. Mitten in das Sonper und den
212 2162 1379 2207 erhalten. Ihre Herkunft vom jüdischen Stamme weiß Esther
1371 2181 2529 2257 Tanz platzt der Gatte herein, mit dessen Frau sich Theodor ein¬
218 2202 1373 2238 aber klug nach Mardochais Wunsche dem Könige zu ver¬
1382 2212 2543 2284 gelassen hat; jener ist hinter alle Schliche gekommen; die Folge ist
219 2236 1374 2283 schweigen. Durch eine halbe Lüge erlangt sie so die Liebe
1377 2272 2529 2314 eine Herausforderung zum Duell. Die Mädchen erfahren von der
214 2270 1375 2320 Ahasvers; das sollte vielleicht der Keim ihres künftigen Seelen¬
1378 2287 2545 2344 Sache nichts. Im zweiten Akt sehen wir Theodor in der ärm¬
818 2301 1379 2365 entzückt; er bietet ihr den
210 2310 833 2367 kampfes sein. Der König ist
1380 2315 2535 2390 lichen, aber behaglichen Wohnung Christinens; dieses Mädchen ver¬
219 2336 1380 2382 Stirnreif der Königin; sie soll versuchen, wie er ihr steht:
1382 2357 2540 2426 mochte nicht ungestraft mit dem Feuer zu spielen; sie hat sich ernst¬
219 2374 1374 2432 sie zagt, sie weigert sich anfangs, dann ergreift sie ihn schnell
1379 2401 2528 2456 lich in Theodor verliebt, und von ihrer Leidenschaf, geht auch auf
213 2424 1382 2475 und setzt ihn aufs Haupt. Mitleid mit dem König, der sich nach
1377 2435 2559 2498 ihn ein Abglanz über, auf ihn, der sich gleich vor die Pistole des
220 2457 1372 2513 der einzig fühlenden Brust an seinem Hofe sehnt und den sie
1384 2476 2530 2541 Gegners stellen muß und wahrscheinlich nie zuruckkehrt. Ein
217 2493 1387 2544 bereits, an seinen Edelsinn sich wendend, zu beherrschen beginnt,
1381 2510 2534 2571 lyrischer Zauber liegt auf diesen Szenen. Auch den Vater Chri¬
222 2522 1377 2579 hat sie ergriffen. Sie sinkt jauchzend in des Königs Arme, s#int
1383 2548 2532 2616 stinens haben wir kennen gelernt, einen schwachen, gutmüthigen
232 2577 1099 2639 Königin geworden. Hier schließt das Fragment.
1384 2581 2537 2648 Mann, dessen laxe sittliche Anschauungen es begreiflich nachen, daß
304 2615 1375 2662 Aus dieser kurzen, die seelischen Momente berührenden Skizze
1379 2630 2537 2692 Christine zu dem Umgang mit Mizi und den iungen
218 2650 1381 2696 ahnt der Leser ungefähr wie Frau Sorma die Esther uns in
1377 2662 2538 2738 Leuten gekommen ist. Im dritten Akt, nach dem Duell,
227 2685 1373 2732 ihrem Spiele vorführt. Es ist nichts versäumt, die Jüdin so lieb¬
1380 2699 2544 2758 erscheinen Mizi und Fritz; aus ihren Mienen erräth Chri¬
224 2730 1379 2781 reizend wie möglich erscheinen zu lassen, und doch so klug und
1378 2754 2536 2812 stine mit dem intnitiven Scharfblick der Liebe das Schicksal
2464 2773 2545 2828 1150
227 2761 1387 2818 naiv berechnend, und das Erwachen ihrer Neigung bis zur liebenden
1378 2782 2473 2836 ihres Geliebten und auch den ganzen Zusammenhang.
226 2796 1384 2847 Hingebung ist in allen Uebergängen wahrzunehmen. Die Künst¬
1381 2816 2518 2884 kann es nicht fassen, daß Theodor ihre Liebe so gering ge
226 2834 1381 2891 lerin wurde durch stürmischen Beifall ausgezeichnet. Unter den
1376 2835 2548 2914 achtet und wegen einer verheiratheten Frau in den Tod gegangen
231 2870 1381 2919 Mitwirkenden ist Herr Haack, dieser tulentvolle Künstlec, der auch
1381 2903 2545 2952 ist. Der Vater und die Freunde können sie nicht zurückhalten; sie
220 2919 1387 2975 die Regie hatte, als Haman zu erwähnen, den er vielleicht als
1377 2944 2538 2995 stürzt hinaus, Mizi und Fritz ihr nach; aber der alte Vater weiß,
218 2950 1385 2999 allzu alten, aber sehr richtig als durchaus eitlen, hohlen Hofmann
1380 2972 2146 3030 sie wild nicht zurückkehren, sie ist verloren.
219 2998 1382 3054 und Minister kennzeichnete, ängstlich und eingebildet, mit einer
1452 2986 2535 3052 So lustig toll das Schauspiel beginnt, so furchtbar ernst
226 3023 1378 3073 gewissen unfreiwilligen Komik behaftet. Dann Herr Kleineckle
1394 3031 2547 3098 schließt es. Die Morat liegt auf der Hand. Im ersten Akt tritt
235 3062 1381 3112 als Mardochai. Er gab den greisen Jnden, das Gegenbild Hamaus,
1383 3075 2541 3137 Christine noch in den Hintergrund, Mizi mit ihrer liebenswürdigen
225 3102 1383 3140 in der prachtvollen Maske eines Propheten, weise und stolz. Nur
1393 3111 2545 3178 Oberflächlichkeit dominirt, die echte Wiener Modistin, von Fräulein
228 3127 1389 3182 im Pathos des Vortrags hätte er sich etwas mäßigen können, die
1381 3144 2540 3219 Engl sehr flott und nett gespielt. Die beiden letzten Akte ge¬
226 3172 1390 3230 eigenartig schleppende Betonung tonloser Endsilden hört sich nicht
1387 3191 2545 3242 hören der Christine (Frau Sorma), der sentimental liebenden
236 3210 1383 3268 gut an. Aus der problematischen Natur des Königs läßt sich
1377 3227 2541 3302 Naiven, deren Herz sich gegen das leichtfertige Liebesspiel sträubt.
232 3252 1384 3309 nicht allzu viel machen; Herr Lipowitz gab wenigstens eine ge¬
1387 3267 2548 3321 die zum ersten und einzigen Male liebt und alle Qualen dieser
238 3283 1387 3356 nügend umrissene Folie für Esther ab. Mit den anderen Personen
1389 3296 2544 3361 unglücklichen und hoffnungslosen Leidenschaft in kürzester Frist durch¬
240 3326 697 3396 hat es nicht viel auf sich.
1399 3335 2537 3399 leben muß. Alle Aeußerungen eines solchen Liebeslebens, von der
305 3350 1393 3429 Die weite Gabe das Schausniel „Liebelei“ nau Schnitzler,
1390 3377 2549 3443 Hoffnung bis zur Enttäuschung und Verzweifelung in ungezählten, un¬
232 3397 1378 3453 hätte mit ihren drei Akten auch wöhl schon für den Abend genügt.
1395 3407 2538 3474 zählbaren Zügen und Schattirungen spiegelt Frau Sorma in ihrer Dar¬
232 3442 1390 3501 Die Trefflichkeit dieses Schauspiels ist, was die genrebildlichen
1402 3454 2540 3509 stellung wieder; sie zwingt uns, mit ihr zu leben, zu empfinden, und
226 3489 1381 3531 Schilderungen leichtfertigen Wiener Lebens, die Zeichnung der
1402 3482 2548 3551 bestürmt mit der Gewalt ihrer Verzweiflung jedes illusionsfähige
238 3511 1387 3565 Charaktere und den sittlichen Ernst betrifft, allgemein anerkannt.
1387 3522 2542 3585 Gemüth. — Das Schauspiel verlief in jedem Theile aufs beste;
231 3562 1394 3609 Die dramatische Straffung der Handlung dagegen läßt zu wünschen
1394 3562 2544 3620 alle Mitwirkenden fühlten sich so sicher in ihrem besten Können und
227 3592 1394 3648 übrig. Die Fabel ist sehr einfach. Zwei Lebemänner, reiche,
1400 3594 2555 3661 Wollen, daß trotz der Virtuosität des Gastes das Zusammenspiel
231 3632 1391 3681 junge Leute, genießen, so weit es geht, ihr Leben skrupellos,
1401 3640 2551 3696 sich vollkommen einheitlich und unbeeinträchtigt vollzog, dank der
232 3671 1384 3727 namentlich im Punkte der Liebe. Theodor ist der Leichtsinnigere,
1394 3665 2552 3743 lebensvollen und lebenswahren Darstellungen der Herren Steffter
230 3710 1388 3760 der allen Liebesverhältnissen völlig blasirt gegenübersteht; Fritz
1405 3717 2549 3771 (Fritz), Gotthardt (Theodor), Forst (Geiger Weiring, von der
237 3739 1392 3791 aber hat eine gediegenere Natur; für ihn liegt stets die Gefahr
1391 3757 2558 3817 Art des alten Miller in „Kabale und Liebe*) und des Frl. Engl
238 3767 1393 3826 nahe, daß er die Liebeleien ernst nimmt. Er hat sich mit einer
1397 3802 2546 3846 (Mizi). Als Epizodisten verdienen auch Frau Monhaupt und Herr
236 3816 1391 3867 verheiratheten Frau eingelassen; seine moralischen Bedenken will
1396 3834 2554 3880 Jürgens freundliche Erwähnung. Mit dem Beifall des ausver¬
235 3856 1393 3907 sein Freund Theodor beschwichtigen und ihn von jenem gefähr¬
1391 3872 2572 3945 kauften Hauses kann Frau Sorma zufrieden sein. Dr. Hamel.
239 3893 1385 3943 lichen Verhältniß durch eine andere Liebelei abbringen; e# läßt
2062 3915 2150 3965 —
227 3924 1400 3966 durch seine eigene Geliebte Mizi, die ebenso leichtfertig ist wie er
239 3969 1402 4022 selber, dem Theodor ein ernster denkendes Mädchen zuführen,
244 4004 1425 4068 Christine, die Tochter eines ehrbaren Geigers am Theater. Der 1
1299 4025 1849 4114 4
2231 4082 2447 4164 Srne
