3436 4352
443 189 797 267 iebelei
872 194 1363 292 box 10/1
380 235 797 313 HA WASLE
339 1012 1467 1089 fahren sieht, wird es, Anfangs wenigstens, nicht ganz glatt gehen.
174 1028 316 1117 erita“
336 1081 1476 1142 Es ist sehr zu befürchten, daß, wenn man die Strafbestimmungen
346 1129 1488 1179 mit Euergie anwenden sollte, die Arreste bald so voll sein werden,
342 1226 1485 1285 dem einen erfährt man, daß er sich zu den Rigorosen vor¬
165 1226 322 1292 Dichter,
161 1285 332 1333 en Paul
348 1281 1479 1324 bereite, von dem andern, daß er Vorlesungen besuche. Die
164 1321 332 1380 ück heißt
333 1319 1483 1380 jungen Damen sind zugängliche Mädchen aus der Vorstadt.
159 1367 333 1422 Giacosa,
352 1370 1481 1420 Der Antor hat uns schon in früheren Hervorbringungen
159 1408 331 1463 Herzens
337 1408 1496 1455 seiner Muse mit der modernen Gestaltung des Wiener
161 1451 328 1509 s Recht,
1211 1446 1487 1506 Lieblingsheld
349 1451 1212 1497 Don=Jnan=Typus bekannt gemacht; sein
160 1492 324 1548 kruhe zu
339 1484 1498 1533 ist vom Stamme jener Asra, welche bei Sacher
163 1534 331 1587 weil er
344 1528 1478 1582 soupiren, wenn sie lieben. Ein solches Soupé bietet uns auch
336 1570 1488 1621 der erste Act. und es verschlägt nichts an der feuchtfröhlichen
157 1565 324 1633 den ge¬
159 1615 334 1676 il Paul
338 1622 1481 1670 Stimmung, daß das niedliche Abendessen in der eleganten
155 1662 329 1728 vor den
348 1670 1482 1720 Garconwohnung des Helden stattfindet. Der Schmans hat
212 1696 329 1764 Das
181 1722 217 1756 *
351 1700 1492 1747 übrigens eine pikante Vorgeschichte. Theodor sucht seinen
344 1744 1487 1793 Freund Fritz aus einem unbehaglichen in ein gemächliches
161 1788 333 1844 nde Be¬
341 1792 1482 1841 Abenteuer hineinzuretten. Diese Frauenzimmerchen sind zur
153 1826 329 1886 bidnellen
351 1833 1485 1879 Erholung da. Nein, die Weiber haben nicht interessant, sie
160 1876 330 1927 gemeinen
342 1877 1491 1926 haben nur angenehm zu sein. Theodor liebt die Gefahren nicht,
161 1917 330 1978 neugierig
344 1922 1491 1972 nicht die tragischen Verwicklungen, nicht die schwülen Leiden¬
202 1957 331 2010 Aber
338 1965 1488 2013 schaften. Ihn freut der Beginn ohne Schwierigkeit, das Ende
161 1999 335 2053 mmerhin
342 2012 1492 2054 ohne Qualen, ihn locken jene Rosenlippen, auf welche der Jüngling
159 2043 330 2096 Einacter,
163 2083 332 2153 den sein
347 2084 1487 2126 Rührung scheidet. Mit einem Worte, man dürfe nichts ernst
341 2128 1479 2172 nehmen. Da wird nichts gefragt; gleichgiltig, ob man der
187 2146 331 2230 Herrn
349 2175 1488 2219 Erste ist oder nicht; wer dem Gewissen lauscht, der be¬
158 2213 325 2266 sem aus¬
346 2208 1482 2279 denke daß ein Anderer nicht so thöricht ist und die Stunde
334 2240 1490 2309 zu pflücken weiß. Die richtige Liebe, so lautet die These des
165 2249 315 2305 enthüm¬
165 2295 330 2351 früheren
343 2294 1487 2337 Studenten, ist die, bei welcher es gleichgiltig ist, ob man sich
169 2338 329 2392 nin der
342 2337 1492 2395 das letztemal sieht ooer nicht: die richtige Liebe
177 2376 335 2437 Körper
339 2380 1481 2427 ist die Liebelei. Das „süße Mädel“ ist da dem „dä¬
342 2420 1489 2471 monischen Weibe“ entgegengestellt, und dem Ersteren
182 2422 326 2476 mung
151 2464 333 2519 trächtigt
345 2468 1484 2523 wird mit einer Galanterie, welche die Bequemlichkeit
149 2501 337 2568 Erregung
339 2506 1484 2560 nicht außeracht läßt, die Palme gereicht. In der That, die
150 2551 334 2609 dem die
347 2542 1492 2607 Schlager Mizzi ist in trefflicher Charakteristik an die Rampen
147 2590 327 2643 und der
349 2597 1483 2647 gestellt. Die Beziehung dieser Schönen zum häuslichen Herde
150 2632 330 2686 Beradezu
349 2635 1470 2680 sind ziemlich einfach, etwas verwickelter sind die zur männ¬
149 2675 327 2728 de in der
339 2681 1483 2728 lichen Umwelt. „Die Mutter hat ein bisserl Zahnweh. Aber
162 2717 321 2772 voll der
342 2717 1471 2764 der Doctor sagt: es ist nur refmatisch“ Hinsichtlich des
164 2759 324 2816 welcher
351 2759 1471 2811 stärkeren Geschlechtes hegt sie sehr aufgeklärte Anschauungen.
155 2799 330 2856 öst und
346 2813 1479 2856 Sie schätzt das Militär außerordentlich. Auch versteht sie
151 2842 324 2898 altet sie
344 2843 1476 2888 sich trefflich auf Aufschläge und Distinctionen. Im Uebrigen sind
157 2885 327 2940 der Dar¬
334 2886 1480 2941 die Männer nicht werth, daß man sich ihretwegen eine böse Stunde
337 2927 1485 2971 macht. So schlürft sie denn die Heiterkeit in vollen Zügen.
161 2920 332 2990 gemuthet
344 2963 1477 3024 Da klingelt es plötzlich an der Thür. Vor derselben steht ein
165 3003 328 3063 eines in
341 3010 1482 3067 Herr aus einer andern Welt, in welcher man andere An¬
157 3053 337 3112 eibender
334 3049 1481 3108 schauungen hegt, ein Herr, welcher meint, daß es Frauen
162 3096 328 3153 ührt uns
334 3098 1472 3153 gebe, welche wohl böser Stunden werth sind. Es ist der
160 3139 1492 3188 ten; von Gatte der „Dämonischen“. Er weiß Alles. Er fordert. Zu¬
230 197 374 271 5.
2007 994 2101 1080 4—
2108 1018 3328 1106 Stöcker's Ernte.] Anläßlich der bekannten Vorgänge den deu
2008 1086 3325 1137 der letzten Tage veröffentlicht Julius Stettenheim im daction
2966 1125 3042 1156 41%
2026 1128 3330 1188 „Kleinen Journal“ folgenden satirischen „Festbericht: Ein] Conrad
3171 1211 3318 1267 lassen,“
2020 1226 3171 1270 nächst fordert er die Briefe seiner Frau zurück, und Fritz ist
3177 1256 3320 1306 Aber
2010 1268 3164 1323 seltsamerweise sogleich bereit, sie ihm zu überreichen. Sodann
3176 1296 3321 1350 empor,
2019 1300 3159 1367 fordert er den Studenten. „Ich habe Dir's gesagt!“ ruft
3174 1339 3324 1400 Monds
2027 1339 3157 1391 Theodor schmerzlich. Ach, hätte Fritz sich doch von allem
3172 1380 3313 1433 sagen
2021 1381 3161 1432 Anfang an nur mit den Grisetten aus der Vorstadt zerstreut!
3177 1424 3337 1482 Lebewo
2021 1426 3155 1477 Nun, es ist noch nicht aller Tage Abend. Die Zeit bis zum
2019 1468 3165 1525 Duell kann ausgenützt werden. So führt uns denn der zweite
3165 1513 3213 1570 2
2021 1507 3165 1578 Act in die Wohnung Christinen's, welche die Bewerbungen
2026 1555 2926 1628 Fritzen's ernster nimmt, als sie gegeben werden.
2115 1593 3161 1650 Das einfache kleinbürgerliche Milien wird sorgsam ge¬
3177 1628 3321 1691 Christif
2028 1642 3164 1695 schildert. Schlichter Hausrath. Hier der Nähtisch auf erhöhter
3170 1676 3333 1728 bekannt
2027 1667 3169 1750 Fensterschwelle; von ihm aus blickt es sich träumerisch über
3178 1719 3321 1773 mich d
2028 1723 3160 1784 viele, viele Dächer in's Weite auf den Kahlenberg; dort
3181 1761 3327 1817 gewahr
2029 1763 3165 1822 hängen dürftige Stahlstiche an der Wand. Kunstbegeisterung
3194 1802 3332 1857 müthig
2032 1821 3172 1876 sendet einen Strahl ihres Himmelslichtes in die enge Stube:
3183 1841 3337 1897 Welt
2035 1844 3171 1899 auf dem Ofen ragt die Büste Schubert's. Natürlich, der
3181 1889 3295 1939 ahnt
2035 1882 3163 1967 Musicus hat auch einmal componirt. Das hat er sich aber
3186 1927 3304 1983 fährt
2038 1930 3166 1985 mit der Zeit abgewöhnt. Jetzt ist er im Orchester des Joseph¬
3180 1973 3279 2021 ihr
2035 1981 3164 2049 städter Theaters beschäftigt. Ja, er ist alt geworden, alt und
3192 2012 3329 2067 Gefallc
2037 2010 3173 2080 weise, und seine Weisheit deckt sich so ziemlich mit der be¬
3184 2057 3296 2112 Tod,
2027 2049 3167 2115 quemen Genußphilosophie, welche Fritz als gesunde Mensch¬
3177 2068 3335 2158 zu hin
2029 2096 3172 2166 lichkeit rühmte. Er behütet sein Töchterchen nur schlecht. Das
3183 2140 3333 2198 gewuß
2039 2146 3177 2217 geschieht, weil er es gut mit ihr meint. Er will nicht, daß
3184 2182 3320 2241 wesen
2051 2187 3174 2253 sie die ganze Jugend zum Fenster hinauswerfe,
3183 2226 3327 2280 ihn an
2034 2226 3172 2277 was habe sie vom Bewußtsein ihrer Unentweihtheit; die
3192 2263 3320 2323 geben
2035 2253 3178 2343 Erinnerungen seien das beste, was man vom Leben habe.
3191 2309 3333 2380 So kl
2033 2312 3175 2371 Ueber seine verstorbene Schwester habe er gewacht; sie sei
3181 2347 3317 2411 habe
2043 2362 3179 2421 ein altes Fräulein geworden, und wenn er des Abends mit
3191 2378 3334 2449 dem 2
2047 2392 3177 2465 ihr bei der Lampe gesessen, sei es ihm weh um das Herz
3185 2432 3325 2493 zuerst
2046 2438 3181 2496 geworden ob ihrer grauen Haare, ihrer Runzeln, ihres stillen,
3188 2479 3328 2536 müssen
2040 2481 3173 2552 gottergebenen Lächelns. Da sei er darauf gekommen, was er
3190 2522 3330 2574 und in
2044 2522 3174 2590 gethan habe. Vor ihre Knie hätte er sich hinwerfen mögen,
3187 2563 3317 2626 stößt
2044 2567 3172 2622 um sie zu bitten, daß sie ihm verzeihe; denn sein war
3181 2604 3331 2659 Blicke
2038 2607 3171 2680 die Schuld; er hat sie so gut behütet vor jeder Gefahr und
3192 2645 3335 2704 nachzu
2049 2649 3174 2711 vor jedem Glück. Ein Schimmer dieses Glückes gleitet über
3186 2689 3334 2739 wieden
2038 2706 3181 2765 Christinen hin. Fritz besucht sie, um Abschied von ihr zu nehmen.
2050 2733 3181 2797 Der Dichter legt ein besonderes Gewicht auf Stimmungs¬
3190 2764 3340 2829 Jahrei
2048 2775 3180 2832 malerei; er schildert uns die stille Gasse, in der das Mädchen
3184 2817 3321 2868 Feder
2051 2819 3181 2877 lebt. Wir erfahren, daß selten ein Wagen durchfährt; dort
3197 2859 3329 2917 Sand
2043 2860 3188 2926 drüben, an der Ecke, hat ein Schlosser seine Werkstätte; ge¬
3197 2899 3326 2952 March
2044 2901 3182 2961 dämpft klingt sein Gehämmer herauf. Da keimt dem Lebe¬
3188 2930 3337 2992 die G
2042 2939 3183 2999 mann der Gedanke, daß Theodor doch Recht habe, daß hier
3196 2985 3312 3037 daß
2046 2982 3188 3059 die Zufriedenheit lächle, das innere Genügen, die Seligkeit.
3190 3026 3329 3090 „Dari
2056 3030 3187 3084 Denn eine unbefangene, selbstlose, köstlich leichtsinnige Neigung
2066 3065 3326 3141 ist es, die ihm entgegengebracht wird. „Du kannst mich sitzen! sein 9
