3484 4256
485 165 873 236 Liebelei
318 171 889 275 5 S
1679 129 1803 204 „idus
1808 161 3031 222 an meiter allen Großmama in geselliger Beziehung doch keinen
1017 164 1455 260 box 10/3
1633 188 1802 263 ch das
1815 199 3017 273 Schutz hätte, und es zwiefach unrecht von mir wäre, sie zu täuschen,
1799 224 3030 326 weil ihre Blindheit sie ganz auf meine Wahrhaftigkeit verweist.
1997 292 3019 368 Ich schämte mich recht, Alfred, als sie das letztere sagte
1638 322 2589 410 er Zeit: — gerade das habe ich schon oft gedacht.“
2686 338 2983 420 (Forts. folgt.)
1636 363 1820 437 t unser
1962 413 2880 508 Theater, Kunst und Literatur.
1643 435 1804 517 ädchen¬
1647 494 1808 560 h nicht
2211 495 2623 568 Deutsches Theater.
1656 543 1804 603 wenig
1893 538 3019 625 * Arthur Schnitzler, dessen große psychologische Kunst
1639 587 1793 657 ebenso,
1806 563 3017 675 wir in der beachtenswerthen Studie „Sterben“ bereits bewundern
1807 619 3027 714 konnten, dessen überlegenen Humor wir aus seinen Anatole=Skizzen
1641 663 1769 729 ehr. —
1811 673 3009 768 kennen, hat sich gestern mit seinem feinen Schauspiel „Liebelei“
1634 714 1763 773 htet.“
1811 723 2727 793 als ein Bühnenschriftsteller ersten Ranges erwiesen.
1640 755 1799 831 nd be¬
1873 766 3014 846 Nach jedem Akte mußte Schnitzler, eine sympathisch behäbige
1629 803 1797 860 ommen
1806 799 3019 890 Erscheinung mit koketter Stirnlocke à la Hermann Bahr, sich dem
1642 843 1799 903 tunden
1807 847 3026 940 begeisterten Publikum wiederholt zeigen. Es war ein starker Erfolg,
1639 894 1801 953 ast auf
1809 897 3027 981 in seiner Unangefochtenheit um so erfreulicher, als in diesem Schau¬
1637 937 1788 994 Liebste,
1800 937 3029 1019 spiel Bühnenvorzüge und literarische Qualitäten gleich gut vertreten
1637 980 1791 1049 Mücke
1802 990 3013 1080 sind. Seit langer Zeit zum ersten Male eine geist= und kraftvolle
1800 1031 2465 1084 Bühnendichtung Wiener Ursprungs.
1880 1076 3021 1152 Diese überraschend erfreuliche Bühnenerscheinung soll morgen
1807 1098 3009 1198 eingehender erörtert werden, ebenso die dem Schauspiel vorangehende,
1628 1154 1800 1221 ohl sie
1804 1162 3016 1246 beifällig aufgenommene Aufführung von Kleist's „Zerbrochenem
1710 1196 1954 1273 ich Krug“.
2760 1227 2948 1299 Ph. St.
1631 1244 1801 1322 1 mich
1870 1261 2943 1351 (Theater, Kunst und Literatur siehe auch zweites Beiblatt.)
1985 1378 2794 1639 Jmf. 40 1.
813 1739 1956 1827 werty wäre es, daß für die zu entlassenden und zu lano¬
1987 1762 3121 1811 pragung nicht zu genehmigen, sondern an der vom
822 1806 1967 1856 wirthschaftlichen Arbeiten geeigneten Strafgefangenen ein
1979 1808 3113 1867 Reprasentantenhause angenommenen Bond=Bill festzuhalten.
817 1837 1964 1893 Uebergangsstadium zur Erlangung der vollstandigen Freiheit
2492 1855 2723 1945 Anen
1993 1935 3116 1985 anlaßte, neben diese dilettantische Arbeit ein Meister¬
976 1923 1797 2006 Wisseuschaft, Kunst und Literatur.
1991 1975 3121 2027 werk wie das Kleistsche Lustspiel „Der zer¬
918 1987 1958 2056 * Deutsches Theater. Dem Nachtberichte über die
1994 2006 2448 2060 brochene Krug
2574 2008 3124 2069 stellen? Ich will mir
814 2025 1964 2098 Aufführung von Schnitzlers „Liebelei“ sind noch ein
1983 2022 3117 2096 einen neuen Lobeshymnus auf dieses Kleinod ersparen, aber
819 2081 1959 2135 paar Worte über die Darstellung anzufügen. Wie der Leser
1982 2080 3118 2144 Eines muß doch gesagt sein. Kann es ein erbärmlicheres
816 2117 1967 2157 aus diesem Bericht erfahren haben dürfte, liegt der Haupt¬
1992 2122 3115 2174 Individuum geben, als diesen Richter Adam? Liegt nicht
814 2156 1954 2203 fehler des Stückes (abgesehen von dem dürftigen und nichts
1992 2152 3124 2224 der ganze Schmutz des Erdenlebens hinter dieser Gestalt?
820 2196 1951 2240 weniger als anziehenden Stoffe) darin, daß das „Stück“
1977 2196 3113 2245 Ist sie nicht mit unübertrefflicher „naturalistischer“ Treue ge¬
823 2234 1959 2272 eigentlich — fehlt. Die Freunde des Verfassers werden über
1977 2243 3128 2296 zeichnet? Und doch — wem erweckt die Aufführung dieses
807 2267 1967 2328 die Bemerkung, Schnitzler sei kein Dramatiker, freilich die
1983 2279 3115 2330 Lustspiels eine widrige Empfindung? Wer ist nicht erquickt,
821 2311 1953 2368 Achseln zucken. Er wollte ja kein Theaterstück nach der alten
1979 2319 3124 2362 befreit, erhoben nach diesen köstlichen Szenen? Kleist war
814 2353 1963 2403 Schablone schreiben, sondern ein „modernes“! Aber ich meine,
1992 2349 2633 2413 eben ein Dichter, Herr Schnitzler
2673 2361 3119 2416 das sagt mit einem
818 2402 1962 2442 auch ein modernes Theaterstück muß eben doch ein Theater¬
1979 2390 3120 2437 Worte Alles. Was die Darstellung des Werkes be¬
814 2432 1948 2476 stück sein. Das schönste Gigerlkostüm allein macht noch keinen
1980 2433 2124 2482 trifft,
2120 2425 2226 2482 so
2226 2420 3117 2485 leisteten sämmtliche Mitwirkenden Gutes.
823 2465 1957 2506 Gigerl. Es muß auch etwas, das so ungefähr wie ein Mensch aus¬
1989 2470 3119 2523 Ausgezeichnet war Hermann Müller in der
814 2490 1955 2555 sieht, darin stecken. Schnitzler stellt seinen Stoff nicht dar, weder
1985 2514 3108 2564 Rolle des Adam. Aber das Ganze entbehrte der Frische,
811 2547 1962 2591 dramatisch noch episch, er läßt darüber plandern. Im ersten
1974 2530 3113 2600 des rechten Zusammenwirkens, und da und dort störte ein
814 2583 1950 2639 Akte wird nur geliebelt, gegessen, getrunken und am Schluß
1986 2591 3109 2637 Zug, den die Regie hätte beseitigen müssen. Wie trocken und
813 2618 1949 2673 kommt der betrogene Ehemann und fordert den Verführer.
1982 2626 3111 2684 langweilig brachte Marie Meyer die doch köstlich ent¬
808 2655 1224 2716 Im zweiten Akte
1218 2655 1947 2721 geschieht gar nichts und im
1986 2668 3104 2710 worfene Schilderung des „zerbrochenen Kruges“ vor!
817 2684 1320 2752 dritten wieder nichts.
1350 2683 1830 2756 Man erfährt nur,
1830 2702 1949 2753 daß
1984 2702 2240 2759 Und doch
2322 2702 3106 2764 gerade diese Künstlerin für die
813 2721 1949 2781 der Schlingel im Duell gefallen ist, und das Mädchen,
1982 2742 2440 2796 Rolle der Mutter
2431 2733 3111 2807 wie geschaffen. Ein Wink
808 2779 1946 2842 mit dem er die neue Liebelei begonnen hat, stürzt verzweifelt
1968 2777 3122 2840 der Regie hätte wohl genügt, um dem drastischen
809 2812 1958 2860 hinaus, um ihrem Leben ein Ende zu machen. Vermuthlich
1981 2820 3115 2879 Charakter = Bildchen zu vollendeter Ausgestaltung zu
825 2856 1952 2898 — wenn sie sich die Sache draußen nicht anders überlegt.
1968 2861 3120 2903 verhelfen. Neben den Genannten sind noch die Herren
809 2892 1945 2934 Ein solches „Drama“ stellt nun gerade die Hauptdarsteller
1970 2892 3119 2955 Fischer, Biensfeld und Reinhart sowie Fräulein
802 2935 1945 2973 vor Aufgaben, an denen sie erlahmen müssen. Das zweite
1937 2918 3099 2988 Staglé (Evchen) hervorzuheben. In Schnitzlers „Liebelei“
812 2965 1953 3021 Liebesparchen, das nur dazwischen plaudert, hat leichtes
1978 2972 3112 3035 wirkten auch Herr Reicher, Herr Nissen und Marie
817 3005 1949 3066 Spiel, und wenn man das Verhältniß zwischen Aufgabe und
1965 3006 3106 3071 Meyer mit. Herrn Nissen gelang es, den betrogenen Ehe¬
815 3044 1939 3103 Ausführung nicht weiter berücksichtigt, so boten eigentlich
1969 3055 3105 3098 mann, der nur eine Szene hat, so imponirend zu verkörpern,
807 3081 1950 3139 Frau Schneider=Nissen und Herr Jarno in diesen
1964 3088 3103 3131 daß kaum jemand . .. lächelte. Bei anderer Darstellung und
814 3117 1941 3183 beiden Rollen das Beste der Vorstellung. Was sollen eben
1966 3132 3105 3186 einem weniger freundlichen Publikum dürfte dieser Aktschluß
811 3164 1939 3201 selbst Künstler wie Frau Sorma und Herr Rittner
1968 3169 3106 3216 eine Stimmung wecken, die dem „Ernst“ der trübseligen
802 3195 1759 3246 aus zwei Gestalten machen, die nichts thun,
1748 3200 1943 3254 sondern
1974 3212 3106 3263 Geschichte durchaus nicht entspricht. Zu dem Nachtberichte
807 3234 1947 3290 immer nur reden, küssen und Kopfweh haben? Frau Sorma
1971 3248 3094 3294 über die Novität sei endlich noch bemerkt, daß Setzer und
809 3277 1934 3325 spielte vortrefflich und Rittner spielte auch vortrefflich. Aber
1966 3281 3102 3342 Korrektor in demselben eine bedauerliche Verwirrung an¬
798 3313 1932 3374 beide spielten, sie erwärmten nicht, erregten nicht. Oder rich¬
1976 3322 3099 3376 gerichtet haben. Ich bin gegen Damen selbst dann nicht
794 3360 1937 3407 tiger gesagt, man hatte immer nur die Empfindung, daß
1975 3358 3111 3402 grob, wenn sie für den Autor eines schlechten Stückes so
794 3393 1950 3442 diese beiden Künstler Schmerzen darstellten und man empfand
1971 3400 3107 3450 sehr schwärmen, daß sie dieses „süß“ nennen. Die betreffende
804 3431 1942 3484 diese Schmerzen nicht. Soll uns das Weinen und Jammern
1973 3440 3114 3497 Zeile des Berichtes wurde nun derart verstümmelt, daß es
802 3476 1938 3518 eines Menschen auf der Bühne ergreifen, so müssen wir eben
1975 3459 3109 3528 scheint, als hätte ich die Urtheilende wie das Stück „un¬
797 3508 1953 3556 das miterlebt haben, was ihn zum Jammern und Weinen
1967 3515 3107 3557 bedeutend und abstoßend“ gefunden. Ich gebe hiermit der
799 3547 1942 3588 brachte, und Schnitzler läßt uns fast nichts erleben, er plau¬
1964 3552 3094 3590 Wahrheit die Ehre und erkläre feierlich, daß die Dame durch¬
794 3581 1830 3639 dert nur, erzählt und läßt uns rathen. War es
1824 3584 1950 3643 eine
1964 3595 3069 3662 aus nicht abstoßend war, sondern mindestens so „süß“ wie
786 3613 2353 3694 schalthafte Lanne, die Herrn Direktor Brahm ver= sie das Stück fand.
2688 3617 3030 3704 E. Peschkau.
800 3704 2581 3942 F Cle-uurt Aaunuter H
3141 1960 3286 2036 Land
3135 2025 3250 2082 ein.
3140 2064 3254 2107 des
3148 2098 3298 2151 schilder
3144 2137 3302 2188 verwah
3138 2290 3217 2340 Ve
3144 2332 3317 2380 als Verl
3150 2370 3356 2430 einen vär
3135 2435 3349 2510 Herkomm
3134 2491 3333 2552 räthe!
3137 2534 3341 2588 laden, w
3142 2575 3286 2620 wird.
3134 2598 3342 2663 Geh. Ob
3134 2648 3344 2715 theilnehr
3136 2717 3323 2788 borusse
3134 2772 3325 2830 Kaiserho
3134 2814 3334 2864 der Mur
3128 2846 3330 2909 burgische
3140 2889 3339 2940 der Gré¬
3137 2928 3323 2985 und der
3135 2967 3314 3022 kanzlei
3138 3009 3309 3065 brachte
3127 3084 3325 3146 besonder
3132 3130 3310 3186 sehr ent
3120 3164 3314 3226 klasse a¬
3128 3208 3321 3262 abermal
3135 3243 3285 3297 sein. C
3131 3285 3321 3351 etwaige
3138 3326 3318 3374 Aufwer
3134 3364 3303 3429 würden
3129 3399 3252 3450 eine
3149 3417 3307 3490 juristisa
3125 3474 3316 3529 Verwal
3126 3518 3302 3568 als ein
3121 3554 3312 3613 aber al
3126 3624 3295 3703 ragend
