3484 4224
548 149 759 222 iebe
334 148 902 244 5. 11
1026 145 1474 233 box 10/3
1238 1039 2372 1094 Ich möchte ihm dann lieber ein ehrliches Wort sagen, das
1247 1082 2380 1131 ihm ebenso dienen müßte wie der Kunst oder der „Moderne“.
1236 1124 2387 1170 Und dieses Wort würde lauten: „Ich weiß nicht,
1241 1172 2382 1223 ob Du Talent zum Dramatiker hast. Dein Stück ver¬
1244 1205 2387 1267 räth davon nichts. Aber es könnte ja doch in Dir stecken.
1246 1255 2382 1306 Deshalb, bitte, lies, was Hermann Bahr, auch ein Moderner,
1241 1305 2384 1360 zu diesem Kapitel geschrieben hat; „Man dramatifirt
1238 1347 2383 1396 Zustände, indem man Menschen in sie bringt, die
1242 1384 2387 1446 sich ihnen widersetzen; dort, wo sich die Menschen
1236 1427 2389 1482 mit den Dingen entzweien, fängt das Drama erst
1237 1470 2388 1510 an. Schnitzler's Menschen, die nichts wollen, sitzen unbeweg¬
1237 1512 2390 1572 lich in ihren Zuständen drin, wie Chamäleons, die immer die
1249 1556 2387 1609 Farbe ihrer Umgebung haben. So schreibt, wie gesagt,
1241 1612 2390 1664 einer vom Bund der „Moderne“. Also, lieber Freund,
1248 1646 2380 1705 ehe Du wieder ein Theaterstück schreibst, lerne zuerst
1252 1696 2383 1753 wenigstens die Elementarkenntnisse, die für diese Thätigkeit
1249 1734 2392 1783 erforderlich sind. Auch ein Schuster muß ja erst etwas
1246 1779 2370 1828 lernen, ehe er Stiefel in die Welt setzt. Aber Deine „Liebelei“
1245 1815 2385 1874 ist nicht blos langweilig vom Anfang bis zum Ende, sie ist
1249 1854 2390 1906 auch unbedeutend und abstoßend. Wenigstens mir erscheint sie
1244 1907 2390 1962 so, ebenso wie eine Dame, die ich sagen hörte; „Gott wie
1240 1957 2386 2009 süß ist das Stück.“ Ein Lump, der, nachdem er eine Frau
1236 1999 2391 2055 verführt hat, eine Liebelei mit einem Mädchen anfängt und
1251 2026 2388 2085 in dem Augenblick, da die Möglichkeit eines wahrhaften
1237 2088 2383 2133 Glückes in seiner Seele aufsteigt, von dem Mann der
1917 2118 2397 2180 ich überlasse es dem
1245 2120 1826 2186 Ehebrecherin erschossen wird
1238 2165 2396 2228 Gefühl des Lesers, ob eine solche Geschichte „süß" ist
1245 2209 2393 2268 oder nicht. Für meinen Geschmack ist sie umso abstoßender,
1247 2263 2392 2309 als auch das zweite „liebelnde“ Pärchen des Stückes faul ist
1298 2309 2391 2353 noch fauler. Und dazu kommt ein Vater, der seinem
1236 2359 2389 2408 Töchterlein die „Liebelei“ gar nicht übel nimmt, der
1239 2384 2391 2458 sie ihr gutmüthig gönnt! Lieber Freund, würde
2091 2429 2397 2484 nicht mehr
1251 2431 1335 2486 ich
1961 2425 2068 2492 gar
1368 2415 1927 2490 schließen, sprechen wir
1238 2490 2390 2528 vom Dramatiker, sondern vom Dichter ganz im Allgemeinen.
1235 2511 2396 2559 Wenn ein Dichter schon einen so unbedeutenden und widrigen
1247 2557 2390 2601 Stoff aufgreift, dann muß er ihn durch die Kraft
1250 2604 1389 2677 seiner
1393 2619 2384 2670 eigenen Seele mit Bedeutung erfüllen und
1238 2641 2398 2688 ihn adeln. Wer einen solchen „Vater“ zeichnet,
1237 2698 2390 2753 der ... fast hätte ich gesagt, der kann kein Dichter
1241 2733 2383 2791 sein. Aber vielleicht steckt doch einer in Dir, laß Dich also
1245 2777 2394 2829 von den guten Freunden nicht beschwätzen, die Dich beweih¬
1252 2823 2381 2881 räuchern, weil Du „naturgetren“ schildern kannst, wie ein
1250 2868 2379 2916 paar Schlingel mit leichtsinnigen Dirnen Xeres trinken und
1246 2909 2389 2968 Torte essen — such Dir vielmehr einen Stoff aus, der so
1231 2962 2395 3007 reich und anziehend ist, daß ihn auch ein kleiner Dichter
1246 3001 2387 3048 meistern kann. Und sehe ich dann diesen kleinen Dichter, so
1243 3030 2405 3104 werde ich ein Auge zudrücken, wenn er selbst kein Dramatiker
2422 1023 2810 1091 ist, und werde klatse
2411 1077 2807 1145 Bravo rufen wie di
2487 1117 2809 1180 So viel über d
2414 1170 2817 1219 Kleist's „Der zerbro¬
2407 1212 2798 1277 die Darstellung der
2493 1335 2815 1416 68 Bei Ausfü
2409 1399 2830 1457 Schmucks des „Thes
2413 1445 2820 1491 deutsche Künstler un
2416 1482 2819 1530 Bildhauer Manzel :
2406 1515 2810 1574 burg“, Max Klein
2417 1548 2800 1612 terrasse und Seger
2415 1600 2806 1650 Maler Kretschmann
2418 1631 2813 1679 romanischen Zimme
2418 1672 2812 1721 Palermo übertrager
2418 1708 2789 1771 große Porträt des
2418 1746 2792 1805 engagirten Schauspit
2420 1788 2776 1839 Schmuck des Zusch
2415 1826 2791 1884 Plafond von den Me
2414 1867 2784 1929 vergoldeten Bronzef
2418 1898 2776 1958 krönen, werden im
2410 1928 2799 2014 geschaffen. Eine N
2411 1976 2798 2035 (in der Natienalga.
2418 2020 2799 2077 stellung finden. Pr.
2416 2056 2810 2114 des I. Ranges einen
2406 2105 2806 2154 Bühnenvorhang ing
2412 2131 2783 2191 gehen aus den Kun
2415 2175 2789 2231 und Kramme und
2417 2214 2797 2268 reich aus freier Han
2419 2252 2797 2315 der Kunstschlosserei
2528 2351 2821 2424 Kleine Mi
2420 2410 2804 2464 fünfaktiges Schausst
2421 2447 2825 2502 Prasch für das Bö
2409 2484 2819 2543 Neumann für das
2419 2528 2817 2579 Aufführung angenon
2427 2565 2816 2621 telegraphisch gemeld
2414 2604 2824 2657 Landes=Bildergalern
2415 2643 2823 2697 Grund ärztlicher Un
2419 2682 2821 2739 Er ist nach einer Ir
2415 2718 2798 2775 in der Depesche di
2412 2754 2835 2814 muthung eingetroffen
2412 2794 2818 2856 der Sohn des be
2422 2829 2824 2890 Pulszky. Die geiß
2419 2875 2827 2928 dürften den Besucher
2423 2915 2811 2969 aus dem vortrefflick
2430 2953 2813 3016 lebendiger Erinnern
