3484 4320
488 227 781 316 iebele
279 220 1421 357 5. L 1 box 11/3
619 996 1630 1046 à Dizottsag legutobbl dleseh teinozsdiakra Wale Ve
619 1041 1653 1103 e anrm.
611 1090 1649 1174 leány, és kiszakitja magät atyja karjäbél és
612 1139 832 1201 elrohan.
650 1180 1644 1277 Az öreg Weiring leroskad a székre és sirva
613 1233 817 1302 mondja:
718 1276 1470 1357 Nem fog visszajönni többé soha!
652 1337 1654 1405 Igy végzödik Schnitzler drämäja, amely
612 1377 1645 1454 elöreläthatölag nagy hatäst, mély megilletö¬
606 1448 1365 1506 dést fog kelteni a mai premiéren.
646 1481 1645 1548 A Nemzeti Szinhäz többféle erdekességgel
595 1534 1642 1603 járul hozzá a poétikus darab sikeréhez. A szin¬
605 1579 1644 1655 darab föszerepének eljätszäsära vendégkent
608 1623 1641 1695 szerzödtették Medgyaszay Vilmät, a nép¬
602 1686 1645 1742 szerü és kitünó szinésznôt, akinek szédületesen
599 1737 1644 1801 gyors karriérben emelkedö pälyáján nevezetes
595 1772 1642 1840 ällomäst jelent ez a mai debut. A müvésznó
599 1826 1640 1886 kétségkivül emlékezetes sikert fog aratni ez¬
603 1878 1633 1947 zel az alakitäsäval. A mäsik, nem kisebb er¬
599 1922 1625 1996 dekesség, hogy Ujházi mester ismét uj sze¬
598 1966 1635 2029 repet jätszik. Es megjósolhatjuk, hogy aki
596 2028 1638 2081 az öreg Weiring klasszikus alakjät lätni fogja
599 2065 1641 2114 töle, bizonyára nem fogja elfelejteni soha. Az
601 2116 1642 2166 6 nagy egyénisége, meleg szive ma ujra dia¬
599 2163 1629 2238 dalmasan fogja meghöditani az ö hü közön¬
605 2213 771 2274 ségét.
642 2244 1619 2320 Dezsö József, Mészáros Alajos, Gye¬
590 2317 1620 2370 nes, Vizvári Mariska, Keczeri Irén jät¬
601 2360 1633 2415 szanak még a (Szerelmeskedésy-ben és elöre
591 2407 1627 2465 is megmondhatjuk, hogy az elöadse általäban
594 2466 1632 2523 igen jö. Aminthogy teljes elismerés illeti He¬
597 2518 1567 2563 vesi Sändort is, az avatott reudezésért.
631 2549 1628 2610 Még volna egy-két megjegyzésünk a da¬
605 2591 1626 2680 rabbal kapesolatban, de ezekröl az elöadás
605 2651 744 2727 utän.
1112 2681 1609 2777 Hervay Frigyes.
3083 1246 3136 1305 I1
2254 1202 2731 1357 Feuilleton.
2270 1368 2718 1465 Nationaltheater.
2118 1445 2841 1511 (Arthur Schnitzler: „Liebelei“.)
3088 1477 3134 1546 sa
2170 1509 2809 1560 Von Max Ruttkay=Rothauser.
3263 1488 3371 1595 ieea
3089 1536 3249 1601 schnittsp
1972 1549 3066 1616 Mit einer Verspätung von soundsoviel Jahren hat
3084 1587 3383 1652 winnen. Das
1895 1607 3075 1663 heute das ungarische Publikum die Bekanntschaft des
3089 1634 3377 1698 verblüffen, sie
1901 1663 3066 1721 liebenswürdigsten und interessantesten Schriftstellers von
3082 1676 3384 1747 zu dem Pun
1893 1708 3062 1760 Jungwien gemacht. Man dürfte auch sagen: Neudeutsch¬
3087 1733 3348 1796 zarten und
1887 1750 3066 1818 lands, wenn literarische Strömungen den Unterschied der
3075 1770 3383 1847 dringt die äu
1901 1808 3080 1857 Temperamentszonen wettmachen könnten. Aber Nord
3092 1831 3366 1892 spielers nicht
1903 1849 3068 1915 und Süd konnten einander nur in der Absicht, rebellisch
3082 1878 3381 1941 Den wirkliche
1894 1894 3072 1949 zu sein, begegnen; in der Ausführung des Vorhabens
3085 1930 3384 2001 der Fähigkeit,
1895 1950 3071 2008 traten sofort die Blutsverschiedenheiten zutage. Und
3089 1977 3369 2046 und harten
1902 1999 3080 2052 da ist es wieder bezeichnend, daß die Wiener in Berlin
3088 2022 3377 2094 zaubern. Art
1896 2040 3077 2106 leichter durchdrangen als die Norddeutschen in Wien.
3091 2075 3389 2142 sinnt, erklügel
1904 2088 3082 2142 Arthur Schnitzler und Hermann Bahr haben auf den
3086 2125 3390 2197 Von der Str#
1902 2133 3082 2189 Berliner Bühnen Heimatsrecht erworben. Sie holen sich
3086 2172 3357 2243 hauses. Sie
1907 2187 3069 2241 seit zehn Jahren ihre lohnendsten Erfolge aus Deutsch¬
3086 2218 3345 2288 abgegriffen,
1911 2233 3083 2302 land. Das gibt zu denken. Zumal die Erfindung, die
3095 2271 3363 2341 geworfen zu
1900 2289 3085 2345 Phantasie keineswegs die starke Seite der beiden Stil¬
3195 2321 3270 2383 Wa
1911 2339 3076 2398 künstler ist. Was die kühlen Leute dort oben bestach,
1911 2392 3076 2446 mußten Eigenschaften sein, die sie selber nicht besaßen:
3084 2418 3167 2485 zwi
1901 2423 3084 2500 höhere Temperatur, graziöser Geist. Bei Schnitzler findet
3083 2472 3161 2534 ein
1911 2478 3087 2544 man beides in gewinnender Harmonie vereint, durch
3099 2514 3176 2579 Na
1901 2528 3079 2582 immerfort feststellbaren Anschluß ans Leben im Werte
3102 2570 3166 2624 ho
1900 2576 3084 2627 erhöht. Das Werk, das der neue Direktor des National¬
3100 2618 3182 2675 Far
1915 2637 3076 2692 theaters heute als Probe seiner eigenen modernen Ge¬
1908 2669 3192 2747 sinnung aufführen ließ, hat trotz der Jahre nur wenig] Dase
1897 2726 3188 2792 von seiner Frische eingebüßt. In der glänzenden Kar= und
1907 2755 3304 2842 riere Arthur Schnitzlers ist es allerdings nur mehr eine in eineri
1898 2804 3280 2881 Haltestelle, an der sein großes Talent längst vorbei= heit selbs
1911 2874 3367 2946 gesaust ist. Vorbei, größeren, komplizierteren Aufgaben ernsten Emp
1900 2915 3375 2989 entgegen. Allein zur Charakteristit des Dichters ge=grausamen E
1903 2964 3370 3042 hören auch die Tugenden und die Mängel der „Liebelei“. ehrlichem Ges
1912 3017 3377 3101 La, aus dieser scheinbar gewöhnlichen, in der Erzäh= für ihr Alle¬
