3532 4320
440 242 807 311 Liebelei
960 244 1393 333 box 11/1
261 244 827 357 5. Deenennnune
712 803 1324 1006 Ker Goldsche
839 907 1183 998 Bureau für 4
585 923 702 1023 O“
1303 943 1404 1041 %
639 989 1330 1072 Zeitungsausschnitte und Verlag
630 1046 1332 1129 der Wissenschaftlichen Revuc.
546 1115 1447 1182 BERLIN N., Auguststr. 87 part.
710 1165 1279 1240 Telephon Amt III. No. 3051.
824 1267 1160 1343 Ausschnitt
465 1285 806 1335 Telegramm Adresse:
443 1318 829 1394 60L0schwior Augustsir. 87.
939 1334 1042 1387 aus
461 1472 1364 1561 Uckermärkischer Kurier, Prenzian
838 1585 1142 1675 —7 11.01
806 1751 1139 1832 Theater.
440 1808 1583 1862 Mit einer Nooität „Liebelei“, Schauspiel in 3 Akten on Schnitzler!
369 1854 1586 1919 machte uns am gestrigen Abend die Direktion bekannt. Istan sich schon
357 1906 1582 1952 die diesmalige Saison bisher arm an neuen Stücken gewesen, so scheinen
361 1941 1577 1995 die wenigen Novitäten auch nickt dazu angethan zu sein, der Direktion
352 1983 1578 2041 einen ihr zu gönnenden größeren Erfolg zu bringen. Das Haus war
359 2020 1578 2059 gestern nur schwach besetzt, auch war der Bühnenerfolg sehr mäßig. Das
370 2059 1578 2118 Stück ließ das Publikum ziemlich kalt von Anfang bis zu Ende, kaum daß
369 2101 1574 2143 sich eine Hand zum Beifall rüh.te. Die wenige Handlung des Stückes
373 2139 1584 2195 schildert die alte, doch ewig neue Geschichte von einem kurzen Liebestraum,
370 2183 1589 2219 Enttäuschung und bitterem Ende. — Ein junger Lebemann bandelt ohne
357 2217 1586 2262 ernstere Absichten, nur zur „Erholung“ wie er sagt, nit einem gesellschaftlich
364 2254 1578 2304 unter ihm stehenden, aber braven und herzensgutn Mädchen eine Liebelei
352 2291 1591 2366 an; er wird tief und leidenschaftlich geliebt. Während nun das Mädchen
359 2332 1578 2380 sich in Liebe für ihn sehnt und grämt, hat ihr galanter Held wegen
354 2377 1571 2431 eines unerlaubten Techtelmechtels mit einer verheiratheten Dame Aus¬
353 2403 1582 2458 einandersetzungen und schließlich ein Duell mit dem betrogenen Gatten,
353 2454 1578 2497 in dem er fällt. Die Nachricht von dem Tod ihres Geliebten, an dessen
351 2495 1573 2540 Liebe sie geglaubt hat, die Erkenntniß, daß sie ihm nichts weiter als ein
354 2530 1579 2583 Spielzeug gewesen, hat der Autor packend geschildert und am Schlusse des
363 2570 1588 2626 dritten Aktes einige dramatisch bewegte Scenen geschaffen. Die Betrogene
351 2609 1579 2654 und Enttäuschte verläßt die Scene, um das Grab ihres Geliebten zu be¬
351 2648 1591 2700 suchen und dann jedenfalls nicht wieder ins traute Vaterhaus zurück¬
349 2684 1594 2726 zukehren. Nebenher läuft die Schilderung eines ähnlichen, aber weniger
364 2727 1587 2779 sentimental veranlagten Pärchens, das der Liebe Freud und Leid weniger
364 2768 1580 2819 ernst nimmt und besser dabei fährt. Das Stück, ohne tiefere Charakterzeichnung,
355 2796 1581 2859 aber mit umso mehr Stimmung, konnte, wie gesagt, das gestrige Premiereng
355 2845 1569 2898 publikum nicht begeistern, der zweite Akt versagte fast vollständig. — Die
363 2881 1571 2933 Darstellung war recht gut. Die sentimentale Christine und die grisetten¬
352 2907 1581 2977 hafte Mizi wurden von den Damen Spiller und Renée mit
358 2957 1581 3025 Natürlichkeit und Verständniß wiedergegeben, das gleiche ist von ihren
365 3000 1570 3054 Parinern, den Herren Direktor Körner und Wolter zu sagen. Ein
351 3037 1565 3084 Kabinettstückchen schuf wieder Herr Hermann in der Rolle des alten Weiring
449 3081 1588 3147 Wir wünschen, daß die Direktion mit der Aufführung weiter##
356 3113 1156 3179 Nopitäten mehr Glück und Erfolg haben möge.
2265 656 2769 856 dar Coldsc
2726 769 2981 938 7%
2403 820 2700 900 Bureau für
2194 897 2890 965 Zeitungsausschnitte und Verlag
2198 954 2884 1025 der Wissenschaftlichen Revue.
2118 1002 3008 1086 BERLIN N., Auguststr. 87 part.
2275 1068 2836 1140 Telephon Amt III. No. 3051.
2872 1106 3048 1182 —
2405 1168 2731 1251 Ausschnitt
2043 1200 2381 1243 Telegrambl Adresse:
2032 1233 2384 1283 COLDSCHMIET Auguststr. 87.
2511 1233 2597 1289 aus
2273 1320 2867 1409 Piorzheirter Anzeiger
2298 1467 2642 1613 J 1900 1907
2185 1731 2301 1807 7.)
2300 1738 3073 1815 Gastspiel Darmstädter Hofschau¬
2104 1779 3065 1855 pieler. Die Schauspiel=Novität „Liebelei“ von Schnitz¬
2136 1832 3075 1892 r, welche die Darmstädter am Donnerstag, den 14.
2108 1882 3076 1941 #ovember, im Saalbautheater zur Darstellung bringen,
2116 1909 3058 1974 von dem Ensemble bereits mit großem Erfolg in
2110 1947 3066 2017 shiserslautern gegeben worden. Wir entnehmen
2104 1984 2824 2045 dcrüber der „Pfälzischen Volkszeitung:
2160 2025 3069 2090 Die Darmstädter brachten uns am gestrigen!
2084 2051 3068 2123 Abend eine außerordentlich lebensvolle Novitä##
2068 2093 3032 2164 „Liebelei“, Schauspiel in drei Akten von Arthi
2091 2142 2305 2193 Schnitzler.
2342 2141 2620 2201 Ein Stück
2629 2138 3045 2200 modernen Lebens
2088 2190 3053 2235 ein Sittenbild aus der Kaiserstadt an der
2076 2223 3056 2261 blauen Donau, in welchem es dem Autor in meister¬
2070 2267 3059 2318 hafter Weise gelingt, wahre sehnende Liebe so¬
2078 2303 3047 2348 wohl, als auch das unbeständige Hin= und Herschwan¬
2074 2338 3056 2393 ken eines schwachen Charakters, das ernste und doch
2082 2382 2882 2437 gemütliche Wiener Bürgerleben, wie auch
2082 2393 3052 2465 manchen Kreisen gewissermaßen zum guten Ton
2075 2452 3066 2504 gehörende fin de siècle=Moral vorzüglich zu zeichnen.
2068 2499 3056 2540 Der Aufbau der Handlung, so einfach diese auch
2065 2532 3047 2583 genannt werden muß, ist ein außerordentlich geschick¬
2067 2565 3050 2619 ter und ist reich an tief angelegten Motiven.
2079 2607 3049 2656 Namentlich im zweiten und dritten Akt schwingt sich
2073 2634 3056 2698 die Handlung zu ganz außerordentlicher dramatischer
2079 2683 3052 2733 Schönheit auf. — Gespielt wurde, wie nicht anders
2074 2725 3049 2773 zu erwarten, durchweg vorzüglich. Fräulein Eichels¬
2065 2753 3052 2807 heim als Christine wurde den hoben Anforderungen,
2073 2800 3054 2851 welche die Rolle an sie stellte, in jeder Hinsicht
2073 2836 2866 2887 völlig gerecht. Namentlich brachte
2947 2843 3056 2894 den
2076 2883 3055 2937 herben Schmerz und die schließliche Verzweiflung des
2069 2915 3064 2981 in seinen heiligsten Gefühlen tief verwundeten Weibes
2070 2960 3050 3005 vorteefflich zur Darstellung. Eine allerliebste, köst¬
2066 2999 3053 3053 liche Erscheinung war die Mizi der Frl. Grohé, sie
2077 3035 3051 3071 tändelte zierlich, spielte entzückend, freute sich mut¬
2074 3072 3054 3122 willig des Daseins, ohne an das Morgen zu denken,
2061 3114 3060 3167 was jedoch nicht verhindert, daß auch sie von dem
2064 3149 3049 3201 tiefen Ernst der Schlußszene mächtig ergriffen
2057 3185 3054 3247 wird. Der Fritz Lobheimer des Herrn Hacker
2068 3227 3049 3283 ist über jede Kritik erhaben. Den zerfahrenen, ner¬
2066 3269 3051 3318 vösen Lebeman, der gleich einem schwachen Rohre
2063 3303 3047 3359 hin und herschwankend, schließlich zu Grunde geht, da
2059 3341 3046 3402 er die Energie nicht findet, den in seinem innern
2066 3387 3052 3424 tobenden Zwiespalt zu vernichten, und das unselige
2068 3417 3040 3476 Verhältnis mit einem andern Weib, um dessentwillen
2070 3469 3051 3510 er sich selbst verachtet, zu lösen, — alle diese Kon¬
2061 3491 3051 3550 flikte brachte er mit außerordentlicher Gewandtheit
2070 3538 3050 3583 zum Ausdruck, namentlich war es am Schlusse des
2068 3581 3044 3644 zweiten Aktes, wo er das Hochdramatische der
2061 3621 3051 3669 ganzen Handlung förmlich erschöpfte. Herrn
2067 3659 3040 3711 Kreidemann gelang die Darstellung des Theodor
2067 3685 3050 3746 Kaiser vorzüglich, er fand den ungeteilten Beifall des
2065 3714 3053 3768 Publikums als lebenslustiger Wiener in gleicher
2061 3764 3041 3820 Weise wie als der, der verzweifelten Christine gegenüber
2069 3798 3045 3859 sich sehr unbehaglich fühlende und etwas wie Gewissens¬
2069 3849 3044 3902 bisse empfindende Kavalier, und Herr Wagner hatte sich
2059 3875 3055 3963 in die Rolle des Haus Weyring sehr gut hineingedacht.
