3484 4256
291 211 598 277 Lrebel
295 269 788 320 —
799 212 1282 309 box 12/8
2022 499 2499 600 r 1 Se
2507 495 3002 592 Chraat. Ratircen
2473 702 2907 797 2 7 APR 182
2141 954 2745 1040 Letteren en Kunst.
1953 993 2121 1080 —4
2163 1099 2683 1167 Arthur Schnitzler.
1956 1148 2974 1218 Wel Zin en lund van trandiclhtenlel, den voll
1914 1211 2964 1263 Eedert lang aan den import gewoon: — Cergister¬
1923 1255 2972 1285 avond een Fransche voordracht, gisteravond een be¬
1918 1280 2963 1325 langrijke Duitsche. Terwijl de beroemde Schnitzler
1917 1325 2973 1373 daar stond, een boek in de hand waaruit hij voorlas,
1927 1373 2970 1413 dachten we aan de grappigo dingen, den avond te
1929 1400 2992 1457 voren in de Hartmanstraat door den heer George ¬
1927 1421 2971 1485 Ricon verteld over de voorlezing van cen tooneel¬
1922 1484 2967 1520 stuk aan den keuringsraad uit het Huis van Molière:
1915 1511 2980 1568 hosveel daar afhangt van de voordracht, de gauf om
1913 1569 2978 1610 te lezen, het stuk als te spelen, talent een schrijver
1919 1594 2979 1645 van huis uit niet eigen. De Nutszaal, voor meer dan
1926 1632 2981 1675 drie-kwart vol, terwijl ook het balcon waarlijk dicht
1921 1673 2966 1720 gevuld zat, is een ruimte om te beschrééuwen, en
1922 1713 2985 1764 Schnitzler, even iets nerveus, las, zoodra hij maar
1923 1746 2979 1797 in zijn werk was, rustig als aan cen belangstellend
1924 1789 2971 1827 vriend. Nu en dan sloeg hij uit den Einakter waar
1914 1824 2986 1889 hij mee begon ecn enkel woord over, doch dat was
1913 1865 2971 1915 opzettelijk: de herhaling b.v. van een uitroep, bij
1914 1903 2989 1954 tocheelspel goed, nu niet. Ook verbond hij enkele
1916 1949 2972 1988 clausen, een niet strikt-noodigen gespreks-schakel
1914 1977 2984 2034 ernit lichtenl om met den onmiddellijk voortgezetten
1911 2007 2966 2087 gedachtegang, nu hij het alles alleen had te zeggen,
1923 2049 2587 2100 de aandacht tegemoet te komen.
1958 2074 2985 2134 Met het eerste stukje der Lebendige Stunden
1916 2128 2979 2166 (nit 1901) dat den titel geeft aan het kwartet, waar
1923 2164 2976 2216 het ten onzent door meer dan éen gezelschap gespeel¬
1925 2198 2976 2272 de Literatur het eind van vormt, is Dr.Schnitzler
1919 2243 2969 2294 vo voordrachten begonnen. Fel tast hij daar kunste¬
1919 2285 2967 2329 naars-zelfzucht dan. In een voorstad van Weenen
1908 2321 2965 2364 #en klein rijke-Jui's-huis. De tuinman werkt in den
1906 2365 2968 2410 zuin; de oude heer Hausdorfer komt het huis nit en
1913 2397 2972 2435 vertelt den dood der „Frau Hofrätin“. Deze was cen
1919 2426 2971 2484 verlaten vrouw, haar man liep weg met een andere.
1914 2472 2984 2531 Toen toonde Hausdorfer zich haar vriend. Hoeveel
1915 2510 2963 2557 hij voor de doode geweest is, erkent dankbaar
1911 2530 2987 2601 Heinrich, haar zoon, dic, terug van ecn reis, eck den
1909 2575 2973 2626 tnin in komt. Wij hebben al over Heinrich gehoord
1913 2618 2973 2650 in het gesprek van Hausdorfer met den tuinman. Hoe
1911 2655 2961 2703 jong Heinrich nog zij, er wordt vaak van hem in de
1904 2696 2961 2766 kranten gerept en de menschen spreken over hem.
1903 2736 2967 2788 „Haben Sie, vraagt Hausdorfer aan den tumnman,
1910 2773 2968 2826 denn nie den Schein um seinen Kopf bemerkt?“ En
1912 2809 2963 2848 wanneer de tuinman vreemd daarvan opkijkt:
1915 2851 2968 2889 „Haben S’ keine Angst, Borromäus, ich red’ von
1906 2886 2963 2940 keinem wirklichen Schein, nur von einem figür¬
1904 2927 2952 2979 lichen. Sie konnen ihn nicht sehen, Borromäus, ich
1902 2961 2965 3014 auch nicht; aber die Frau Hofrätin hat ihn gesehen“.
1961 2997 2975 3061 Wil de bedroefde oude vriend der veel jongere ge¬
1905 3034 2953 3086 ktorven vrouw zeggen, dat zij, de moeder, te veel in
1912 3082 2960 3115 haar zoön zag? Ach, Hausdorfer-zelf weet ook heel
1908 3113 2960 3170 goed: Heinrich is kunstenaar en „ein Dichter — das
1902 3160 2949 3199 ist schon eine andere Art von Mensch, wie unsereiner“
1938 3199 2959 3245 Doch nu hij — de tuinman is heengegaan — alleen
1911 3229 2961 3285 is met den zoon van haar, die hij zoo innig heeft lief¬
1908 3272 2952 3313 gehad, nu komt het van het een op het ander en kan
1902 3316 2963 3364 de oude het geheim nict bewaren, hoewel de doode
1908 3351 2943 3399 het hem in ccn brief heeft verzocht, nu zegt hij den
1915 3398 2960 3442 roon wat die brief verklapt heeft: de goede vrouw,
1904 3428 2954 3476 die, deerlijk krank, toch nog wel drie jaar had kunnen
1906 3469 2943 3525 loven, heeft te veel morfine ingenomen om haar zoon
1913 3509 2950 3547 van dat moederlijden, dat hem hinderlijk was, te ver¬
1902 3587 2822 3622 die niets hinderlijks om zich heen kan dulden.
1935 3618 2949 3682 Den jongen dit offer der moeder niet gunnend, ver¬
1895 3657 2963 3723 wijt Hausdorfer: — o jjj, je zult er makkelijk over
1893 3710 2945 3752 heen komen, du wirst dich aufraffen! leben! ge¬
1907 3749 2959 3787 stalten!... Hochmütig seid ihr, das ist es: hoch¬
1900 3776 2961 3834 mütig, alle, die Grossen wie die Kleinen! Was ist
1902 3814 2950 3866 denn deine ganze Schreiberei, und wenn du das
1894 3858 2958 3909 grösste Genic bist, was ist sie denn gegen so eine
1898 3900 2957 3947 Stunde, so eine lebendige Stunde, in der deine Mutter
1891 3937 2957 3991 hier auf dem Lehnstuhl gesessen ist und zu uns ge¬
1901 3974 2962 4024 redet hat, oder auch geschwiegen, aber da ist sie ge¬
1900 4012 2714 4068 wesen — da! und sie hat gelebt, gelebt!
1941 4048 2590 4104 En de zoon heeft dit antwoord:
1963 4079 2947 4144 — „Lebendige Stunden? Sie leben doch nicht länger
1905 4130 2942 4169 ale der letzte, der sich ihrer erinnert. Es ist nicht der
