3436 4224
302 147 710 220 Liebelei
841 148 1304 239 box 13/4
273 199 722 257 entenene ennennenenenenn
213 517 1061 661 „OBSERVER
319 629 1012 697 I. österr. behördl. konzessioniertes
283 669 1041 755 Unternehmen für Zeitungs-Ausschnitte
345 737 981 823 WIEN, I., WOLLZEILE 11
422 792 915 862 TELEPHON R-23-0-43
243 931 619 1015 Ausschnitt aus:
500 984 1135 1091 ASLRR NII UIENGITEN
958 1095 1127 1188 933
624 1082 979 1231 21.967.0
239 1151 397 1228 vom:
411 1310 991 1396 „Liebelei“ in der Alhambra.
223 1359 1218 1442 (Eing.) Arthur Schnitzlers weltbekanntes Bühnenstück
209 1404 1225 1486 Liebelei###verfumt worden. Mit einer ganz aus¬
185 1452 1210 1517 gezeichneten Besetzung ist dem Regisseur Max Ophüls ein
182 1484 1225 1559 Tonfilm gelungen, der ganz einfach als Meisterwerk be¬
175 1523 1228 1595 zeichnet werden muß und der ab Dienstag in der
176 1575 1223 1640 „Alhambra“ zur Aufführung gelangt Unter den
184 1600 1224 1676 hauptsächlichsten Rolleninhabern figurieren: Paul Hör¬
184 1639 1219 1713 biger, Gustav Gründgens, Magda Schneider, Luise Ullrich,
174 1674 1212 1748 Olga Tschechowa, Willy Eichberger, Wolfgang Liebeneiner.
184 1720 1216 1778 „Liebelei“ ist ein Film von ganz seltenem Bild= und
180 1755 1223 1825 Stimmungszauber, seiner Première widmete die Presse
181 1787 1229 1869 von Wien und Berlin ganz außergewöhnliche Kritiken.
191 1834 507 1902 (Siehe Inserat.)
670 2330 933 2394 1. Oesterr.
303 2290 453 2417 obs
572 2343 1026 2421 El beheret konz.
283 2394 1033 2446 Büro für Zeitungsnachrichten
287 2442 1049 2491 WIEN I, WOLLZEILE 11
276 2544 945 2638 BASLKR NACHRICHTEN
449 2612 985 2706 2 3 . 1548
437 2767 953 2887 Filmreone—
390 2880 941 2950 Bäsler Kinotheater.
356 2930 963 2984 Schnitzlers „Liebelei“ im Film.
197 2980 1163 3036 Der Film „Liebelei, der im Alhamtbra zu sehen
217 3019 1160 3076 kann nicht mit dem Alltagsmaß gemessen werden.
211 3061 1162 3116 steht außerhalb der Reihe, wenngleich er sich keinen
189 3112 1168 3158 genblick Extravaganzen hingibt. Seine Vorzüge liegen
169 3141 1168 3194 ch keineswegs darin, daß er sich Arthur Schnitzlers
189 3184 1163 3232 eichnämiges Bühnenstück zum Vorwurf genommen hat;
182 3220 1161 3273 e Erfahrung lehrt im Gegenteil, daß Romane schon
179 3254 1170 3312 hr oft mit Glück, Schauspiele dagegen nur äußerst selten
191 3298 767 3352 it Erfolg verfilmt worden sind.
195 3324 1164 3388 Was dieses Werk dagegen abhebt von so vielen andern,
188 3373 1164 3423 s ist seine innere Haltung. Wien der Vorkriegszeit,
187 3418 1161 3457 krunk, Uniformen — gewiß; aber nicht eine Verherr¬
191 3454 1162 3498 hung jener Epoche kommt damit zum Ausdruck, sie
187 3490 1166 3534 det mit Maß gehaltene, doch darum umso nachdrück¬
186 3530 1160 3569 here Kritik. Die eindeutigste Probe: die Verab¬
191 3555 1169 3615 heuung des Duells. Gerade im Augenblick, in dem der
190 3607 1169 3654 nge Leutnant seine ihm kongruente Partnerin aus
184 3643 1170 3696 ürgerkreisen gefunden hat, muß er sich mit einem
191 3689 1178 3737 aron duellieren, mit dessen Gattin er sich vergessen,
2236 385 2487 453 I. Oesterr.
1783 420 2596 475 ZUBSERVEN benördl. kenz.
1703 377 1787 524 8
1835 467 2588 533 1Büro für Zeitungsnachrichten
1843 510 2616 564 WIEN I, WOLLZEILE 77
1783 510 1847 580 3
1773 573 1854 650 22
1786 585 2653 726 8 uSgonnks Prurert HAMAALonres
1718 634 1779 681 35
2042 655 2520 797 2 2 Ml 188
2033 821 2273 890 Liebelei
1854 876 2448 965 Luitpold=Lichtspiele
1717 939 2617 1003 Nach dem stimmungseignen Spiel des Meisters der
1679 990 2625 1050 Oskalyd=Orgel, Musikdirektor Kissel, und einem origi¬
1693 1022 2621 1074 nellen Szöke=Szakall=Lustspielchen bildet dies ernste und
1693 1062 2624 1108 starke, in Stimmung und Spiel spannungs= und ge¬
1687 1088 2625 1146 schehnisreiche Filmdrama das Erlebnis des Programms.
1717 1126 2638 1182 Schon einmal wurde Schnitzlexs vielgespieltes
1702 1157 2628 1206 Schauspiel, diese Wiener Liebeskragödie junger Men¬
1691 1183 2634 1240 schen, stumm verfilmt. Aber Wilhelm und Alexanders
1699 1225 2636 1279 Tonfilm=Manuskript bedeutet einen erheblichen Fort¬
1690 1271 2639 1311 schritt in der Stoffbehandlung und in der Wahrung
1701 1298 2639 1342 des dichterischen Gehalts. Max Ophüis bewies hier sein!
1686 1325 2629 1371 Geschick und sein Gefühl für Atmosphäre. Er hat den
2468 1350 2511 1384 □
1704 1359 2630 1409 Stoff herb angefaßt, ohne billige Mätzchen und Tränen¬
1689 1391 2642 1443 drüsen=Effekte; hat ihn aufgelöst in seine reichen fil¬
1704 1428 2632 1480 mischen Einzelmöglichkeiten. Aus dem Dialog hat er
1705 1455 2636 1507 die Dichtung ins Bild umgesetzt und dabei die popu¬
1703 1499 2529 1545 läre Symphonie Wiens diskret mitspielen lassen.
1728 1532 2628 1586 Die Vorgeschichte des tragischen Liebesverhältnisses,
1691 1575 2627 1622 das zum verhängnisvollen Duell führt und bei Schnitz¬
1703 1610 2641 1658 ler in den Kulissen bleibt, ist mit besonders dramatischer
1696 1647 2640 1696 Spannung ausgebreitet und bietet einer Olga Tsche¬
1704 1677 2629 1735 chowa und vor allem dem intensiven Darsteller Gründ¬
1695 1706 2639 1777 gens Gelegenheit zu verhaltenem Leidenschaftsspiel
1703 1745 1967 1813 großen Stils.
1724 1758 2637 1822 Die Vollblutrolle der Christine wird durch Magda
1707 1814 2643 1862 Schneider verniedlicht. Sie hat gute Momente, läßt
1707 1831 2640 1892 aber das tragische Hauptgewicht auf ihren Partner
1709 1874 2639 1920 Liebeneiner hinübergleiten, der Seele hat und Feinheit
1708 1898 2685 1964 des Ausdrucks. Ausgezeichnet in seinem lebenslustigenk
1697 1946 2653 2005 Gegensatz das zweite Liebespaar Eichberger — Luise
1700 1987 2651 2050 Ulrich. Eine feine, verträumte Musikergestalt schafft
1703 2034 2674 2080 Hörbiger. In ihm lebt das Wien Schuberts. Ihn trifft
1688 2057 2409 2122 das Schicksal ins kindhaft lächelnde Herz.
1171 2761 3235 2835 nunmehr aber aus freien Stücken gebrochen hat. Sein] Max Ophüls amtete als gewandter, das Filmische
2191 2811 3211 2864 voll auswertender Regisseur. In Magda Schneider,
1167 2822 2197 2864 Freund, der Oberleutnant, hat mit allen Mitteln ver¬
2193 2859 3210 2908 äußerst sympathisch und verinnerlicht wie immer, Luise
1179 2863 2191 2912 sucht, diesen Wahnwitz zu hintertreiben, ist dabei jedoch
2201 2896 3216 2942 Ulrich, Olga Tschechowa, Wolfgang Liebeneiner, Willi
1168 2885 2186 2945 auf den starrköpfigen Widerstand ehrenkodexbehafteter
2201 2935 3216 2978 Eichberger und Gustaf Gründgens hat er seine wesent¬
1163 2942 2188 3001 Vorgesetzter gestoßen. Er erreicht bei ihnen nichts; wohl
2202 2969 3209 3024 lichsten Helfer, die dem Stück auch hinsichtlich der Dar¬
1167 2979 2190 3028 aber zwingen sie ihn, seine Offiziersstellung zu
2195 3016 2963 3064 stellung überdurchschnittlichen Wert geben.
3039 3012 3213 3079 nsr.
1174 3008 2188 3064 quittieren. Soviel nur von der Gesinnung, die sich hier,
1177 3058 2197 3116 in der Hauptsache das Verdienst des Dichters, eben
1170 3090 1586 3154 Schnitzlers, ausdrückt.
1221 3146 2211 3201 Die Aufmachung des Films tut das ihre aber über¬
1177 3178 2217 3234 dies. Nur die Vorbereitungen zum Duell erscheinen vor
1181 3229 2214 3282 unsern Augen, das Auffahren der schwarzen Droschken,
1167 3267 2215 3318 das Abschreiten der Distanz. Dann hört man den einzigen,
1176 3303 2208 3343 tödlichen Schuß, alles andere dagegen erlebt man als
1176 3342 2213 3381 Außenstehender. Und ganz ähnlich der Schluß, als sich
1180 3380 2218 3420 das kleine liebe Bürgermädchen durch den Tod von
1182 3419 2212 3466 seinem Schmerz befreit. Man sieht sie das Fenster auf¬
1176 3454 2209 3501 reißen, sieht die Menschen sich um den toten Körper
1170 3489 2200 3539 ansammeln; sonst nichts. Die eine oder andere Stelle
1172 3532 2199 3575 könnte man sich einfacher vorstellen. Beispielsweise
1178 3572 2200 3620 wirken die Schneelandschaften, gerade durch ihren einzig¬
1176 3607 2203 3658 artigen Reichtum, fast zu aufdringlich. Im übrigen ist
1172 3648 2225 3705 jedoch die Linie des guten Geschmacks kaum je über¬
1178 3686 1362 3737 schritten.
