3484 4224
737 169 889 243 lei
528 176 636 243 i
1054 168 1480 262 box 10/3
341 174 963 281 5. Jn en  .
2151 767 2308 849 127
808 761 1309 849 Die Gegenwart.
243 886 1033 962 ten, der so viel von des Lebens Bitternisse:.
1078 892 2301 969 heiten, von denen wir in der Bearbeitung für Berlin dies Mal freilich
249 958 1029 1013 zärtlich geliebten Kinde das bischen Jugendglück
1077 954 2303 996 kaum ein winziges Tröpfchen zu schmecken bekamen. Was in dieser
1087 987 2302 1047 Beziehung das Pariser Original bietet, geht auch für Kindesblick klar
262 990 1035 1045 ihr in seiner Schwäche und Haltlosigkeit auch
254 1026 1040 1076 Den übrigen Personen des Stückes sind wir
1074 1026 2308 1079 aus dem Titel und der simplen Handlung hervor. Ein Provinzveilchen
246 1065 1083 1128 niet, wenn nicht bei andern Dichtern, so doch
1082 1071 2301 1133 läßt sich vom Galan heimlich mit auf den Oper=Maskenball nehmen,
253 1113 1041 1177 gewinnt ihrem Wesen auch keine neuen Seiten
1079 1112 2295 1164 im „Hôtel zum Freihafen“ quartiert sich das Pärlein ein, und es ist
248 1148 1037 1207 oft sich in der liebevollen, geist= und poesie¬
1082 1151 2302 1199 selbstverständlich, daß dort gleichzeitig eine Anzahl guter Bekannter der
250 1191 1028 1233 Zuständlichen. Er ist kein Zeichner, er ist ein
1084 1189 2305 1242 Beiden logirt. Nicht genug daran: der Gatte des Weibchens ist officiell
1101 1229 2302 1281 nah Paris befohlen worden, um ein spiritistisches Räthsel zu lösen, das
247 1230 1045 1280 sätte er seinem Stoffe machtvollere, ergreifendere
1101 1273 2308 1322 klopfgeisterhaft dem Freihafen=Hôtel aufgegeben worden ist; so schläft der
269 1267 1033 1316 können, aber über gefährliche Tiefen gleitet
1099 1311 2301 1352 Gemahl unter einem Dache mit seiner Eheliebsten. Der zweite Akt stellt
242 1306 1038 1354 seines Könnens wohl bewußt ist, mit leichtem,
1103 1347 2298 1397 Iich dann als ein einziger, wie ein Kreisel zu immer verrückteren Sprüngen
245 1343 1034 1404 ffort. Rauheiten und Roheiten, die der große
1076 1388 2300 1437 angepeitschter Requisitenscherz dar: ein Hötelcorridor, auf den alle Zimmer
235 1379 1034 1439 vermeiden dürfen, tauchen in diesem Liede aus
246 1427 1049 1475 ihre Gespenster schauen manchmal secundenlang
1085 1429 2310 1480 münden; Alexander und Pansa, die beständig auf der Treppe liegen
1088 1473 2307 1517 und an Gelenkigkeit jeden Clown beschämen würden, wenn sie es nicht
1095 1507 2293 1557 schon an rasender Komik thäten — schlimmer, lustiger und wilder, sollt'
258 1495 1043 1556 Erstlingswerk eines Autors zu knüpfen, der
1082 1556 2311 1597 man meinen, könnte es nicht kommen, aber der Wirbelspaß, über dessen
245 1541 1036 1588 chnittenen Charakterkopf und das Gepräge ur¬
1089 1582 2302 1637 Einzelheiten man sich Anfangs vor Lachen ausschüttete, mußte zuletzt er¬
256 1586 1047 1639 ohnehin ein gefährliches Unterfangen. Welche
1083 1623 2307 1678 müden, ja anekeln, und die am besten gefüllten Knallerbsen versagten
254 1625 1040 1678 ch nicht an den ersten Schritt, den Fedor
1082 1664 2299 1721 ganz. Unglaublich wenig wählerisch in seinen Mitteln, stellenweis be¬
246 1662 1040 1718 krithat! Freilich war er kein junger Mann mehr,
1085 1700 2303 1747 schämend ordinär — auf diese Censur darf Herr Feydeau wohl An¬
273 1705 1038 1760 “ aufführen ließ, freilich hatte er sich schon
1086 1739 2298 1795 spruch mechen, originell ist er in seinem Marionetten=Schwank so wenig
241 1745 1046 1794 andern Talentmordanstalten einigermaßen aus¬
1080 1792 2293 1835 gewesen, wie Bisson im „Hals über Kopf“. Es erinnert der Aufbau des
250 1776 1047 1835 verdiente sein Wurf hohen Respect — wenn
1079 1822 2308 1880 zweiten Aktes gar zu sehr an die stammverwandte Idee in Fernand's
259 1830 1037 1874 t, so lagen doch sicher über zwölf da! Leider
1091 1858 2313 1910 Ehecontract, und der Notar, der bei Regenwetter zu stottern beginnt,
243 1857 1046 1916 ben dem Premièren=Erfolg eine ziemlich gute
1103 1893 2304 1948 ist eine recht triste Parodie der Helden Bisson's, denen jede unerlaubte
260 1896 1037 1949 einer Fixigkeit wieder abgesetzt, die überall
1088 1938 2304 1983 Liebschaft organische Störungen bringt. In die Arenen der goldenen
251 1936 1043 1987 Theater nicht, verblüfft hätte. Und Herr
1104 1979 2303 2030 Stadt Rom, deren man sich jetzt auch in Nichtgladiator=Kreisen gern
260 1983 1038 2029 an dem materiellen Mißerfolge weniger dem
1087 2024 2314 2081 wieder zu erinnern scheint, hätte die neue Pariser Schwankkunst besser
253 2027 1044 2087 u ungeduldigen Herrn Director als sich selber
1092 2060 1807 2122 als auf unsere modischen Bühnen getaugt.
252 2083 1040 2154 vom literarischen Schauspiel, und schrieb eine
274 2145 1048 2200 Aber die Moser und Schönthan sind Kerle
233 2180 1052 2232 Masse; wer's ihnen nachmachen will, muß mit
243 2214 1049 2273 sein als es der Verfasser des „Thrones seiner
1653 2219 1808 2290 ——3-
238 2264 1047 2319 siese nahe Verwandtschaft mit Kotzebne ist eine
243 2298 1051 2351 gerfertige Possentechnik nicht mit auf die Welt
253 2345 1042 2394 Herr v. Zobeltitz hat im Schweiße seines An¬
255 2374 1042 2428 Akte ausgetüftelt und hat so lange an ihnen
1565 2374 1752 2460 —
248 2414 1046 2470 erflächlich betrachtet, die lüderliche Gewandtheit
269 2464 1046 2512 imitirten. Dann jedoch ging ihm der Athem
257 2502 1042 2545 r, als er durchaus den Abend füllen und vier
240 2543 1043 2596 Die Mär von Christian XXVIII., Graf von
1176 2537 1276 2602 Be
264 2577 1049 2622 Freiherr von Brasewitz und zur Linden ist,
1081 2595 1275 2664 Ackerman
274 2617 1054 2660 ganz erfreulich an. Für den jungen Erb¬
274 2652 1050 2708 ehrwürdigen Monarchen von Hegenau zur
1090 2645 1281 2715 schon all
267 2692 1041 2745 t#es sich darum, ob er wirklich Jemand von
1088 2706 1283 2780 sein erste
237 2729 1049 2784 der lieber der Souveränität entsagen und sein
1083 2765 1278 2818 zu seinen
239 2761 1088 2837 ßtesse ist heirathen will. Denn wenn er das
255 2804 1282 2865 Trüdchen ihm unebenhürtig geworden und er er offen!
251 2848 1025 2903 nken Hand heirathen, as nber=der=Papa=Graf,
1091 2863 1279 2940 Flichtersent.
385 2889 1063 2930 urchaus nicht will und unter keiner Be¬
294 2927 1038 2982 stian XXVIII, entscheidet sich für die Comtesse
1088 2917 1278 2985 erwärmer
302 2974 1040 3033 und das ist um so vernünftiger von ihm,
1079 2981 1278 3041 nach alle
243 2989 1045 3055 nehin ein Telegramm eintrifft, dem zu Folge
1090 3021 1277 3098 wird und
245 3045 1037 3103 tirt hat. Der Geisteskampf des präsumptiven
254 3086 1046 3138 und Trauring abwägt, wird mit gutem Humor
1089 3082 1289 3149 schichte i
230 3128 1045 3170 wirklicher Komik erfüllt ist die Scene, in der Chri¬
1077 3138 1281 3209 bleße St
243 3165 1048 3213 eines echten zukünstigen Unterthanen erfreuen
241 3210 1044 3261 hen, der daheim dem Schlächtergewerbe obliegt.
1089 3189 1276 3260 geben, de
232 3240 1047 3301 Hegenau's wie um Lippe zwei Linien zanken,
1083 3248 1267 3320 Zügen a
244 3285 1030 3333 otzer, Streber und Kleber, hastig an den neue
1092 3300 1276 3368 dings m
236 3323 1027 3377 ha ferner das gesammte Officiercorps die bevor¬
242 3356 1036 3407 des guten Kameraden freundschaftlichst ironisirt,
1087 3352 1274 3421 rung ein
242 3401 1041 3455 Bedeutendes in der Verspottung seiner neuen
1091 3411 1273 3483 ringste z
251 3440 1046 3488 sich allerhand witzelndes, liberales Geplauder,
1094 3460 1270 3530 hier —z
249 3479 1039 3523 n anhörte, so seicht es war und so wenig funkel¬
228 3519 1037 3568 muteten. Doch reichte entweder die satirische
1095 3517 1290 3591 digen Pl.
238 3559 1044 3605 hin, den Gegenstand behend genug zu wenden,
237 3595 1046 3649 sich nicht ausgiebig genug — kurz und gut, Herr
239 3642 1053 3692 höthigt, im weiteren Verlauf der Sache weder
239 3676 1043 3732 Einigermaßen amüsant darf vielleicht noch die
247 3721 1047 3778 riedensliga und ihrer ältlichen Vorsitzenden ge¬
246 3753 1025 3809 nGarnisenstädtchen aufgethan hat und Chri¬
1177 3746 1283 3822 Al
250 3786 1036 3857 e28 Mann Contingent stellen muß, in beweg¬
1082 3806 1276 3870 bestellun
244 3837 1030 3886 en sofortiger Abrüstung darlegt. Was aber
1083 3859 1283 3919 zu adres
240 3877 1032 3918 Situationen im Stücke vorkommt, bringt den
1175 3905 1266 3972 All
224 3915 1032 3967 ltste Situation; eine mehrfach gestörte Whist¬
224 3953 1027 4006 er schließlich in den Stall getrieben werden,
1074 3955 1280 4024 bänder,
227 3994 1030 4056 utpaare — außer Christian und Trude — sind
1073 4010 1284 4065 an die R
229 4030 688 4083 nangenehmer Erinnerung.
221 4068 1028 4118 kter hat mit seinem neuesten Schwanke, dem
244 4114 1027 4150 aus der verwegenen Feder Georaes Feydlau's.
