3392 4320
411 197 792 271 Liebelei
250 201 1387 313 5. box 11/4
1153 908 1520 992 Telephon 12.801.
1184 1016 1310 1091 D#
642 1064 1287 1139 „ODOLIIVER
429 1133 1519 1212 1 österr. behördl. konz Unternehmen für Zeitungs-Ausschnitte
555 1188 1396 1280 Wien, I., Concordiaplatz 4.
751 1256 1181 1343 Vertretungen
424 1317 1503 1391 in Berlin, Budapest, Chicago, Christiania, Genf, Kopen¬
426 1358 1505 1431 hagen, London, Madrid, Mailand, Minneapolis, New-York,
463 1411 1481 1480 Paris. Rom, San Francisco, Stockholm, St. Petersburg.
770 1444 1196 1514 (Quelienangabe ohne Gewähr).
412 1494 790 1575 Ausschnitt aus:
405 1516 1590 1642 vom: à 2 180g Kölnische Volkszeittiiig
381 1722 1557 1813 — Im Kölner Schauspielhaus beendete Agnes Sorma
343 1797 1554 1834 am Samstag ihr Gastspiel in zwei Darstellungen, die ihrer Be¬
346 1840 1563 1899 gabung sehr günstig liegen. In dem lustigen Einakter Jephtas
349 1867 1555 1934 Tochter von Feeix Cavalotti gab sie die junge Frau des Grafen
351 1900 1553 1979 Alberti, die unter dem Teckmantel der beschränkten Unschuld einen
343 1944 1551 2021 Lebenso originellen, wie vollständigen Sieg über ihre bisherige
340 1985 1558 2056 Nebenbuhlerin davonträgt. Entzückend fein und sicher führte sie
342 2017 1552 2098 ihre durchaus nicht leichte Aufgabe durch; niemand, weder der
340 2054 1562 2119 Gatte, noch der Zuschauer, ahnt den Umschlag, d. h. durchscheut
338 2110 1548 2177 den wirklichen Charakter dieses anscheinend so naiven Persönchens,
335 2127 1545 2219 bevor er mit Absichtlichkeit nach und nach sich enthüllt. Der Reiz
334 2171 1538 2262 des Stückchens liegt in diesem Versteckspiel und der Ueberraschung,
331 2217 1547 2296 mit der der Zuschauer allmählich hinter den wahren Sachverhalt
333 2259 1551 2346 kommt, und dieser Reiz kam hier mit ungewöhnlicher Eleganz zu
327 2296 1533 2383 voller Wirkung. Die übrigen Figuren des Spiels sind nur Mittel
329 2341 1545 2412 zu diesem Zweck; sie wurden von Rich. Aßmann (Graf), Julia
332 2383 1551 2446 Harnischfeger (Baronesse) und Karl Ekert (Doktor) recht gut ver¬
326 2408 1540 2474 körpert. Noch größeren Erfolg errang sich die Künstlerin als
333 2448 523 2502 Cyristine
755 2460 1546 2530 Liebelei. Das sentimentale, etwas schwer¬
321 2471 1542 2557 fäuige Gebären de Fleichwohl heißblütigen Mädchens, das das
322 2526 1534 2606 Leben so unglücklich ernst nimmt und nur von innerem, hohem
306 2595 1520 2667 Glück träumt, war in dieser Darstellung gleicherweise überzeugend,
311 2651 1525 2716 wie die Verzweiflung über den jähen Zusammensturz dieses Glückes
312 2691 1515 2747 durch den Tod des geliebten Mannes ergreifend zum Ausdruck kam.
313 2729 1530 2773 Selten wird man den dramatischen Schluß mit so eindrucksvollen
317 2784 1528 2833 und doch wieder maßvollen kunstlerischen Mitteln ausgeführt sehen
320 2815 1520 2871 wie ihn Frau Sorma gestaltete; da war jede Geste, jeder Ton und
309 2847 1523 2902 jede Miene wahr und überzeugend. Ihre durchaus anders ge¬
305 2896 1526 2946 artete Umgebung fand ebenfalls gute Vertretung; die Herren Aß¬
305 2932 1527 2975 mann und Dysing gaben die beiden, das Leben genießenden reichen
305 2963 1525 3025 jungen Leute verschieden charakterisierend, und Gust. Turrian war
304 3010 1529 3048 als gutherziger Vater Cyristinens sympathisch. Als leichtfertige
301 3045 1532 3093 Mizzi, das. Gegenstück zu Christine, fand Julie Harnischfeger vielen
304 3088 1527 3128 Beifall für ihre tolle Ausgelassenheit; indes könnte die Darstellung
306 3121 1533 3177 doch etwas mehr Schick veriragen. Antonie Lipfki fand sich mit
307 3161 1518 3228 der episodischen Rolle der Strumpfwirkersgattin gut ab und Dr.
306 3204 1520 3251 Fr. Krüger, der beide Stücke trefflich inszeniert hatte, gab den
303 3247 1524 3285 Herrn, der mittelbar das Schicksal des unglücklichen Mädchens
310 3271 1527 3333 wurde, mit Takt. Das gute Zusammenwirken im ersten Akt der
315 3324 1527 3383 Liebelei verdient noch besondere Hervorhebung. Das Haus war
317 3360 1525 3398 wieder auf mehreren Plätzen ausverkauft und so kann das Gast¬
357 3402 1536 3461 iel der Frau Sorma als in jeder Beziehung sehr befriedigend
305 3443 945 3508 und erfolgreich bezeichnet werden.
2128 392 2168 465 1
2185 442 2960 503 Miss LENA AsnwxLx, as we all know,
2165 499 2952 548 cpens her season at the Kingsway next
2156 533 2953 580 month with a new play called“ The Sway¬
2167 565 2944 626 boat,“ in which we all wish her a continu¬
2161 605 2956 676 ance of her great success. But among the
2166 656 2946 707 new pieces which she has secured for
2165 686 2952 756 future use none probably will offer her a
2158 720 2947 793 more congenial part than that in a German
2152 759 2662 825 play she has just acquired.
2189 849 2967 923 This is Liebelei,“ by Dr. Arthur
2152 907 2943 959 Schnitzler, the Austrian playwright and
2155 923 2937 988 novelist. He ie described as the German
2150 985 2964 1030 Maupassant, for no one has handled thel
2164 1021 2941 1070 German languago with greater delicacy. We
2155 1063 2926 1103 have no English equivalent for“ Liebelei.“
2156 1098 2946 1141 It is not exactly flirtation. It is flirta¬
2155 1131 2951 1186 tion with a ground-swell of andness—a
2152 1176 2965 1249 waltz tune with a cogent minor movement.
2185 1239 2936 1321 Liebelei“ contains seven characters,
2152 1308 2950 1363 and in the first act we are introduced to
2148 1346 2951 1408 two students, Hans and Fritz—Bohemians
2162 1380 2938 1443 who are waiting in their smart flat for
2160 1425 2949 1483 their two sweethearts. These are two
2152 1451 2946 1540 girls—Christine and Mizzie. Christine—the
2146 1502 2923 1557 part which Miee Ashwell will play—is e
2152 1544 2936 1585 girl of deep feeling and in love with Hans.
2150 1580 2935 1637 Mizzie is bright and coquettish. But our
2144 1614 2944 1676 story, of course, is with Hans and Christine.
2141 1648 2933 1721 Observe that these two giris are bourgeois
2139 1694 2813 1767 and in love. They are not grisettes.
2172 1765 2926 1853 Yon see at onco that this is Christine's
2133 1826 2928 1880 one great affair—the first and last love of
2140 1875 2938 1926 her life. There is heaven in that students'
2138 1914 2925 1978 flat. But Fate is on the road.A
2147 1943 2931 2011 stranger“ arrives with compromising
2140 1982 2930 2035 letters. Hans has had an 'affair with the
2145 2020 2918 2083 stranger’s wife, and a duel has to be fought.
2141 2061 2926 2119 He parts with Christine, who known noth¬
2148 2100 2805 2159 ing of the other woman or the duel.
2490 2152 2585 2198 O
2166 2166 2956 2248 Act II. We are at Christine's home. Her
2138 2228 2927 2292 father is an artist and an old violinist. A
2148 2273 2926 2338 woman in the house has warned the old
2135 2313 2931 2368 man of Christäne’e peril. But the old man
2142 2345 2916 2411 knows all about Christine, and secs a little
2135 2395 2920 2458 deeper than his fellow-lodger. And here
2147 2425 2915 2493 yon get one of the big things of the play—
2135 2468 2922 2545 the essence, indeed, of the author’s out¬
2140 2502 2384 2571 look on life.
2154 2562 2931 2645 My sister,“ eays the old man.“ was
2135 2624 2926 2683 once in danger too, and I saved her from
2131 2657 2949 2715 the greatest peril of her life. But when.
2138 2699 2922 2764 I had rescued her, a voice said to me: She
2133 2730 2933 2792 thanked you for everything—but not for
2137 2779 2919 2833 that.' I had robbed her of the one love in
2128 2827 2929 2875 all the world that she wanted. I commit
2139 2864 2914 2917 no such folly with Christine. This is the
2137 2896 2917 2964 one big thing of her life—I ehall not inter¬
2129 2932 2250 2996 fere.“
2146 3009 2939 3075 Hans arrives, takes his farewell of Chris¬
2127 3061 2929 3122 tine (who knows nothing of the duel), and
2123 3095 2915 3150 goes out—as we know—to his death, for his
2128 3133 2909 3199 antagonist is an unerring shot. Presently
2124 3170 2907 3235 Fritz and Mizzie arrive in mourning. We
2118 3196 2912 3263 know what has happened. Then comes the
2117 3256 2898 3302 crash. Cbristine learng that her lover—the
2116 3286 2901 3358 hero of all der dreame and hopes—has died
2113 3315 2669 3383 in defen#em another woman!
2142 3403 2896 3479 Christine goes ont.“ She will never come
2119 3453 2897 3530 back,“ sare her father—and that is the
2118 3495 2384 3556 final curtain.
2141 3570 2890 3627 The play, as you see, is simple and direct,
2109 3616 2906 3673 but charged with a deep and disturbing
2120 3647 2894 3713 pathos. What Miss Ashwell will make of
2119 3692 2899 3757 Christine can be easily seen. Agnes Sorma,
2113 3728 2896 3788 the great German actress, did wonders with
2119 3771 2909 3826 the part. The actress is probably not born
2107 3818 2903 3875 who could get more out of Christine than
2107 3845 2394 3911 Miss Ashwell.
