3484 4224
509 150 887 227 Liebelei
327 157 932 282 5. „ennnen 4.
1026 152 1478 250 box 10/3
1561 878 2247 962 Die Berliner Theatersaison 1895/96.
2473 880 2602 973 505
1200 974 2597 1073 sich Alles, was nach Canossa führt. Gewiß entspricht diesem
1206 1047 2598 1114 Brief ein historisches Dokument, aber die ganze Verwicklung und
1193 1086 2595 1189 Verkettung der historischen Ereignisse auf einen einzigen schriftlichen
1187 1179 2607 1251 Willensakt zurückzuführen, ist widersinnig. Dafür ist es ein
1191 1219 2600 1301 raffinirter Theaterkoup, den Wildenbruch überaus geschickt für zwei
1188 1292 2587 1367 volle Akte zu verwerthen weiß. Wir sind dabei, wenn der Brief „unter
1193 1324 2586 1428 Gewalt“ diktirt wird, und wir sind dabei, wenn der Brief seine
1192 1398 2586 1483 Adresse erreicht. Dort kollert der König, hier kollert der Papst.
1190 1457 2597 1538 Das Ergebniß dieser Truthahnstimmungen ist der welthistorische
1191 1501 2597 1607 Bannstrahl, den Papst Gregor gegen König Heinrich schleudert.
1286 1574 2587 1666 Hat das Briefmotiv mehr als seine Schuldigkeit gethan, so sind
1189 1636 2587 1724 es nunmehr Damen, die den weitern Gang der großen Ereignisse
1183 1692 2594 1781 bestimmen. Daß Heinrich nach Canossa geht, ist ein Werk der
1174 1741 2581 1842 Ueberredungskunst seiner bisher von ihm verschmähten Gemahlin
1175 1798 2590 1895 Bertha. Daß der Papst ihn endlich in Canossa aufnimmt, ist ein
1179 1859 2585 1943 Werk der Ueberredungskunst seiner bisher von ihm gehaßten Mutter
1172 1929 2574 2001 Agnes. Aber was diese Fürstinnen ausheckten, führt zum Unheil.
1172 1994 2579 2079 Nur für wenige Sekunden liegen sich Papst und König unter
1182 2042 2583 2125 fluthenden Zähren und fast in bräutlichen Wonnen an der Brust.
1169 2100 2583 2180 Gleich drauf ist erst recht wieder der Teufel los, denn auf Canossa
1179 2166 2576 2251 sind neben Heinrich auch alle seine Feinde aus dem Deutschen
1174 2215 2574 2316 Reich zugegen, und es kommt sehr bald heraus, daß der Papst
1167 2282 2577 2366 noch immer schwankt, ob er Heinrich oder dessen Gegenkönig
1172 2341 2576 2434 Rudolf von Schwaben zum Kaiser krönen soll. Da verspürt
1174 2397 2575 2489 Heinrich, wie er sich echt Wildenbruchisch ausdrückt, „Blutgeheul
1171 2455 2566 2535 in seiner Seele“; er kann an der frischen Leiche seiner Mutter
1162 2515 2572 2587 nicht mehr beten, und der Kampf zwischen Kirche und Staat steht
1172 2578 2565 2661 nun erst recht auf seiner Spitze. Von der tiefen schweren Stimmung,
1168 2625 2565 2727 die man empfindet, wenn man etwa bei Giesebrecht die Vorgänge
1168 2692 2571 2763 auf Canossa nachliest, ist im Drama keine Spur. Nur Halloh und
1162 2754 2561 2830 Zetermordio. Und als sich der Vorhang zum letzten Akte wieder
1156 2813 2568 2903 hebt, ist, wer weiß, wie das geschah, die Weltlage völlig verändert.
1256 2873 2568 2967 Canossa hat sich in die Engelsburg verwandelt. König Heinrich
1165 2926 2560 3024 bedroht die Peterskirche. Der Papst, der vor der Zwischenpause in
1160 2981 2560 3085 seiner nächsten Umgebung im festen Burgfrieden seiner Freundin alle
1159 3052 2563 3139 Todfeinde Heinrichs gegen diesen zur Hand hatte und somit in der
1151 3111 2549 3183 Hand die Weltgeschicke hielt, liegt jetzt, plötzlich an Leib und Seele
1147 3180 2554 3252 gebrochen, ein überwundener Greis, auf dem letzten Lager. Wie
1151 3229 2551 3296 das geschah, lies bei Giesebrecht. Bei Wildenbruch treibt der ster¬
1143 3283 2557 3371 bende Gregor nur noch ein kokettes Spiel mit der Kaiserkrone
2266 3369 2373 3443 33*
