3248 4320
470 185 820 253 Liebele
299 168 1442 292 51 box 10/5
2151 198 2272 390 (4
1894 440 2455 527 Theater und Musik.
1954 542 2380 615 Irbing Place Theater.
1925 626 2402 686 Agnes Sorma in „Liebelei“.
1817 680 2530 724 Als zweite Gastrolle spielte Agnes Sorma
1794 714 2536 774 gestern die Wiener Geigerstochter Christine
1798 757 2543 821 Weiring in Arthur Schnitzler's „Liebe¬
1791 803 2543 859 lei“, einer kleinen tragischen Herzensge¬
1797 839 2537 898 schichte, auf deren ganz volksstücksartigen
1792 877 2539 930 Alltagsscenen ein Hauch rührender Poesie
1796 916 2545 982 liegt, der Zauber einer weichen, aber doch
1803 957 2540 1022 sich ehrlich und ungeschminkt gebenden
1801 1002 2548 1059 Stimmungslyrik. Die schlichte Fabel, welche
1791 1044 2542 1097 so heiter beginnt und so traurig endet, hat
1794 1096 2548 1141 keinen grobstofflichen Reiz, ist aber trotz
1792 1126 2545 1188 ihrer Einfachheit pathetisch genug, um der
1799 1164 2549 1233 großen Menge Theilnahme abzugewinnen,
1803 1209 2549 1259 ihr Rührung und Ergriffenheit in allen
1796 1249 2543 1309 möglichen Stärkegraden zu bescheeren. Aber
1800 1290 2550 1353 auch das kleine Häuflein geistiger Fein¬
1797 1333 2550 1388 schmecker, welche durch das Geräuschvolle
1795 1374 2539 1427 und Rührselige dieses auf den Wiener Lo¬
1798 1419 2551 1476 kalton gestimmten, mit Liebelei einsetzenden
1796 1459 2543 1509 und mit dem Tode zweier junger Men¬
1797 1498 2547 1565 schenkinder ausgehenden Stückes die
1803 1537 2540 1595 Stimme einer feinen und tiefen Poeten¬
1803 1582 2550 1629 kunst vernehmen, wird der gastirenden
1795 1621 2554 1677 Künstlerin für die anziehende Gabe herz¬
2332 1664 2545 1716 Soviel ge¬
1799 1668 2328 1725 lichen Dank zu sagen haben.
1801 1701 2550 1760 treue Wirklichkeitsschilderung und soviel
1799 1745 2544 1804 lautere Poesie, die auch das Einfachste und
1804 1788 2550 1836 Alltäglichste mit einem goldenen Schimmer
1799 1827 2548 1887 überzieht und in dem nüchternen Stübchen
1793 1867 2556 1922 eines armen Wiener Vorstadtmädels Alles
1799 1908 2552 1963 zum Grünen und Blühen bringt, wird man
1798 1951 2559 1994 nicht oft vereint im einem modernen Thea¬
1806 1990 2554 2044 terstücke finden. Um so tiefer war die
1799 2030 2556 2080 Wirkung der einfachen Herzenstragödie,
1800 2071 2557 2134 als Agnes Sorma für die Ver¬
1799 2110 2545 2168 körperung des Wiener Gretchen's die herz¬
1794 2145 2554 2218 ergreifendsten Töne voll Sehnsucht, Her¬
1799 2195 2510 2262 zensangst und Verzweiflung bereit hat.
1935 2699 2054 2786 S
1897 2763 2209 2864 S
2081 2833 2183 2886 K S
1987 2827 2201 2943 S
1912 2937 2471 3015 Agnes Sorma in „Liebelei“.
1847 2988 2552 3050 Wie Ibsen's Nora, so schreitet auch diese
1806 3052 2567 3092 zweite Sorma'sche Gestalt, die Wiener Mu¬
1822 3081 2564 3140 sikantentochter Arthur Schnitzler's durch den
1805 3124 2561 3181 ganzen Jammer der Entzauberung. Wäh¬
1809 3174 2560 3228 rend sich die norwegische Lerche in die Ein¬
1814 3208 2571 3264 samkeit flüchtet, um dort zu gesunden, bricht
1815 3249 2567 3304 dem armen Wiener Grisettchen — auch sie
1817 3287 2575 3353 Eine jener Asra, welche sterben, wenn sie
1808 3335 2577 3387 lieben — ob der grausamen Enttäuschung
1804 3369 2576 3427 das Herz. Sie ist eine Doppelgängerin der
1809 3410 2578 3463 Pariser Studentenliebchen, welche Henri
1808 3454 2565 3505 Murger und Musset literaturfähig gemacht,
1804 3503 2571 3547 aus dem Quartier Latin in Wiener Boden
1809 3540 2577 3592 verpflanzt. In einem kleinen Einakter, der
1815 3582 2572 3632 in der schon erwähnten Sammlung Wiener
1816 3619 2563 3674 Lebensskizzen in Dialogform „Anatol“
1808 3668 2566 3716 enthalten ist, schildert Schnitzler diesen Ty¬
1821 3704 2560 3753 pus so anmuthig wie rührend: „Die An¬
1810 3740 2567 3803 dere“, sagt Anatol zu einer Mondaine, „ist
1814 3789 2571 3836 einfach ein süßes Mädel. Ihre Wohnung
1818 3829 2571 3885 ist ein kleines, dämmriges Zimmer. Eine
1815 3875 2583 3923 Hängelamne mit einem Schirn Vom Fen¬
1816 3912 2571 3959 ster aus, wenn es Abend wird, die Aussicht
1809 3950 2565 3990 auf die im Dunkel versinkenden Dächer und
1809 3983 2563 4036 Rauchfänge. Dort bin ich zuweilen auch
1814 4025 2567 4074 glücklich. Sie ist nicht bezaubernd schön,
1818 4062 2571 4106 sie ist nicht besonders elegant und sie ist
1825 4099 2578 4151 durchaus nicht geistreich, aber sie hat die
2553 439 3242 493 nenscheinstimmung der Liebes= und A
2562 482 3253 552 schiedsscene ist von wärmstem poetische
2562 532 2681 578 Reize.
2586 557 3244 627 Wie Christine den Tod des Geliebten
2548 610 3242 655 Zweikampf einer Anderen wegen erfäh
2550 655 3244 702 das bildet den Inhalt des dritten Akt
2556 691 3245 741 Keine Zeile hat er ihr hinterlassen, kein
2553 731 3252 783 letzien Gruß ihr gesendet, er, dem sie#f
2558 773 3253 835 mit Leib und Seele dahingegeben, ist g
2557 821 3246 863 Nimmerwiedersehen dahingegangen, sei
2555 847 3253 904 Verwandten, seine Freunde sind bei dies
2563 891 3254 955 Ereignis, das sie bis in's innerste H
2559 933 3243 986 trifft, achtlos und verächtlich über sie h
2563 974 3245 1026 weggeschritten. Sie war ihm nichts
2559 1013 3247 1070 ein Zeitvertreib. Da schreit sie in furc
2562 1058 3252 1113 barem Jammer auf: „Hat er denn nicht
2555 1097 3253 1149 wußt, daß ich ihm Alles hingegeben ha
2554 1135 3245 1191 was ich ihm habe geben können, daß ich
2563 1182 3252 1237 ihn gestorben wäre, daß er mein Herg
2557 1231 3246 1274 gewesen und meine Seligkeit, hat er de
2563 1265 3250 1313 das gar nicht bemerkt? Er hat von
2571 1301 3239 1358 sortgehen können mit einem Lächeln 1
2566 1349 3253 1401 sich für eine Andere niederschießen lass
3164 1384 3203 1414 #
2554 1389 3188 1444 Vater, Vater, verstehst Du das?“
2554 1435 3207 1476 stürzt zur Thüre hinaus, zu
2556 1473 3183 1519 nem Grabe, wie sie sagt.
2560 1507 3239 1569 der zusammenbrechende Vater u
2570 1544 3253 1601 es besser: „Sie kommt nicht wieder,
2563 1591 3227 1639 kommt nicht wieder“, schluchzt er auf.
2598 1639 3251 1679 Das Schnitzler'sche kleine Werk hat v
2564 1678 3252 1727 theatralischen Standpunkte aus gewiß m
2570 1723 3244 1768 chen Fehler, zum Schaden einer stärke
2571 1761 3247 1814 dramatischen Wirkung herrscht eine we
2563 1796 3237 1854 lyrische Stimmung vor, es werden
2566 1835 3245 1899 feinster Kunst Seelenzustände geschild
2574 1876 3253 1933 aber die eigentliche Handlung ist nur ger
2568 1925 3253 1972 Aber doch sollte Jedermann, dem es
2569 1965 3254 2017 Theüter nicht nur auf grobstoffliche Reiz
2574 2009 3244 2058 gen ankommt, an dieser so einfachen
2571 2052 3247 2099 bensstizze, an der Wahrheit ihrer Emp
2571 2094 3253 2139 dungen, an der Schärfe der Charakter
2565 2120 3244 2173 der einzelnen Gestalten, der Echtheit
2568 2168 3208 2224 Milieus seine helle Freude haben.
2568 2203 3253 2267 allen Wiener Lebensbildern, die in den
2570 2257 3212 2306 ten Jahren zu uns gekommen, zeigt
2574 2293 3173 2349 Schnitzler'sche „Liebelei“ die feins
2573 2333 3251 2403 benmischung und die sicherste künstler
2583 2377 2696 2432 Hand.
2592 2409 3253 2462 Das ergreifende Spiel Agnest
2573 2454 3235 2513 ma's in der Wiedergabe der „Chrisi
2568 2493 3229 2546 haben wir schon oben erwähnt. Die al
2572 2543 3221 2596 zeichnete Künstlerin giebt das „süße M
2566 2590 3204 2637 goldecht, mit wundervoller Einfachheit,
2569 2623 3189 2681 leisen Anhauch weltfremder Unerfal
2572 2664 3182 2727 und rührender Innigkeit, Alles a
2567 2698 3187 2761 tiefsten Borne weiblicher Emp
2570 2744 3215 2805 geschöpft, in den ersten Scenen, Un
2569 2790 3236 2838 Schlußakte erregt der furchtbare Jam
2582 2828 3225 2877 Ausbruch alle Herzen auf's Tiefste.
2582 2873 3235 2920 Agnes Sorma über die echtesten Her¬
2586 2920 3240 2970 töne verfügt, welche man seit langem
2581 2955 3252 3008 irgend einer New Yorker Bühne gel
2587 2993 3241 3049 bewies ihre „Christine“, deren ergreife
2574 3038 3253 3085 Bild nicht so bald in der Erinnerung
2575 3082 3215 3139 Zuschauer verblassen wird. In dem ke
2577 3127 3227 3185 Hangen und Bangen, in der selb
2584 3158 3221 3220 Hingabe ihres ganzen Wesens, in
2576 3205 3206 3258 sehnsüchtigem Verlangen, dem Ge
2583 3257 3206 3307 Alles zu sein, in ihrer mädchenhaft
2582 3294 3220 3348 tenen Liebesfülle und in dem leiden
2580 3332 3199 3391 lichem Schmerze, als Alles zu Er
2588 3380 3135 3437 fesselt auch diese Sorma'sche#
2591 3429 3221 3473 Zuschauer von der ersten bis zur
2589 3465 3168 3520 Scene mit zauberischer Gewalt. Di
2581 3502 3139 3563 ist eine große Künstlerin. Das
2585 3541 3172 3595 Mizi Schlager milderte Fräulein
2587 3590 3057 3650 durch ihren prächtigen
2581 3627 3172 3679 ihre liebenswürdige Natürlichkein
2584 3675 3159 3723 Link gab den alten Musikus in sei
2581 3714 3112 3771 sten Vatertönen. Dem in
2586 3757 3110 3809 hineinwachsenden Fritz Lobhei
2586 3798 3091 3856 Frische und Natürlichkeit
2579 3845 3123 3906 Reusch, der jeden falscher
2591 3881 3252 3928 Ton vermied, sehr zu statten, als Cy¬
2582 3918 3253 3974 Kaiser war die wienerische Art des H
2585 3949 3252 4009 Strobl in ihrem richtigen Fahrwasser.“
2584 3997 3254 4060 Fräulein Pietsch war als geschwo
2591 4035 3245 4095 Strumpfwirkerin gut am Platze. Die
2585 4082 3246 4132 scenirung des Schnitzler'schen Dramas
3179 4114 3251 4145 □l.
2826 4117 3219 4157 Wsooile. Das in allen 4
