3344 4256
424 174 800 247 Liebeler
951 174 1380 258 box 11/2
260 172 822 284 5. Ann
445 421 1230 501 It is scarceiy to be hoped that Arthur
418 487 1199 536 Schnitzler’s Liebelei,“ which was pro¬
422 514 1205 580 duced by private effort at the Berkeley
419 563 1202 618 Lyceum Theatre, will find its way tothe
420 601 1204 657 regular stage, but the piece is none the less
426 650 1204 690 to be welcomed on general grounds as the
416 687 1204 728 best work of the leader of the modern
418 716 1190 770 Austrian dramatists, and in particular
408 755 1199 811 as bringing to us a perfume from the sen¬
425 798 1201 846 suous gayety of Vienna—a perfume that
412 834 935 887 inthe end becomes a pang.
449 871 1197 925 A realist Schnitzler is, but with none of
421 916 1207 957 the broad love of life of the modern school
418 951 1197 1004 that centres in Berlin, none of the stark
429 987 1205 1038 will that has given form tothe Northern
416 1027 1197 1080 drama. True successor to Grillparzer and
419 1078 1190 1114 Bauernfeld, what interests him is the poetry
431 1107 1194 1156 and the humor of moods, the outward
420 1148 1196 1198 texture of life, shot through like a change¬
419 1183 1196 1242 able silk with fine lights and soft shadows.
416 1220 1205 1279 Life is a waltz by the blue Danube—what¬
417 1258 934 1319 ever the end of that waltz.
452 1301 1200 1347 Always in Vienna there is a gay breath
424 1349 1205 1390 of Paris—a breath that has taken on only
427 1381 1203 1424 a partial odor of the soil in the many genera¬
424 1415 1193 1466 tions of Austrian culture. This old violinist
430 1471 1189 1509 of the theatre, whose sentimental tolerance
422 1496 1202 1548 of the amorous pastimes of youth proved
420 1535 1201 1590 bis daughter’s undoing, adds only a touch
428 1577 1194 1620 of German dreaminess to the Gallie lust
416 1610 1195 1658 of life. His misguided child might have
422 1652 887 1710 spent a lifetime singing
484 1696 1167 1745 Plaisir d’amour ne dure qu'un moment,
474 1729 1167 1777 Chagrin d’amour dure toute la vie———.
430 1776 1202 1834 except for a strain of the German passion
422 1813 992 1868 that leads to self-destruction.
452 1850 1203 1909 Hans Wehring is poor. In yauth he was
423 1888 1199 1935 too poortto give his sister a dowry, and in
419 1927 1206 1980 age he is in the same situation as regards
396 1970 1205 2038 his daughter. Inyouth he believed in vir¬
417 2009 1207 2060 tue, and guarded his sister down the joyless
410 2047 1204 2103 pathof her life to a dreary age and death.
424 2090 1199 2145 The experience saddened him and made
424 2123 1196 2180 him tender. He doubts the sterner morali¬
423 2158 1202 2209 ties. Youth comes but once. Why should
418 2202 1198 2261 not Cotherine taste of the natural joysofthe
417 2238 1210 2298 senses, indulge the natural promptings of
422 2278 1196 2336 her heart? When temptation comes he
426 2322 1207 2377 knows it, but pretends not to know. She
421 2352 1206 2408 falls in love with ayoung student and gives
418 2401 801 2460 herself up to him.
433 2418 1210 2493 Butto him love is a pastime, and hetakes
427 2484 1196 2531 up with Catherine only as a means of escape
389 2503 1208 2577 from an amour that threatened to prove
397 2562 1208 2632 dangerous. It does, in fact, become most
431 2599 1197 2640 dangerous. The husband of his former mis¬
418 2635 1205 2685 tress finds a package of letters, and kills
429 2684 1210 2728 him in the inevitable duel. After he is dead
426 2724 1197 2767 Christing learns the truth. She cannot go
428 2754 1204 2812 to his funeral, thoughithe privilege is given
424 2796 1203 2837 to mere friends. She cannot even goto his
427 2838 1197 2892 grave without risk of there confronting the
419 2865 1211 2922 dishonored wife. Chance seems to play a
407 2896 1212 2977 part here. but sooner or later theaffair must
421 2949 1208 2998 have come to just about this—the love of a.
422 2974 1213 3039 woman’s lifetime sacrificed to a man's ca¬
421 3034 1210 3084 price. With fine irony the author called this
414 3081 1208 3130 play Caresses.“ To our more rigid moral¬
403 3109 901 3173 ity it is The Reckoning.“
468 3140 1208 3196 For twoacts it seems rather familiar and
421 3178 1214 3233 slight. The time is long past when sym¬
432 3226 1210 3278 pathy can be aroused in the theatre over
426 3266 1204 3314 Continental amours and duels. It is. I
433 3304 1210 3349 think, a mistake in dramaturgy that the
435 3348 1212 3395 story is told from the point of view of the
431 3379 1219 3429 man, who is a very ordinary fellow at best.
431 3413 1212 3475 It is only with the disclosure of the soul of
417 3450 1211 3511 the old musician that the tragedy becomes
427 3508 1208 3548 authentio and poignant. There are cases,
431 3542 1219 3593 he makes us feel, in which virtue is
428 3573 1216 3631 its only reward—a Barmecide feast that
429 3605 1218 3675 brings starvation of the body and the sonl.
435 3654 1213 3708 But the alternative? Would you choose to
426 3688 1240 3750 grow lean and gray in purity, orto perish in
443 3737 1225 3781 the flames of passion? It is a sentimental,
435 3760 1221 3837 if yon will, an ummoral question, but Vienna
437 3811 1098 3887 is the town of sentimental unmorals.
2053 684 2740 790 Hotikd Wemri
2188 837 2801 939 ven Miss anEr
2047 944 2802 1046 Surprised Her Audience by Her
2106 1045 2770 1136 Strength of Feeling in The
2277 1127 2556 1206 Reckoning.“
2073 1215 2815 1313 -GENESEE OF THE HILLS' A
2202 1300 2676 1385 WESTERN DRAMA.
2082 1402 2818 1484 By FREDERIC EDWARD MCKAY.
2109 1456 2826 1538 There was a triumph at the Berkeley!
2082 1489 2826 1587 Lyceum theatre last night. It was
2084 1545 2840 1623 schieved by Katherine Grey. She actedl
2078 1598 2824 1661 the lending, role in The Reckoning,“ a
2083 1646 2824 1728 play from the German, with a variety'of
2089 1669 2828 1752 meaning, a restrained power, and, finally,
2090 1718 2839 1817 a series of bursts of feeling that surprised
2091 1768 2844 1849 even those most familiar with her abili¬
2092 1823 2831 1885 ties. Excellent player though she has
2093 1850 2856 1945 proven herseif, Miss Grer, never before
2094 1902 2851 1991 gave any demonstration.of.the full' scope
2105 1973 2399 2040 of her powers.
2131 1979 2856 2064 The gift of a girl’s first love, its pre¬
2104 2047 2853 2112 cions and undeviating quality, its fine
2096 2089 2873 2166 and subtle devotion—then the rude, vio¬
2104 2127 2876 2210 lent shattering of her faith throughithe
2098 2181 2857 2267 news that her Jover has been shot in a.
2084 2232 2884 2309 duel bg the husband of the woman with¬
2115 2273 2848 2337 whom the young man has had an Laf¬
2117 2300 2865 2398 fair''=that is what this three-act drama
2105 2371 2445 2440 mainly exploits.
2142 2404 2882 2469 It is a sad and somber theme, accentu¬
2126 2452 2871 2526 ating human weakness and. concluding
2126 2486 2876 2569 with the acconnt of a. funeral and its
2128 2530 2890 2616 attendant circumstances; and there is
2124 2572 2874 2646 scarcely any of that element of comedy:
2128 2599 2880 2709 reliet wüth which even the Juvenlle lov¬“
2130 2680 2549 2747 ers provide:! Camille.
2144 2720 2886 2799 Natual throughout, with moments of
2136 2749 2885 2840 unnsual strength,Teckoning.?
2137 2775 2904 2867 withont ang doubt, profoundly. impressed
2139 2839 2902 2923 the !’special' audience gathered tegether
2139 2895 2893 2965 last night. This was dueras much tosthe,
2148 2944 2903 3022 acting as to the plot andits development
2144 2992 2895 3064 by Arthur Schnitzler, its author. For,
2151 3030 2908 3113 though Mies Grey easily captured first:
2145 3077 2909 3145 honors, there was not a member of the
2151 3119 2915 3202 east of seven that uni nol play wich most
2152 3150 2908 3231 ccmmendable rationality—so that the
2152 3211 2908 3285 personages involved in the cast all took
2150 3260 2909 3321 on the semblance of actunl beings, each
2159 3308 2719 3376 actuated by separate motives.
2178 3338 2912 3426 The stage management and appoint¬
2160 3386 2909 3460 ments also helped toward the accomplish.
2162 3430 2902 3508 ment of ilusion. The first act, represent¬
2156 3467 2920 3548 ing a supper party of four, including
2156 3516 2912 3579 Fritz, the “hero“ (ohn Dean), Theodore.
2154 3556 2917 3651 Lis friend (Robert Conness), Christine
2165 3595 2913 3676 Wehring (Miss Grey), and Mitzf (Phylles
2171 3654 2917 3729 Rankin), a sophisticated little milliner,
2163 3705 2913 3773 is full of appropriate frivolous detail, re¬
2171 3742 2918 3814 lieved by the tokens ofthe whole-souled
2170 3791 2926 3861 love of Christine for the erring Eritz,
2163 3830 2937 3907 and later, in strenger contrast, by the¬
2178 3878 2934 3944 sidetracking of the party while the of¬
2165 3902 2937 3999 fended husband (Albert Brunning) calls
2182 3967 2736 4033 and issues the duel challengé.
2203 4004 2934 4080 The next two acts take place in the
2168 4048 2928 4127 humble home of Christine and her ven¬
2287 4100 2931 4148 e father (George Hlenry Trader), an¬
