3484 4352
472 233 867 310 Liebelei
1003 233 1445 328 box 12/6
299 238 856 346 5. Jnn
929 1259 1341 1336 (Gsehrhagepe ahge ugn..
1079 1285 1785 1369 utsche Tageszeitung, Berlin
592 1326 969 1407 Ausschnitt aus:
769 1410 884 1493 12
601 1441 741 1502 VEIN:
602 1433 1292 1511 reanrk 1313
531 1513 902 1590 ei, die Detektei!
600 1502 1769 1684 reie  Haepahth Cie mie ee
532 1659 1753 1711 lers Schauspiel „Liebelei“ zugunsten des Deutschen Frauen¬
535 1708 1756 1757 Vereins vom Roten Kreuz für die Kolonien aufgeführt. Als
539 1734 1758 1817 Christine stand nach längerer Zeit wieder Agnes Sorma auf
535 1793 1760 1853 der Bühne. Von ihr kann man in gewissem Sinne wie von Harry
537 1823 1763 1909 Walden sagen, daß sie sich seit den Tagen ihres ersten Glanzes
535 1866 1761 1936 nicht merkbar verändert hat. Wie immer in dieser Rolle, über
520 1918 1753 1989 deren literarischen und künstlerischen Wert man sehr gut ver¬
526 1959 1751 2029 schiedener Meinung sein kann, riß sie das Publikum auch gestern
524 2009 1755 2083 zu dankbarem Beifall hin. Neben ihr zeichnete sich Fritzi
516 2048 1748 2126 Massary als Miezie aus. Wir haben an dieser Stelle häusig
524 2101 1752 2171 darauf hingewiesen, daß diese Künstlerin bei einiger strenger
529 2139 1744 2212 Zucht ein großer Gewinn für die deutsche Bühne werden könnte.
514 2189 1748 2258 und wir bedauern es heute mehr als je, daß sie einen großen
525 2238 1761 2301 Teil ihrer Kraft an Freundsche Revuen und ähnliche Nichtig¬
523 2271 1754 2322 keiten vergeudet hat. Von den anderen Meistern, die den Abend
521 2324 1756 2386 zu einer schauspielerischen Großtat machten, seien besonders
514 2368 1764 2438 Max Pallenberg, Karl Pfann und Kurt Stieler er¬
462 2495 1723 2575 wähnt. Das zahlreich erschienene Publikum spendete ihnen allen.!
472 2556 1735 2617 gleich seinem Lieblinge Sorma lebhaften Beifall. Nach der Be¬
484 2594 1729 2681 setzung des Hauses darf man hoffen, daß der wohltätige Zwecks
485 2636 1247 2720 in vollem Umfange erreicht worden ist.
2106 3498 2168 3543 t.
2374 630 2852 697 teuerenangabe Villie Gewaur.)
2338 686 3170 756 Berliner Börsen Coumer, Berhin
2083 724 2499 792 Lusschnitt aus
2517 745 2965 838 Morgenausgabe
2331 781 2837 885 12 Arnit 1913
2086 843 2235 890 vom:
2242 926 3100 1041 Theater und Musik
2237 1029 3078 1110 „Liebelei“ zu wohltätigem Zweck.
2174 1088 3129 1150 Aufführung fürs, „rote „Kreuz“, am Nöllendorfplatz.
2185 1124 3176 1201 Wie für ein Witzblatt schien, der Theaterzeitel des
2124 1184 3166 1239 Schnitzlerschen Schauspiels zusämmengeftellt, dessen
2126 1210 3164 1292 Personalien zum größen Teil die Hauptkräfte einer
2132 1255 3153 1333 Operettenbühne in Anspruch nahm und dieses Kurio¬
2124 1299 3159 1376 sum mit Agnes Sorma, Curt Stieler, Rosa Valetti und
2122 1339 3170 1412 Leinem die Ueberraschung liebenden Literaturvirtuo¬
2129 1383 3160 1464 sen ergänzte. Dieser Besetzungsscherz erzeugte, ohne
2134 1425 3162 1488 gerade das Werk zu ruinieren, eine erträgliche Stim¬
2141 1469 3159 1526 mung, die aber gern in die Höhe ging, so oft sich hierzu
2138 1503 3150 1564 Gelegenheit bot. Dramurgisch konnte man hierbei
2140 1547 3175 1617 seine interessanten Beobachtungen machen. So habe
2142 1587 3166 1646 ich mir z. B. bei einer Soubrette von der Art der
2143 1626 3164 1685 Massary immer gedacht, daß ihr Bühnentempe¬
2142 1670 3167 1733 rament auch etwas Schauspielkunst einkreist, ausrei¬
2139 1710 3168 1791 chend, um die Mizzi Schlager vor Gott und Menschen
2140 1752 3165 1824 angenehm zu machen. Seit gestern traue ich mich
2153 1795 3169 1850 auch, es auszusprechen. Dagegen ein Operettentenor
2144 1836 3173 1899 bleibt ein schwieriger Fall fur die dramatische Kunst.
2143 1874 3168 1927 Im besten Fall spielt er den Theodor Kaiser wie Herr
2142 1913 3168 1975 Pfaun, teils verständig und in Worten wie „Nosch¬
2141 1962 3164 2012 kaz“ recht Wienerisch, teils unverständlich, teils so, als
2142 1991 3175 2063 ob er sich sehr freuen würde, von Tanzen und Singen
2144 2049 2719 2106 einmal ausruhen zu dürfen.
2200 2080 3168 2136 Für den Fritz Lobheimer war als Berufener Herr
2142 2116 3180 2196 [Stieler da, der von Brahm gesteigerte (durch
2150 2173 3175 2220 Brahm gedämpfte) Liebhaber des Lessingtheaters. Aber
2145 2205 3166 2255 er kam sich in seiner Umgebung so sicher vor daß er
2144 2233 3172 2329 sie nicht durch besonderes Aufgebot druckte. Die Epi¬
2145 2286 3154 2341 sode des betrogenen Gatten linierte Franz Blei so¬
2163 2323 3176 2392 scharf und präzis, daß man nur den Zorn auf Kosten
2150 2370 3175 2434 des Schmerzes hörte. Für einen Amateur war aber
2144 2417 2805 2467 diese Leistung sehr repräsentativ.
2197 2431 3181 2514 „ Das Fragen, Staunen und Bangen der Christine
2131 2500 3180 2565 fälbte Agnes Sorma und durch Schleier kamen
2147 2538 3093 2599 Illusionen. Häufig fühlte man, daß ihr Blut di
2152 2580 3060 2643 melancholischen Vogel einst singen machte. Insg
2157 2622 3034 2678 wunderte man sich und fragte, warum tut si
2161 2660 3026 2722 Ein solches Künstlergeblüt sollte auch zu wohl
2155 2704 3041 2772 Zwecke icht mit starkern Erinnerungen kä
2153 2747 3050 2813 Aber die friedigende Antwort gab der dritte A
2154 2794 3073 2855 sie mit fingter Kraft durchs Zimmer hetzte
2158 2830 3141 2890 den Tumult# nes verzweifelten Herzens mit tragische
2162 2867 3197 2932 Schrecken schü#e. Jetzt wußte man, warum sie nicht
2877 2918 2964 2969 314 2
2156 2931 2525 2987 Nein gesagt hat.#“
2209 2926 3188 3014 Ein verbrieftes Komikerrecht ist, den alten Musi¬
2127 2996 3191 3074 kanten Weiring zu spielen, auch wenn der Darsteller
2153 3041 3192 3100 nicht Pallenberg heißt. Im zweiten Akte sah
2160 3073 3191 3133 man, was man von diesen Gestalter erwartete. Er
2158 3116 3197 3191 spielte ihn ergreifend knitterig und mit einem merk¬
2156 3143 3202 3227 würdig konzentrierten Unterbewußtsein, welches in
2167 3199 3196 3260 den Hausrat vertieft war, während die Worte schlichtes
2163 3247 3180 3304 Zwiegespräch hielten. Nicht so gut war er im Schluß¬
2163 3289 3182 3337 akt, wo seine tragisch scharfen Geberden durch unruhige
2160 3328 3176 3381 Wiederholung das Komische streiften. Er halbiere
2172 3362 3035 3437 seinen Ueberschuß und es wird etwas Ganzes.
2219 3410 3183 3468 Für eine improvisierte Wohltätigkeitsporstellung
2171 3465 3187 3507 waren das immerhin stärkere Wirkungen, als ein
2169 3491 3190 3573 Operettentheater dem Schauspiel zu geben verpflichtet
3005 3535 3167 3603 E. F.
2156 3548 2252 3621 ist.
