3436 4256
454 181 817 262 iebeler
263 191 821 293 8. Jnnnnnn
958 182 1393 261 box 12/6
1953 77 2572 129 re rn
1955 113 2934 173 Darsteller nur in ihrer Wirklichkeit zu erfassen
1957 176 2934 223 brauchen, um den Intentionen des Autors gerecht zu
1947 212 2937 270 werden. In der Rolle der Christine erschien Frl.
1959 277 2929 335 Nelli Dahlmann mehr herb, als süß, aber in
1955 306 2930 373 schauspielerischer Beziehung bedeutsam. Ihr Spiel
1948 371 2937 421 ist von einer imponierenden Kraft durchdrungen, die
1949 408 2937 477 der Figur wohl manche ihr gebührende Weichheit be¬
1959 453 2939 515 nimmt, aber ein umso größeres Interesse an der Art
1951 503 2938 589 ihrer schauspielerischen Verkörperung erweckt. Wäh¬
1961 560 2940 624 rend ein Paar großer, sprechender Augen hinge¬
1950 600 2933 671 bungsvolle Neigung und bereitwilliges Vertrauen
1965 671 2931 721 beredt auszudrücken wissen, eignet sich das zuweilen
1956 700 2941 775 tief klingende Organ besonders dafür, die Vermitt¬
1958 765 2945 830 lung jener Gefühle, die vorwurfsvolle Zweifel und
1962 801 2951 854 znlege dillere Eupörung zu enthülen bestimmt sind,
1955 852 2947 907 herbeizuführen und dieselben zu starker Wirkung zu
1958 901 2946 957 befähigen. Herr Fischer gibt den alten Weiring
1965 949 2934 999 umso ergreifender, als er ihn mit einer außerordent¬
1960 996 2950 1060 lichen Natürlichkeit der Empfindung spielt, die nicht
1955 1050 2947 1095 nur in der rührenden Zärtlichkeit des Vaters, son¬
1957 1089 2952 1147 dern auch in der schlichten und doch so überzeugenden
1967 1146 2945 1200 Art sich geliend macht, mit der der alte Musiker
1968 1193 2945 1262 seiner Auffassung vom Leben und der Jugend Worte
1963 1234 2953 1300 verleiht. Frl. Medelskys „Schlager Mizzi“ ist
1960 1304 2951 1354 der Inhegriff des Wirklichen. Dieses ersteht aus
1967 1358 2952 1401 einem Talente, das die Kunst der Darstellung im
1972 1392 2944 1444 Bilde einer lebensvollen Interpretation betätigt und
1959 1455 2944 1499 dieser den Vorrang vor allen Außerungen techni¬
1970 1489 2939 1548 scher Natur einräumt. Der Fritz Lobheimer des
1968 1540 2954 1591 Herrn Louis Böhm ist von Haus aus etwas schwer¬
1964 1592 2945 1652 mütiger, als dem jungen Menschen zuträglich ist,
1956 1654 2950 1702 aber sein Spiel erregt dafür umso größere Teil¬
1970 1687 2947 1755 nahme, wenn sich die Situation derart zuspitzt, daß
1971 1745 2955 1803 die peinigende Unruhe in der Brust des jungen
1970 1790 2956 1851 Mannes die Oberhand gewinnt. Den Theodor gab
2857 1846 2919 1901 die
1961 1842 2847 1907 Herr Hennig mit teilnahmsvoller Wärme,
1950 1880 2950 1969 denfürfarelichen Freund erkennen ließ. Frl.
1967 1980 2976 2058 Jelly (Katharine Binder) und Herr Schich (ein
1966 2052 2957 2105 Herr) wirkten verdienstlich mit. Das Publikum rief
1968 2091 2962 2158 die Darsteller nach jedem Aktschluß stürmisch. — Am
1981 2139 2974 2206 Abend bildete der Einakter von Salten „Schöne
1978 2195 2961 2259 Seelen“ den Beschluß. Salten ist vor allem ein geist¬
1981 2248 2972 2318 reicher und zugleich humorvoller Plauderer,
1975 2292 2966 2367 und diesem Umstande ist es zu danken,
1987 2338 2972 2419 daß das kleine Stück, dessen Handlung
1989 2402 2969 2458 sich in einem Separé abspielt, trotz man¬
1981 2434 2987 2505 cherlei Längen unterhalten kann. Gespielt wurde es
1983 2490 2975 2571 ganz vorzüglich. Frl. Medelsky war in einer
1987 2550 2985 2610 Rolle, die ein ziemlich delikates Anfassen voraus¬
1993 2584 2989 2666 setzt, bei aller Ungeziertheit und Natürlichkeit
1995 2638 2975 2707 äußerst diskret und von einer bezwingenden Heiter¬
1997 2695 2975 2761 keit. Herr Böhm gab den simplen Neuling in der
1997 2735 2973 2803 Lebewelt mit urkomischer Beschränktheit, Herr
1997 2789 2978 2851 Hennig einen gewiegten Oberkellner mit dem
1988 2847 2978 2901 Ernst eines Mannes, der ein Lebensziel vor Augen
2001 2895 2983 2960 hat, und Herr Karl Fischer in zutreffender Kopie
2002 2945 2987 3000 die bekannte Gestalt des Klavierspielers in solchen
2003 2978 2987 3057 Restaurants. Die gelungenen szenischen Bilder, die
1996 3050 2986 3111 Herr Oberregisseur Karl Fischer sowohl in „Lie¬
1995 3079 2986 3152 belei“ als auch in dem Einakter stellte, zeigten, was
1993 3128 2995 3201 Inszenierungskunst auch mit beschränkten Mitteln,
1997 3195 2994 3257 wie sie hier zur Verfügung stehen, zu leisten ver¬
2003 3244 2993 3306 mag. Das übervolle Haus — selbst das Orchester
2000 3287 2989 3344 war wieder zur Aufstellung von Sitzplätzen benützt
2008 3343 2993 3407 worden — spendete den Gästen, wie bereits bemerkt,
2869 3380 2960 3454 X.
2003 3387 2370 3459 lebhaften Beifall.
2070 3468 3001 3545 [Der Opernsänger von dem Bruch)
2012 3490 3020 3589 vom Chemnitzer Zentraltheater wurde für das
2011 3570 2893 3662 deutsche Landestheater in Prag verpflichtet.
