3248 4320
2536 192 2581 234 —
2610 197 2926 276 Seite 27
2011 207 2395 287 12 October 1895
1538 232 1770 295 Die Zeit.
904 226 1246 296 Wien, Samstag,
442 233 624 299 Nr. 54
1697 334 2972 399 nichts; sie bestehen nur aus Beziehungen. Sie selber lieben nicht, sie
415 344 1685 405 an elende Aufgaben vergendet, die Kraft der Sarah Bernyardt, der
1694 383 2976 463 selber hassen nicht, sie selber freuen sich nicht, sie selber leiden nicht, sie
403 406 1685 465 Rejane, der Hading und der Tessandier. Warum spielen sie nicht
1703 450 2981 507 selber fühlen nichts, sondern sie nehmen alle Stimmungen an, die
422 459 1308 515 „P’eiléas et Melisande“ eder „Rosmersholm“?
1701 471 2976 549 gerade ihren Verhältnissen entspre#k n. Sie haben keine Instincte, deuen
524 470 1683 548 Nun beginnen unsere großen Concerte wieder, die uns die
1700 519 2979 592 sie sich anvertrauen könnten; so müssen sie sich, um nur überhaupt
413 535 1685 605 theueren Meister: Bach, Beethoven, Schumann, Mozart und Wagner
1712 570 2974 631 handeln zu können, immer erst in Relationen bringen. Da sic sich
413 578 1685 631 hören lassen. Einstweilen hat man uns an der komischen Oper die
1704 624 2979 673 selber nicht fühlen, trachten sie, sich als etwas zu fühlen: als der „Student,
421 638 1684 683 „Navarraise“ von Massenet gegeben. Ich weiß noch nicht, wie die
1701 655 2973 709 der mit einer Grisette gehr“ oder als der „Liebhaber einer Schau¬
407 661 1680 735 Wiener dieses Wert aufgenommen haben, aber wir alle, die wir hier
1700 701 2979 759 spielerin“ oder als der „unwiderstehliche Mann“; aus dem Gefühle
415 707 1686 764 wahre Künstler sind, hoffen auf diese Stadt, wo man die schöne Musik
1697 738 2974 815 dieser Typen holen sie erst ihre Impulse. Jemand hat sie Fünfgulden¬
419 755 1692 811 noch liebt: wir hoffen, dass sie mit der Verachtung, die es ver## ent,
1705 772 2985 842 lebemänner genannt, weil sie mit einem Taschengeld von fünf Gulden
422 796 1687 855 dieses freche und hohle Werk zurückteisen wird. Massenet ist der
1705 837 2982 888 täglich das Ansehen von Viveuren zu bestreiten wissen. Auch Lebebuben
418 842 1687 905 cy. scheste von allen unseren Componisten; es gibt gar keine Formel,
1706 872 2980 935 hat man sie genannt, was das Unmännliche ihrer ganzen Art aus¬
420 899 1692 951 die er nicht bestohlen hätte, von Tizet bis Wagner, um seine Stücke
1710 910 2984 975 drückt. Schnitzler hat eine besondere Vorliebe, sie darzustellen; sie
422 927 1678 987 für den Export darnach zu fabricieren. Massenet, für den es keine Ent¬
1702 977 2990 1029 müssen ihm verdächtig nahe gehen: er kommt von ihnen nicht los.
414 981 1692 1037 schuldigung gibt, weil er ja sehr intelligent ist und den Unwert seiner
1706 1014 2976 1062 Schon im „Anatol“ hat er nur sie geschildert, dann im „Märchen“
415 1015 1689 1082 Must selber sehr gut kennt, hat die größten Erfolge beim Publicum und
1709 1046 2980 1108 und nun schildert er sie mit den Mädchen, die zu ihnen gehören,
422 1063 1689 1118 die größten Einnahmen; das scheint ihm wichtiger zu sein, als die
1710 1092 2978 1162 wieder. Diese Mädchen sind genau wie sie: unpersönlich, ohne Leiden¬
421 1114 1693 1183 Achtung der Künstler und sein guter Name. Die „Navarraise“ ist
1712 1145 2985 1204 schaft, passiv. Sie begehren nichts, wehren sich nicht, lassen sich alles
422 1169 1691 1207 eines jener Stücke für den Export, wie ich oben sagte, lärmender
1707 1174 2983 1246 gefallen. Sie sagen nicht Ja und sagen nicht Nein und warten ge¬
423 1201 1685 1258 Stücke mit überstürzten Situationen, ohne Psychologie, ohne musika¬
1714 1225 2990 1281 duldig ab, was ihnen bestimmt ist; dagegen kann man ja doch nichts
418 1240 1695 1298 lische Tiefe, die Herr Massenet speciell für die Provinz und das Aus¬
1707 1279 2984 1327 machen. Spricht sie wer an, so antworten sie gern; will er mehr, so
423 1288 1701 1343 land macht. Fräulein Calvé spielte sie mit Erfolg in London und an
1704 1314 2985 1375 geben sie nach; verläfst er sie, so klagen sie auch nicht. Wer weiß,
418 1328 1692 1379 der Monnale rettete sie nur Georgette Leblanc, deren beinahe un¬
1708 1358 2987 1410 wozu es gut ist! Manche hat so schon ihr Glück gemacht, andere gehen
417 1382 1689 1432 wahrscheinliche Schönheit und tragische Kraft die Brüsseler bezaubern
1714 1400 2983 1468 freilich zu Grunde; es triffts halt nicht jede gleich. Man muss sich be¬
420 1414 1696 1466 und die in ein paar Jahren die einzige Sängerin sein wird, die
1712 1439 2994 1518 scheiden, wie 's eben kommt. Keine denkt je daran, etwas für sich vom
420 1473 1694 1530 Wagner noch schöner gibt, als die Materna. Hier wurde sie von
1708 1493 2999 1548 Leben anzusprechen, das ihr allein und nur ihr und nicht der ganzen
421 1505 1697 1570 Fräulein Calvé gut gespielt, die keine Größe hat, aber eine recht gute
1705 1532 2994 1602 Kategorie zukommen würde. Diese Mizzis und Christins fühlen sich nie
426 1547 1692 1603 Schauspielerin ist; ich kann nicht sagen: auch gut gesungen, denn es
1713 1577 3003 1646 als die Mizzi oder die Christin, sondern nur so im ganzen als arme
431 1591 1695 1664 gibt kaum drei Minuten Gesang in dieser hastigen, von Schreien und
1716 1621 2995 1693 Mädchen, gerade wie jene jungen Leute, Herr Fritz Lobheimer und Herr
427 1624 1691 1692 künstlichem Gelächter zerrissenen Rolle. Die Presse sprach über das
1713 1661 2997 1739 Theoder Kaiser, sich nie als der Fritz oder der Theodor, sondern
421 1674 1695 1739 Stück, wie man es erwarten musste: Lob in jenen Zeitungen, die sich
1713 1715 2996 1785 immer nur als Studenten, Praktikanten oder Lebemänner fühlen. Und
423 1748 1699 1790 nur immer an die Stimme der großen Menge halten und natürlich
1718 1751 2997 1820 so fragen sie nicht, was kommen wird, geben sich der süßen Stunde
433 1776 1697 1832 auch das Mitglied der Akademie respectieren; einige schüchterne Be¬
1719 1798 3006 1864 innig hin und werden jene lieben, so bequemen, niemals raunzenden
425 1815 1702 1888 merkungen von ein paar unbefangenen Leuten und die laute Verachtung
1720 1838 2999 1902 Geschöpfe, die, wie der Theodor sagt, „zum Erholen da sind“, immer
437 1866 1706 1920 aller wahren Musiker, die es Massenet niemals verzeihen, dass er, der
1720 1890 2999 1947 lachen, auch wenn man gar keinen Witz macht, und nie sich kränken,
430 1900 1704 1959 doch einst Talent und Geschmack hatte, aus Liebe zur Reclame und
1724 1933 3008 2006 zu denen man „du Patsch“ sagen darf und mit denen man nicht von
427 1952 1181 2031 zum Gelde sich so weit vergessen konnte.
1719 1995 2310 2057 der „Ewigkeit“ sprechen muss.
547 1991 1695 2052 So beginnt die neue Saison nicht eben glänzend. Ich hätte
438 2036 1709 2088 Ihnen gerne besseres gemeldet. Doch hört man ja allerhand schöne
1827 2039 3005 2099 Unter das leichtsinnige Personal dieses recht österreichischen
435 2092 1704 2140 Versprechungen und vielleicht darf ich das nächstemal von einigen edlen
1730 2083 3009 2149 Kreises lässt Schnitzler plötzlich das ernste Schicksal treten und da
432 2130 1712 2186 Namen und einigen edlen Werken erzählen. Neues von Henri de
1724 2123 2997 2196 zeigt es sich denn, dass ihre beinahe türkische Ergebenheit und Demuth
432 2169 1714 2218 Régnier und Maurice Maeterlinck, Bilder von Dégas, Musik von
1728 2166 3031 2246 ihnen gar nichts nützt und, wenn sich die Menschen auch noch so klein
432 2209 1711 2271 Claude Debussy, Gustave Charpentier und Vincent d'Indy sind ange¬
1727 2223 3007 2269 und bescheiden machen, das Leben doch groß und furchtbar bleibt. Der
436 2275 1697 2317 kündigt; so werde ich Sie wohl bald über Massenet trösten können.3
1734 2253 3008 2319 Fritz, der daneben auch mit einer Frau eine „Bandelei“ hat, wird von
1333 2296 1707 2361 Camille Manclair.
574 2297 688 2374 Paris.
1718 2306 2998 2363 dem Gatten im Duell erschossen und nun thut sich die ganze Verlogen¬
1728 2336 3002 2412 heit dieser so gemüthlichen Existenzen auf: die Liebelei endet, als ob
1725 2385 3004 2461 sie eine Leidenschaft wäre, und das Mädchen, die Christin, muss
875 2403 1247 2497 Burgtheater.
1726 2430 3010 2496 erfahren, wie wenig sie ihm gewesen; indem er an einer Lüge stirbt,
1732 2477 3011 2540 wird sie inne, dass sie von einer Lüge gelebt hat. Sie war doch gar
440 2488 1717 2557 (Liebelei, Schauspiel in drei Acten von Arthur Schnitzler. Rechte der Seele,
1738 2520 3010 2582 nichts für sich, sondern nur für ihn da: selber gar kein Wesen, sondern
445 2529 1714 2587 Schauspiel in einem Act von Ginseppe Giacosa. Zum ersten Mal aufgeführt
1740 2561 3014 2628 nur seine Geliebte, nichts als seine Geliebte; und nun wird es offen¬
929 2579 1235 2641 am 9. October.)
1736 2620 3016 2671 bar, dass sie auch das nicht war, nicht einmal das. Sie hat nur von
461 2635 1717 2689 In seinem neuen Stücke lässt uns Schnitzler zwei Wiener Studenten
438 2666 495 2732 C
1740 2650 3009 2716 einer Beziehung gelebt und auch diese bildete sie sich nur ein. Und so
516 2667 1716 2727 von der Art der jungen Leute aus guten Familien sehen. Sie sind,
1736 2691 3018 2760 ist ihr ganzes Leben dahin! Er ist für eine andere gestorben! für eine
450 2714 1718 2769 was man „recht sympathisch“ nennt; dummer Streiche, die man doch
1729 2748 3015 2820 Frau, die er geliebt hat — ihr Mann hat ihn umgebracht! Und ich
443 2764 1715 2821 ihren Jahren verzeihen würde, gewiss nicht fähig, von angenehmen und
1759 2817 1793 2844 —
1793 2785 3017 2839 was bin ich denn? Was war denn ich? Was bin denn ich ihm
449 2803 1717 2861 empfehlenden Manieren, überaus correcte Herren, denen es nicht ein¬
1741 2824 3021 2898 gewesen?" Diese Klage hat einen so innigen und echten Ton, dass
453 2844 1708 2916 fällt, Glocken abzureißen, Laternen auszudrehen und Passanten anzu¬
1733 2880 3019 2932 man merkt, sie kommt dem Autor vom Herzen; das sehr wienerische
453 2890 1714 2964 rempeln. Auch hüten sie sich vor verwegenen und anstößigen Gesin¬
1733 2912 3022 2994 Elend, an dem Leben so daneben vorbei zu leben, hat er, das ver¬
452 2937 1716 2990 nungen, haben den besten Leumund, billigen Ausschreitungen nicht, ver¬
1738 2962 2485 3038 nimmt man, wohl an sich selbst gespürt.
454 2977 1723 3048 sprechen vortreffliche Unterthanen zu werden, und die Polizei möchte
1845 2985 3024 3065 Das Stück sagt also: „Seid selber etwas! Seid so viel, dass,
458 3023 1719 3091 nur wünschen, dass alle so wären. Es braust in ihnen nichts und das
1733 3052 3019 3119 wenn man euch auch das Amt, die Liebe, alle Beziehungen nimmt, in
458 3066 1727 3141 ist doch bei jungen Menschen ein großes Glück. Sie thun nichts, denken
1739 3102 3021 3155 euch selber immer noch genug bleibt! Lebt, statt euch bloß leben zu
453 3109 1724 3175 nichts, wollen nichts, sondern lassen sich vom Leben treiben, ohne erst
1742 3139 3027 3209 lassen!" Das wird von ihm sehr wahr und gerecht, auch mit einer
450 3148 1732 3223 viel zu fragen, wohin, wie man in der Menge mit der Burgmusik
1744 3184 3024 3254 freilich mehr feuilletonistischen als dramatischen Anmuth und nicht ohne
454 3196 1722 3260 geht, vom Takte geschoben, jetzt ein bischen schneller, jetzt langsamer,
1735 3222 3017 3291 einen gewissen Geist gelehrt. Die Führung der Scenen ist oft geschickt,
450 3254 1725 3324 ohne was zu merken, bis der Marsch plötzlich aus ist und man nun
1740 3271 3024 3334 glückliches Detail ergötzt, hübsche Worte fehlen nicht, es ist eine saubere,
450 3286 1727 3362 nicht weiß, was man mit den Füßen anfangen soll, und sich verrassen
1741 3321 3021 3385 anständige und brave Arbeit, und so wäre man nicht abgeneigt, von
457 3346 1716 3390 und müde und so leer fühlt. Sich immer wieder irgend eine Burg¬
1745 3381 3020 3417 Schnitzler zu sagen, was Laube einmal über Bauernfeld schrieb: „Jeden¬
455 3374 1727 3431 musik, die sie mitnimmt, zu verschaffen, ist ihre einzige Sorge. Sonst
1749 3398 3028 3480 falls ist es für die Theaterdirection ein Glück, wenn in ihrer Stadt
455 3423 1724 3481 brauchen sie gar nichts. Leidenschaften, Begierden, Triebe sind ihnen
1743 3442 3023 3511 ein producierendes Talent sich entwickelt, welches in gebildeter Weise
454 3462 1731 3521 fremd. Zuweilen gehen sie in die Vorlesung, wie man eben in die
1738 3492 3022 3554 und außerhalb der alltäglichen Routine die neuen Lebenselemente der
461 3500 1722 3568 Vorlesung geht, oder sie sitzen im Café, wie man eben im Café sitzt,
1750 3537 3016 3598 Stadt dramatisiert.“ Nur darf man nicht verschweigen, dass er vorder¬
464 3557 1732 3625 lesen wohl auch Romane, weil man doch diese neueren Sachen kennen
1749 3576 3019 3653 hand noch nicht so weit ist. Er weiß die neuen Elemente unserer Stadt
465 3606 1727 3666 muss, machen Besuche, weil man doch seine Bekannten besuchen muss,
1752 3623 3030 3686 zu fühlen, auch zu schildern; „dramatisieren“ kann er sie noch nicht.
454 3647 1733 3704 und handeln nie aus sich, sondern immer nach der Sitte; es drängt
1753 3672 3024 3732 Man dramatisiert Zustände, indem man Menschen in sie bringt, die
464 3685 1730 3745 sie nie, zu thun, was man nicht thut. Sie sind ganz unpersönlich und
1750 3714 3026 3782 sich ihnen widersetzen; dort, wo sich die Menschen mit den Dingen
457 3720 1736 3796 könnten ohne Muster gar nicht sein. Sie existieren nur als Exempel
1752 3773 3024 3828 entzweien, fängt das Drama erst an. Aber seine Menschen, die nichts
466 3774 1735 3832 der Gattung. Sie sind jetzt Studenten, wie sie vor ein paar Jahren
1755 3813 3025 3862 wollen, sitzen unbeweglich in ihren Zuständen drin, wie Chamäleons,
469 3827 1731 3880 Gymnasiasten waren und wie sie in ein paar Jahren Conceptsprak¬
1750 3841 3033 3915 die immer die Farbe ihrer Umgebung haben; so kann man sie nicht
471 3871 1738 3939 tikanten und dann Gatten und mit der Zeit hoffentlich Hofräthe und
1757 3889 3033 3954 sehen, sie bleiben grau, traurige, aber nicht tragische Personen, und er
464 3907 1738 3962 wohl auch Väter sein werden, und sie sind nichts als Gymnasiasten oder
1755 3929 3028 4002 scheint nicht zu wissen, dass der Mensch erst, wenn er sich aus seinem
470 3956 1737 4017 Studenten oder Hofräthe, und werin man den Gymnasiasten oder den
1756 3976 3035 4045 Boden löst, von den anderen abhebt und seine eigene Farbe annimmt,
470 3996 1743 4058 Praktikanten oder den Hofrath von ihnen abziehen würde, würde von
1757 4018 3040 4093 dass er im Streite und durch die That erst dramatisch wird. Das hat
466 4039 1742 4097 ihnen nichts übrig bleiben; es ist kein Wesen da. Sie können sich nicht
1744 4078 2115 4141 er noch zu lernen.
477 4084 1738 4151 einen Moment von dem, was sie vorstellen, isolieren. Aus sich sind sie
