3484 4256
270 163 604 239 Liebele
280 190 691 281 nenenen n 1
826 157 1256 254 box 12/8
1958 123 2676 222 8 Uhr Abendblatt, Berlin
1735 155 1845 241 An
2335 239 2619 331 Okt. 1925
1806 369 2869 501 Schnitzler=Abend im Schiller-Theater.
1950 491 2707 558 „Liebelei“ und „Weihnachtseinkäufe“.
1783 542 2947 621 Mit der ersten Granate explodierte vor elf Jahren auch die
1735 606 2955 667 Welt Arthur Schnitzlers die das Publikum anerkannt
1741 656 2953 702 hatte. Nicht die Welt des Dichters, die viel tiefere und weitere
1744 696 2955 744 Hintergründe hat, als alle jeie annehmen, die gerne aus der um
1743 738 2947 793 ihrer schöpferischen Aktivität wegen liebenswürdigen, aber nichts¬
1747 787 2961 842 destoweniger unsinnigen Sucht heute immer das Gestern zur absolut
1745 834 2959 886 toten Vergangenheit stempeln. Man muß ein wenig unterscheiden
1749 878 2954 928 zwischen dem formalen Apparat des äußeren Gestus und dem
1752 918 2954 975 inneren Klang. Gewiß ist das füße Mädel, die Duellfatzkerade und
1750 966 2958 1017 die Dachstube des alten Musikanten an sich genommen etwas Go¬
1747 1012 2963 1067 wesenes. Aber es ist ja für das kleine Drama auch nicht das
1745 1045 1970 1105 Wesentliche.
1797 1094 2955 1141 Jürgen Fehling, der das Stück inszeniert hat, hat
1743 1123 2949 1192 wohl die Einwände der Gegenwartsstolzen gefürchtet, als
1744 1184 1830 1228 er
2265 1171 2655 1237 eine Anmerkung
2679 1172 2944 1236 als Recht¬
1840 1169 2259 1228 im Programmheft
2151 1219 2951 1275 Er drückt sich dabei gar nicht
1748 1210 2144 1278 fertigung schrieb.
1749 1250 2959 1309 um die Erkenntnis, daß die frühere Zugkraft des Stückes, soweit
1747 1306 2949 1368 sie aus Zeitumständer wirksam wurde, heute erloschen ist. Aber
1742 1355 2958 1406 feine Betonung, hier schlummere unter delorativer Herzigkeit eine
1740 1394 2946 1456 volksliedhafte Melodie, ist durchaus begründet. Gewiß ist Senti¬
1748 1431 2960 1482 mentalität für das Schaffen und den schaffenden Menschen ein
1739 1474 2947 1539 ewig retardierendes Moment. Aber das Theater, wo käme es hin
1738 1525 2963 1576 ohne Sentimentalität? Wichtig bleibt nur, daß sie nicht überwiegt.
1743 1566 2960 1629 und daß sie nicht schmalziges Mittel zu schmalzigem Zweck wird.
1741 1606 2948 1667 (Uebrigens was die Antisentimentalitätsseinde betrifft: die Grund¬
1743 1656 2954 1712 sentimentalität ist zweifellos der Eigentumsbegriff in allen Formen.
1748 1701 2962 1757 Auf dieser Basis lediglich wäre aufzubauen. Wieviel programma¬
1748 1739 2962 1783 tische Sentimentalitätsfeinde sehe ich noch aufrecht?) Das Schiller¬
1741 1776 2946 1831 Theater ist Volkstheater. Die Kette der Volksstücke, die über seine
1739 1828 2950 1871 Bühne gehen, ist in der letzten Zeit ohne inneren Bruch gewesen.
1734 1862 2962 1924 nimmt man die „Jungfrau von Orleans“ aus. Und als Volksstück.
1738 1913 2941 1964 das nicht mehr durch lokale Nuance und Zeitkolorit bedingt ist,
1738 1957 2964 2012 wuede Schnitzlers „Liebelei“ hier gegeben und mit einem einen
1731 2002 2949 2076 gewöhnlichen Theatererfolg weit übersteigenden rauschenden Beifall
1740 2044 1910 2100 begrüßt.
1786 2077 2954 2146 Fehling hat zwar nicht auf das Kostümliche verzichtet. Aber es
1731 2130 2947 2191 war doch durchaus nebensächlich. Wichtig war, daß er die Stim¬
1726 2170 2935 2235 mungslichter leise einstrahlen ließ und sie auf der Höhe der Wirkung
1736 2217 2947 2272 aufblendete. Die gonz große Ueberraschung des Abends war die
1741 2259 2944 2317 Christine Lucie Mannheims. Was sie bei Halbe, bei Tschechow
1738 2300 2935 2358 in Umrissen schon an seelischer Leuchtkraft gewonnen hatte, brach
1729 2331 2947 2396 hier hinreißend durch. Die schlichte Innigkeit, die nicht neckisches
1732 2384 2961 2448 Theater war, der halbe Ton unter dem vollen Ton, das schüchtern
1739 2428 2963 2495 zuckende Herz, das schließlich in einem Schrei der Qual blutend birst.
1730 2470 2947 2543 daß es durch den klagenden Mund aufzuschäumen scheint, all dies
1726 2517 2935 2556 gewann den Zuhörer vom ersten Augenblick an. Es war nicht
1731 2551 2939 2614 das Wiener Musikantentöchterchen, das an der zerbrochenen Legende
1726 2599 2946 2667 seines wienerischen Schicksals zugrundegeht, sondern es war ###
1725 2638 2954 2702 ein Weib, dem sein Glück in Stücke geschlagen wird und das vor
1728 2686 2931 2744 Entsetzen einmal schreit und dann vor dem zerschlagenen Bild ins
1734 2729 2052 2791 Leere abspringt.
1774 2771 2930 2832 Jakob Tiedtke kommt endlich an den Staatstheatern wieder
1734 2813 2931 2878 zu dem, was ihm so lange gefehlt hat: an Rollen. Er braucht nicht
1727 2864 2941 2928 mehr, wie er es bisher tat, für ein paar Schwankfritzen aus dem
1723 2903 2940 2945 Handgelenk seine künstlerische Kraft zu verschleudern, sondern er
1727 2940 2939 3014 kann auch wieder ganz bei der Sache sein. Gewiß mag es ein
1732 2992 2952 3048 Wagnis gewesen sein, ihm den stillen Violinspieler Weiring anzu
1735 3035 2949 3102 vertrauen. Sein Vater ist schon von Statur aus robuster als der
1735 3078 2944 3141 übliche Schauspieler in dieser Rolle. Aber die Augen und die
1729 3122 2948 3182 Lippen waren weich, und gerade weil Tiedtke nicht der himmel¬
1734 3167 2950 3232 blaue Donaugreis, sondern einfach ein wirklicher guter alter Mann
1739 3204 2941 3271 war, paßte er in diese Aufführung. Maria Paudlers
1729 3250 2945 3308 Modistin balancierte gut auf der Grenze zwischen Naivität und Ver¬
1732 3295 2953 3352 derbtheit. Sie vermied die Gefahr, die das Kostüm unterstrich.
1734 3337 2939 3398 Aeußerliches platt zu benutzen. Nicht frei davon kam in seiner Rolle
1726 3372 2932 3426 Richard Duschinsky als Fritz, der noch viel Handbewegungen
1726 3472 2943 3516 Schnitzler in dieser Rolle gerade banol und deutlich genug schon per
1729 3511 2935 3562 wandt hat. Heinrich Schnitzler mußte den unsympathischen
1717 3551 2948 3610 Theodor geben. In kleinen Rollen von alter Sicherheit Mathilde
1734 3598 2371 3662 Sussin und Albert Patry.
1788 3635 2924 3692 Voran ging der kleine Dialog „Weihnachtseinkäufe“
1726 3672 2932 3739 gewissermaßen Ankündigeng und Erklärung, aber denkt man nachher
1721 3717 2932 3785 an ihn, so verstimmt er durch die Großspurigkeit des zerspruchenen
1717 3761 2931 3828 Gefühls. Zersprochen um so mehr, als Erwin Faber hier uicht
1715 3806 2946 3864 am Platze war, und die verhaltene große klingende Kunst Lina
1718 3851 2935 3930 Lossens allein den Ton hielt, der diese nun wirklich anachronistische
1718 3897 2498 3940 Rederei überhaupt noch erträglich macht.
1781 3918 2937 3984 Eine Viertelstunde nach Fall des Vorhangs rief das Publikum
1701 3966 2224 4059 noch immer die Darsteller.
2513 3979 2926 4053 Manfred Georg.
