3484 4320
486 176 689 246 Liebe
286 162 1439 272 5. Liszelei box 10/4
2440 1137 3246 1217 —Rgen leena, Vte. o.1o. vog
3273 1055 3397 1239 22
2901 1182 3252 1241 Vermits maande.
718 1176 2884 1260 biengen. De beieeide, innemende vormen van den heer in te gaan 1 Januari a.4 Geboren in 1812, werd deze
2882 1209 3393 1280 en de verkoop van iwe
1811 1235 2878 1291 predikant in 1835 propenent bij het prov. kerkbestuur
720 1264 1808 1327 Schorer, hebben het hem mogeljjk gemaakt triomfen
1797 1261 3386 1342 van Drente. In 1839 werd hij hulpprediker en in 1841 ] heeft de directie pla. nen
2876 1376 3403 1449 typisch-Weensche der person
1795 1383 2873 1434 goluk, maar nu heeft ze het toch nog, al moet ze telkens
2878 1424 3394 1478 zien. Christine is een ern
1811 1413 2870 1477 vol vreezen wezen. Want hjj kan zo0 vreemd doen, haar
2877 1464 3396 1512 invloed van haar mil
1802 1457 2867 1517 Fritz, zoo grillig en vooral geheimzinnig, en dan mag ze hem
2880 1501 3397 1549 een oudere buurvrouw als
1807 1508 2869 1563 nooit iets vragen. Zj zou het ook gaarne zoo dulden, wat
979 1518 1548 1598 Het Tooneel.
2879 1539 3401 1590 als Mizi, moederloos, met een
1806 1540 2879 1605 hij haar geeft is al zóóveel geluk, als ze maar niet zoo
2877 1577 3399 1639 vader, aldoor van hem van
1815 1581 2875 1648 vreeseljjk bang was, hem al dadeljkweer te moeten
2880 1612 3394 1672 leven hoorend, kan zi
1823 1627 2590 1689 verliezen, hem haar Ziel en Zaligheid.
2879 1647 3404 1706 lichtvaardig een eerste lia
1050 1636 1473 1719 Groote Schouwburg.
1851 1648 2873 1714 Weenen is de stad van Don Juan: Fritz van zin kant meent
2889 1696 3395 1747 deze verbintenis zoo ernstig
1817 1695 2881 1746 het zoo slecht niet. Hjj was er niet op voorbereid zooveelte
812 1703 1799 1787 Mi###gel, (Liebelei, van Arthur Schnitzler.)
2886 1726 3398 1784 vaardigheid van haar mit
1811 1735 2878 1783 krijgen, hij vroeg en dacht veel minder te ontvangen. Weenen
2880 1765 3385 1832 heid van Christine, die
817 1760 1194 1836 Minne-spee
1809 1779 2876 1826 is een groote stad, ook hij is immers een kind van die
2885 1804 3409 1857 te zien. Z66 weinig zelfs##
1808 1807 2870 1874 groote stad: juist uit het ändere gedeelte, dat van de weelde
772 1806 1810 1888 Weenen, een stad voor Don Juan. Pretmakend als Parijs,
2893 1846 3404 1899 mondain-verwende als Fritz
1817 1858 2871 1902 en't plezier. Vrij is dat zo0 min als hot eerste. Alleen
732 1855 1812 1919 maar met Duitsche gemoedeljjkheid. — Een groote stad, ook
2886 1887 3402 1954 zjjn de woorden van de te#
1823 1887 2883 1941 begint de onvrjjheid der eenen, die verlangen, juirt daar waar
731 1907 1812 1963 al weer, waar men vechten moet, voor het leven. En, wat
2883 1922 3202 1984 kunnen vinden.
1814 1934 2883 1975 der anderen teleurstelling, verzadiging weerzin, is. Onweer¬
731 1940 1817 1992 vooral het nare is van de groote steden, het geloof wordt
2924 1937 3406 2012 Een andere Fritz, en me
1824 1961 2881 2021 staanbaar is hij, Fritz, een jonge, mooie getrouwde-vrouw heeft
721 1985 1802 2036 er z00 klein. Het diepste van cen mensch ziin innerljjk krigt
2881 1978 3405 2055 bedrif minder dadeljk zu
1822 2005 2881 2056 zich aan hem gegeven, muer wanneer zj samen ziin pjjnigt
727 2016 1807 2080 er zoo telkens een knauw mee, bjj dat moeten dringen en
2894 2030 3397 2089 van haar wozentje en va
1823 2043 2888 2099 beiden een onwederstaanbare. angst. „Du hast, bekent bif
736 2054 1814 2103 wringen om je plaatsje te behonden. Dan ga je vanzelf hoe
2892 2069 3400 2126 voelen doende, en het eer##
1812 2091 2884 2127 aan Theodor, ja gar keine Ahnung, wie ich mich nach so
731 2092 1815 2153 langer hoe meer bonjjden wat een ander heeft, en als de weelde
2888 2117 3390 2166 werk van vertooning gew#
1816 2122 2881 2171 einer Zärtlichkeit ohne Pathos gesehnt habe (als hij bij
736 2134 1816 2200 en het plezier zoo elk oogenblik rakelings langs je heenstriken,
2891 2156 3405 2202 dienste van zooveel kunstwe
1814 2154 2881 2206 Christine gevonden heeft), nach so was Süssem, Stillem, das
728 2175 1814 2235 ga je vragen of dat misschien niet het eenige is, en zou je
2892 2192 3397 2241 levensinzicht, is immers j
1808 2195 2881 2259 mich umschmeichelt, an dem ich mich von den ewigen
736 2226 1562 2273 sentimenteel kunnen worden van zelf beklag.
2900 2231 3408 2286 Op subtiele wüze
1815 2232 2882 2292 Aufregungen und Martern erholen kann.? Weenen is een
773 2247 1806 2301 Hans Weiring heeft, als violist in het orkest van het
2897 2261 3403 2329 bedrif van Liebelei de pre#
1819 2271 2886 2329 stad voor Don Juans, en het monsterachtig egoisme van dezen,
733 2286 1825 2341 Josefstädter Theater, achter de schermen, ook van het leven
2889 2303 3397 2363 die een paar juffertjes mee
1821 2316 2888 2368 brengt ljjden, even onafwendbaar als de onvoldoend be¬
739 2330 1820 2394 kunnen zien. Hj denkt er niet heel hoog over, al is hij een
2893 2337 3407 2402 hebben, tot een uiting van
1819 2348 2883 2399 loond gebleven braafheid, waar vader Weiring zoo mee te
728 2370 1814 2418 gemoedeljjk man gebleven. De goedigheid die hem nooit be¬
2890 2379 3388 2438 een liefde die enkel ontü
1818 2383 2886 2452 doen had. Omdat Fritz een Weener is, ligt ook in hem eene
735 2403 1812 2460 geven zal, maakte hem nog maar meer vergevensgezind. Dat
2891 2415 3404 2478 waar geen plaats voor haat
1832 2425 2894 2491 laag gemoedeljjkheid onder de liefde voor pret en Erholung.
734 2448 1812 2508 so ein blühendes Geschöpf als zijn dochter Christine, na een
2885 2457 3399 2509 een mooie bloem is. Er
742 2477 1822 2543 jeugd van thuiszitten, naaiwerk doen en muziek kopiéeren,
2890 2501 3402 2549 de modder waaruit ze onver
1854 2494 2887 2557 De heer Tarsaud, die gisteravond de rol van Fritz speelde,
730 2516 1825 2579 het als een geluk zou moeten beschonwen, indien een, nu ja
2905 2536 3406 2592 haar heen, op den modderbod
1823 2555 2890 2606 heeft heelemaal niets van een Weener, en aan de trage
744 2551 1817 2614 sehr anständiger maar haar niet eens sympathieke man als
2892 2579 3400 2636 en dat alles is heel licht
1826 2589 2888 2637 zwaarheid van zin spel ontbrak onder meer de uitbeelding
742 2598 1826 2657 die neef van juffrouw Binder, haar ten huweljjk vroeg, dat wil
2901 2608 3409 2669 eens, als we Christine in
1833 2621 2892 2683 juist van dat tweeslachtige, dat een pretmaker, die de recht¬
744 2633 1820 2704 er bij vader Weiring niet in. Omdat die jongen nu een
2891 2648 3402 2709 hadden, en naast een andere
1833 2661 2893 2717 matige woede te duchten heeft van cen getrouwd man wiens
734 2669 1818 2720 vaste betrekking heeft en anständig is! „Was hat denn so
2890 2690 3399 2765 juweel van realistische pob
1832 2704 2883 2748 vriendschap hij verraadt, en die het bovendien houdt met een
737 2716 1824 2783 ein armes Geschöpf schliesslich von ihrer ganzen Bravheit,
2940 2731 3382 2781 Want we hadden een
1820 2736 2891 2784 burger-meisje, hem „ter afleiding' door een vriend bezorgd,
737 2750 1816 2828 wenn nach jabrelangem Warten der Strumpfwirker kommt !..
2895 2752 3407 2816 treffeljjk waren. Brondgeest
1826 2780 2885 2828 toch tevens nog wat hart doet hebben, zoodat zijn vriend
781 2790 1822 2845 Christine heeft geen moeder meer. En nu is haar tante,
2892 2798 3396 2866 jolig, evnische Don Juan m
1835 2814 2890 2867 zucht: „Wenn Du die Absicht hast, auch die Sache wieder
736 2827 1822 2884 de zuster van haar vader, die altoos bij hen heeft ingewoond,
2899 2842 3407 2898 „slecht“ — doend, ja, in zu
1830 2865 2892 2900 ernst zou nehmen. Niet alleen was het een raadsel, hoe
737 2863 1824 2922 ook gestorven. Dat heeft den oude een leeljjken knak ge¬
2895 2883 3396 2938 bjj te pas komt en de man
1829 2886 2889 2947 deze Fritz bij vronwen van z00 verschillenden aard en
744 2895 1828 2971 geven. Wellicht heeft het op Christine ook wel ingewerkt,
2890 2931 3404 2973 in zulke rollen veelt men
1832 2926 2897 2992 stand succes kon hebben, het was even raadselachtig, hoe hif
754 2954 1827 3014 sen bewustzjjn van leegheid gegeven, dat dat.... toezicht,
2893 2967 3401 3016 oud-militair van goeden hu
1821 2969 2894 3039 200 zwaarwichtig praten en doen —, en tevens zoo'n infame
750 2992 1401 3056 die „invloed“, er niet meer is
2902 2999 3395 3055 jver toch maar nooit iets ##
1828 3008 2896 3056 verleider zijn kon. De heer Tartand heeft zjjne rol heele¬
786 3002 1824 3080 Sinds een paar weken kentze een jongen meneer. Ooh,
2903 3035 3409 3091 voor de Voreenigde Toones
1830 3050 2892 3106 maal niot overzien, een inzicht in de geheele persoon¬
746 3053 1830 3109 zoo iets gebeurt zoo gemakkeljjk. Mizi Schlager had haar ge¬
2922 3069 3403 3127 En dan mevrouw Van Ey
1836 3087 2893 3136 ljkheid gehad heeft hij niet — hij heeft enkel (hier en
748 3095 1827 3144 vraagd om eens mee te gaan, Mizi kende Theodor Kaiser, en
2895 3113 3406 3166 kan ons niet tot haar vleie
1834 3119 2885 3170 daar, o. a. na het bezoek van den echtgenoot nict zonder
746 3140 1821 3201 Theodoor is een vriend van Fritz. En nu hoort Christine aan
2900 3153 3403 3210 zei het selve, gisteravond
1840 3162 2888 3223 succes) van deze minnaarsrol eik gedeeltetje gespeeld met
758 3171 1830 3241 dezen jongon met haar heele wezen. Ze weet het wel, het zal
2900 3191 3400 3243 altoos aan — hebben weh
1844 3201 2857 3262 zooveel zwaren nadruk als hij er aan te goven vermocht.
743 3210 1831 3281 niet altoos duren, zoo op eens zal hij haar misschien verlaten
1858 3222 3401 3296 Ook mevronw Kerckhoven (Christinel had dat wat wij het Onzer eerljjkheid althans 2
745 3247 1836 3324 en dan zal ze niets meer hebben, niets meer van al dat, al dat
1006 3351 1840 3552 Ger I17
