3436 4256
1140 154 1210 240 6
755 145 1142 258 box 13
244 172 625 246 Liebelei
197 221 651 286 eneten ienen enennenennenen.
715 795 777 898 7
124 797 744 945 BSERVER“
118 888 725 992 Derr. behördl, konzessioniertes
116 947 750 1056 Ihmen für Zeitungs-Ausschnite
123 1000 639 1106 Vien I, Wollzeile 11
138 1070 568 1151 Telephon R-23.0-52
127 1191 334 1292 itt aus:
163 1281 851 1457 BASLER NACHRIGATR:
143 1390 541 1497 28. MRZ. 1934
904 1564 2991 1623 (Freund nicht mit derselben Ausschließlichkeit ihr gehört hat, heit die Verzweiflung des Maochens noch steigern, wenn
1951 1593 2981 1647 sie mit ungeschicktem Trost der Gebrochenen über die
913 1604 1941 1667 wie sie ihn geliebt; aber daß er sie ohne Abschied verlassen
1946 1625 2985 1687 schmerzvolle Erfahrung helfen will. Lola Urban¬
916 1645 1944 1700 und sich für eine andere hat totschießen lassen, und daß
136 1643 760 1733 Stadttheater in Basel.
1949 1661 2984 1723 Kneidinger zeichnete diesen Typus mit einem leichten Stich
926 1676 1954 1743 sie nicht einmal so viel Recht bekam, an seiner Bahre zu
1960 1705 2999 1758 ins Fragwürdige, ohne die sympathische Seite dieser
923 1717 1951 1779 weinen, darunter bricht sie zusammen, verzweifelt entreißt
132 1726 804 1810 belei“ von Arthur Schnitzler.
1951 1756 2987 1798 Gestalt zu schmälern. Hermann Gallingers Theodor
922 1757 1950 1822 sie sich Vater und Freunden und stürzt davon. „Sie kehrt
1950 1779 2989 1840 war in Aussehen und Gehabe ihr männliches Gegenstück,
1198 1800 1246 1835 #
923 1794 1946 1854 nicht mehr zurück!“ ist das letzte Wort, das der zusammen¬
132 1722 859 1876 nmechiangens inr der Rrstrnist.
1942 1815 2994 1883 in den Tag lebend, das Unbequeme von sich abschüttelnd,
921 1840 1563 1906 brechende alte Mann ihr nachruft.
1957 1851 2990 1907 skeptisch auch in den Dingen des Herzens, dabei meist
974 1856 1945 1923 Wir haben das Menschliche in Schnitzlers Stück in den
1952 1897 2982 1944 lustig und gutmütig unbedeutend. Ein ganzer Charakter!
207 1887 601 1974 Dienstag 27. März.
919 1911 1950 1966 Vordergrund gestellt; es wurde durch die ganz ausge¬
1956 1939 2994 1987 Das Bild wird ergänzt durch die rührend gute Figur des
922 1947 1945 2001 zeichnete Aufführung, die unter Alwin Kronachers
138 1946 922 2024 keisterschaft Arthur Schnitzlers im scheinbar
1958 1967 2993 2032 Vaters, der seinem Kind so gerne ein richtiges Erlebnis
923 1983 1945 2045 Leitung die unzureichenden Bühnenverhältnisse in der
1960 2000 2995 2072 gönnt und dafür so schwer geschlagen ist, von Max Knapp
135 2006 921 2063 ch enthüllenden Dialog, in der sicheren und
925 2017 1953 2087 Mustermesse völlig vergessen ließ, in den Gestalten wie in
1964 2029 3002 2099 ohne Pathos menschlich einfach gestaltet, daneben Alma
141 2042 917 2111 seranalyse und in der Schaffung alles dessen,
930 2059 1948 2126 ihren hinüber und herüber gehenden Beziehungen in er¬
1960 2082 2988 2139 Wallés glänzend charakterisierte Katharina, die Frau
134 2069 928 2138 nem Wort mit „Stimmung“ bezeichnen, tritt
927 2094 1951 2161 greifender Weise verwirklicht. In die Wiener Fröhlichkeit
1957 2115 2990 2174 die selbst die Erinnerung an eine bewegtere Vergangenheit
148 2123 924 2190 leprägter und glänzender hervor als in dem
931 2139 1953 2209 hat sich auch in den besten Zeiten etwas von jener Melan¬
143 2157 926 2220 piel „Liebelei“ welches das Basler Stadi¬
1965 2163 2987 2220 unterdrückt hat, weil sie ihr in ihrer jetzigen Einstellung
938 2172 1953 2233 cholie gemischt, die sich jedem echten gefühlhaften Erleben
1972 2195 2992 2260 nur Reue und Unbehagen bereitet, und die doch das Neiden
152 2188 928 2253 mmerspielzyklus mit Glück wieder aufge¬
927 2208 1957 2283 beimischt. So klang es zwischen den klimpernden Tönen
1967 2231 2997 2289 und Kuppeln Neugier und Lüsternheit nicht ganz lassen
150 2234 928 2289 Wohl gehören die Hauptstützen der dramati¬
932 2254 1953 2311 des „Doppeladlers“ wie verhaltenes Weinen, und langsam
152 2272 925 2330 sie ständisch=militärische Satisfaktion und die
1970 2278 3005 2328 kann. Endlich der unheimliche und unerbittliche Herr von
934 2288 1962 2347 senkte sich die Stimmungslinie bis zur tiefsten seelischen
1970 2313 2993 2377 A. Fischer=Streitmann, dem Haß und Vernichtungs¬
159 2312 932 2364 Voraussetzung, einer Vergangenheit an, die
935 2327 1958 2383 Erschütterung. Neben der sicheren Führung des Spiel¬
148 2348 924 2408 die furchtbare Kriegszeit in eine so fremde
1966 2366 2492 2420 wille aus den Augen glühte.
937 2363 1958 2424 leiters, der auch die kaum angedeuteten Erkenntnisse des
153 2394 923 2441 ist, daß wir die unerbittliche Logik des Ge¬
2015 2369 3007 2442 Schade, daß die ausgezeichnete Künstlerarbeit sich in
935 2398 1969 2459 Dichters in bewegtes Leben umzusetzen verstand, danken
142 2418 931 2490 ück des Wiener Dichters kaum mehr verstehen.
1964 2427 2989 2482 der einmaligen Kammerspielaufführung erschöpfen muß;
943 2439 1966 2506 wir den geschlossenen und packenden Eindruck der großen
160 2463 932 2523 r Fabel und Handlung steht, das rein Mensch¬
1969 2455 2997 2519 wäre dieser Raubbau an unsern besten Kräften nicht
937 2479 1965 2533 und menschlich schönen Leistung Christine Reisingers,
1972 2495 2997 2559 wenigstens dadurch zu mildern, daß man das immer noch
150 2494 939 2564 jung und erschütternd, so lange es liebende
936 2514 1962 2579 die dem innerlich mitgehenden Ensemble Ton und Haltung
1965 2539 2993 2599 ergreifende Werk auch im großen Haus durchs Abonnement
165 2542 938 2600 Immer gibt es Herzen, die sich verschwen¬
944 2569 1964 2618 wies. So kleinmädchenhaft sie sich um ihren Fritz bemühte,
1969 2577 3002 2637 gehen ließe? Das glänzend eingespielte Ensemble würde,
155 2579 931 2644 ganzes Sein einsetzen, wo es dem Partner
945 2591 1963 2652 man spürte aus der leifesten Geste, aus dem verhaltenen
149 2616 943 2672 flüchtige Wallung, ein rasches und mit der
1965 2623 2337 2691 das wohl verdienen.
944 2630 1962 2690 Timbre ihrer Stimme die Echtheit des Gefühls das Schick¬
155 2647 936 2709 eder abflauendes Begehren gilt. Schnitzler
952 2667 1970 2729 salhafte ihrer Liebe Schlicht, rührend im Beginn kennt
151 2692 940 2753 Zwiespalt in seinem Stück mit einer feinen
941 2690 1974 2768 sie im Grunde ihr Schicksal, das Mädchenschicksal, schon im
156 2732 945 2794 stik bis zur Tragik der Selbstvernichtung. Aus
949 2740 1977 2802 Glück. Noch ein Weilchen möchte sie den Geliebten für sich
142 2767 936 2845 gen eines Verhältnisses mit einer verheirateten,
943 2782 1985 2846 haben, bevor er sie verläßt. Aber der Einbruch ist zu stark,
145 2795 941 2879 gen Dame der Gesellschaft möchte sich der
946 2823 1990 2882 ihre Trauer schlägt in zornige Verzweiflung um; dieser
145 2834 936 2917 Pbheimer in die Arme eines einfachen Mäd¬
942 2859 1991 2913 elementare Ausbruch mit dem Schrei des zutode getroffenen
153 2879 942 2956 n Volk flüchten, das er in der Gesellschaft
947 2892 1979 2952 Tieres war der stärkste und sicherlich jedem lange in Er¬
154 2922 940 2971 Freundes Theodor kennen gelernt hat. Er
952 2930 1978 2995 innerung bleibende Eindruck der darstellerischen Gestaltung.
150 2956 942 3027 wohl er sich aus den früheren Verstrickungen
946 2975 1997 3037 In Wilfried Scheitlin hatte sie den Partner, der ihre
145 2978 935 3069 n können. Das Mädchen liebt ihn mit der
946 3005 1993 3070 Hingabe an den einen Menschen glaubhabt machte. Dieser
155 3033 949 3095 #ligkeit einer ersten jungen Liebe, aber unser
949 3043 1995 3112 junge Mann hat in der sehr sympathischen Verwirklichung
156 3071 937 3141 bedrückt; er hat sich in eine Schuld einge¬
954 3089 1984 3150 des begabten Darstellers bei aller sogenannten Erfahrung
159 3111 945 3172 s dunkle Drohung über ihm steht und die
957 3118 1990 3183 mit Frauen keine Ahnung, was wirkliche Liebe ist; auch zu
156 3141 944 3219 ieder das Zusammensein mit dem „süßen
960 3159 1995 3222 Christine trieb ihn mehr Ueberdruß als echtes Gefühl;
158 3184 947 3249 sibt. So stehen die Dinge, als das Unheil
167 3186 1992 3288 einer Duellforderung mitten in ein fröhlich= doch es steigert die Tragik des Geschehens, daß er uns
171 3266 1995 3323 Festchen der jungen Leute platzt. Das Ver= fühlen ließ, wie bei ihm auch die echte Flamme aus dem
167 3268 1988 3365 kränkten Gatten läßt keinen Zweifel offen, Flackerlichtchen der Liebelei emporwuchs. Gutherzig, zu
174 3314 1991 3403 Fant sein Verschulden mit dem Leben büßen Zärtlichkeit geneigt, hübsch und wohlerzogen muß der
172 3345 1993 3440 der Abschiedsstimmung erst erkennt er das Leichtfuß ohne böse Absicht zum Herzensbrecher werden.
964 3387 1997 3448 Aus im Gegensatz sind die Gestalten gut abgestimmt, die
166 3403 958 3491 n durch die liebliche Christine hätte erblühen
175 3424 1998 3514 es ist zu spät; von der Nichtsahnenden weg lebe#stige Schlagermizi, schon etwas abgebrüht und mit
172 3461 1988 3553 n Tod. Sein Ende trifft das Mädchen wie der Freude des Augenblicks zufrieden, muß mit ihrer zwei¬
164 3497 1993 3610 Keulenschlag; sie hat zwar gefühlt, daß ihr  felhaften Erfahrung und ihrer resignierten Unbekümmert¬
