3436 4192
397 142 758 214 Liebelei
211 136 1349 253 5. 1 box 12/4
264 623 535 693 sscHMI.
604 655 1128 758 La Tribuna, Roma
260 699 662 780 n: ·S 1 1914
428 766 475 819 1
762 898 1169 990 VIENNA, gennato.
332 952 1165 1027 Al Volksoper di Vienna, la prima novità
306 1008 1172 1050 qest’anno fu un’opera in prosa; drammatur¬
418 1049 1173 1098 compositore due tedeschi austriaci;
303 1072 1173 1139 Grammaturgo e non librettista, perché si trat¬
309 1120 1176 1169 ta nientemeno che del piu illustre autore
301 1156 1182 1212 drammatico viennese dei nostri giorni, di
308 1190 1177 1236 Arturo Schnitzler, e Ziebelei (Amoreggia¬
302 1229 1174 1286 mentihg iPrimo grande successo tea¬
310 1268 1173 1313 trale (1896), il dramma della vita specifica¬
301 1289 1187 1351 mente viennese dagli amorucei facili, legge¬
295 1337 1169 1387 rie spensierati, che alle volte si mutano in
306 1370 1160 1416 tragedie, per esser messo in musica non cam¬
301 1408 1173 1450 bio punto le sue forme primitive naturalisti¬
294 1444 1165 1511 che, rimase quale Schnitzler l’aveva scritto,
302 1482 727 1521 non divenne libretto.
342 1505 1171 1574 E forse da qui l’insuccesso dell’opera Liebe¬
304 1539 1181 1603 lei del maestro Francesco Neumann, diret¬
299 1587 1168 1626 tore d’orchestra al teatro di Francoforte. LI¬
298 1622 1167 1680 dea del dramma é dirica, pud esser ispira¬
309 1670 1166 1708 trice di bellezze musicali: un amore da stu¬
307 1695 1167 1743 dente per dina brava ragazza di sobborgo,
301 1734 1177 1786 Un amore, sche sta sorgendoe divampando.
304 1771 1175 1811 mentre se he estingue un altro dello stesso
296 1811 1179 1862 studente per una signora maritata; ma trop¬
304 1841 1171 1889 po tardi, perche il marito ha trovato nella
311 1877 1181 1921 corrispondenza di sua moglie le prove del
315 1903 1174 1962 tradimento e in duello uccide l’ex-amante; la
312 1952 1175 1986 ragazza del parossismo della disperazione al
309 1986 1176 2030 pensiero assillante, che il suo amato & mor¬
309 2021 1179 2074 to per un'altra donna e ch’ella fu soltanto
312 2053 1172 2109 un passatempo nella sua vita, fugge dalla
317 2093 1170 2153 casa paterna in cerca della morte anche lei.
332 2127 1161 2172 Ma Schnitzler, quando serisse il dramma,
304 2156 1178 2220 non aveva pensato, che qualeuno avrebbe
304 2201 1178 2250 voluto rivestirlo di musica. Libretti in pros
307 2240 1178 2291 ve ne furono e ce ne sono, dalla Dannazio¬
303 2274 1184 2341 ne di Faust # di Berlioz, alla & Louise  di
311 2317 1169 2360 Charpentier e alla  Salomé , straussiana,
301 2343 1181 2397 per non andar in cerca ora di altri; ma so¬
306 2386 1168 2432 no libretti di prosa poetica, pensati e scritti
309 2411 1177 2475 per la musiea. II naturalismo invece del
302 2458 1183 2504 dramma di Schnitzler à tale in certe parti
298 2497 1177 2543 dei suoi dialoghi viennesi, che al contatto
299 2524 1172 2579 con la musica alle volte appare ed é unz
310 2563 1181 2600 volgarità e alle volte crea situnzionj e comr
312 2606 1177 2658 trasti, che la miglior arte non saprebbe vinl
308 2643 435 2688 cere.
334 2668 1179 2718 Pare, che Schnitzler, secondo quanto dico¬
313 2702 1174 2759 no i giornali, si sia schermito alenn tempo
316 2746 1172 2795 prima di cedere alle insistenze del maestro
312 2775 1177 2828 Neumanne prima di dargli il suo consenso.
312 2811 1176 2866 Questi. che da semplice operaio, credo gar¬
314 2866 1183 2903 zone fornaio, seppe con studio assiduo con¬
317 2889 1189 2946 següire un posto cospieuo nel mondo musica¬
314 2924 1180 2977 le tedesco e affermarlo con due sue opere
321 2948 1180 3009 precedenti • Périge ll fidanzamento v. s’e¬
320 2990 1180 3050 ra innamorato del soggetto popolare di Vien¬
312 3039 1186 3085 na, ove aveva passato gli anni della sua gio¬
320 3062 1185 3119 vinezza, e fece del suo meglio nel metterlo
309 3108 1176 3158 in mustca. Altrove, in Germania placque:
316 3141 1187 3198 anche çui la critica in gran parte non gli
312 3185 1186 3239 si mostrh ostile: ma l’epern dopo poco di¬
329 3217 1187 3269 sparve Gai cartelloni del teatro: il pubblico
320 3254 1158 3303 la gindicd, sconfesso ancora una volta
316 3284 1180 3337 criticj non sempre imparzialj dei giornali
321 3323 1188 3377 viennesi. T.istrumentazione, T’elaborazione
325 3352 1190 3412 tecnica dell’orchestra era buona, denotava il
317 3401 1188 3446 maestro provetto: mancava l’ispirazione me¬
315 3410 1196 3477 Jodica continnata, pervadente T'azione e 13,
317 3473 1198 3526 parola: quella prosa non ha potuto darglielz!
671 3538 806 3602 * *
2042 695 2396 787 W
2465 673 2982 798 0M 11 3
2796 846 2914 908 961
1507 929 2268 1015 Theater, Kunst und Musik.
1513 992 2917 1063 Volksoper. Zum ersten Male: „Liebelei“. Oper in drei Akten nach dem
1627 1046 2913 1120 gleichnamigen Schauspiel von Arthur Schnitzler. Musik von Franz
1624 1086 2252 1134 Neumann (14. Oktober 1913).
1624 1125 2918 1187 Seit der „Traviata“ gab es keinen so guten Stoff für eine
1499 1182 2914 1235 moderne, veristische Oper. Das einfache, geradlinige, schlagkräftige
1510 1234 2916 1285 Stück mit seinem anmutig=wienerischen Getändel und seinen
1508 1290 2915 1347 starken Szenen voll Gefühl und Leidenschaft — es weist auch
1498 1335 2920 1383 ganz bestimmte, klar ausgesprochene Beziehungen zur Musik auf:
1500 1377 2911 1425 Klavier und Geige, Lied und Tanz, ein Militärmarsch, eine
1504 1428 2910 1480 Schubertbüste sind Bestandteile der Handlung, der Szenerie, des
1501 1487 2918 1539 Dialogs. Der Dichter hat es eigens darauf angelegt, die weichen
1500 1529 2908 1578 und wohligen Stimmungen des musikalischen Wien für den Leicht¬
1514 1578 2912 1632 sinn und die Empfindsamkeit seiner Personen mitverantwortlich
1498 1632 2915 1691 zu machen. Wie aber dieser Dunst von gedankenloser Verliebtheit
1502 1676 2919 1726 und fast kindischer Daseinsfreude sich allmählich zur tragischen
1508 1725 2916 1778 Gewitterwolke zusammenballt, das ist in der Tat ein Seitenstück
1503 1778 2911 1840 zur „Traviata“, die auch ein verwandtes ethisches Problem zur
1505 1822 2907 1875 Darstellung bringt. Jeder geschickte Musiker kann sich aus Schnitzlers
1508 1887 2909 1943 „Liebelei“ ein brauchbares Libretto formen. Das Seelische, das
1504 1923 2908 1974 Gemütvolle müßte in der Oper allerdings breiter an= und aus¬
1504 1976 2906 2034 klingen, als in dem etwas wortkargen, mit feiner Absicht und
1509 2022 2910 2076 mit bedeutender Wirkung auf den Alltagston gestimmten Drama.
1500 2070 2917 2119 Aber die Form der Opernarie bietet sich da von selbst. Und ebenso
1508 2117 2903 2182 der Wiener Walzer für die poetische Grundstimmung, für „Milien“.
1504 2171 2919 2226 und Hintergrund. Das Werk dürfte viel lustiger, viel prickelnder
1503 2219 2895 2259 beschaffen sein, als die „Traviata“; die Schlager Mizzi dürfte —
1497 2266 1583 2328 ja
1590 2264 2917 2327 sollte — geradezu Couplets singen. Umso schärfer käme der
1504 2321 2907 2381 Gegensatz Mizzi und Christine, „süßes Mädel“ und wahrhaft
1497 2357 2905 2420 Liebende in der Musik zum Ausdruck. Diese Gegensätzlichkeit des
1495 2411 2915 2470 musikalischen und zumal des gesanglichen Ausdruckes wäre die
1498 2467 2910 2529 einzig richtige, unmittelbar verständliche musikalische Darstellung
1505 2519 2915 2577 des dramatischen Inhalts. Das Stück hätte in früheren Zeiten
1495 2577 2908 2625 auch den Titel „Leichtsinn und Liebe“ erhalten können. Und der
1496 2611 2909 2658 Leichtsinn in der Musik ist am vollkommensten durch die Operette
1507 2666 2909 2707 ausgedrückt. Also mehr tragische Operette, als Oper — das
1510 2711 2672 2756 wäre hier die Aufgabe. Wie hat sie Neumann gelöst?
1621 2761 2909 2828 Er hat die Dichtung Schnitzlers Wort für Wort mit allen
1496 2818 2908 2874 Nüchternheiten und Nichtigkeiten der gewöhnlichen Umgangs¬
1500 2860 2913 2914 sprache, deren sich die handelnden Personen bedienen, in Musik
1504 2911 2901 2968 gesetzt! Auch Richard Strauß, Dukas, Debussy haben Prosa
1494 2961 2888 3021 komponiert; aber die rhythmisch gesteigerte Prosa der „Salome“,
1491 3010 2896 3051 des „Blaubart“ des „Pelleas“ mit ihrem romantischen Inhalt.
1494 3057 2913 3106 Und die verstiegensten Musikdramatiker der neuesten Zeit haben
1504 3106 2901 3156 für Heiteres, Volkstümliches immer noch die Liedform bei¬
1496 3155 2901 3218 behalten. Die will sich auch ganz von selbst einstellen, wenn die
1494 3203 2909 3268 Schlager Mizzi irgend eine freche oder naive Bemerkung macht.
1489 3254 2919 3334 Das Orchester beginnt einen Walzer oder eine Polka, und die
