3392 4224
413 220 756 302 Liebele
241 220 1385 348 5. 1 box 10/2
1967 111 3256 217 S
1959 195 3249 264 Nachlasse des durch eigene Hland gefallenen Freunies vorfindet, plötzlich
1953 227 3260 310 Nachricht davon. Er stellt die Frau zur lede, doch es wird ihm von
1960 286 3258 357 ihr bedeutet, dass sie ihre Pllicht stets gekannt habe und dass er diese
1946 333 3252 402 Frage nicht mehr berühren solle. Der Mann aber, der seine Gattin
1955 383 3253 452 leidenschaftlich liebt, fragt wieder, und nun bricht die Katastrophe
1953 424 3261 488 herein; die Gattin erklärt ihm, dass sie niemals eine Neigung zu ihm
1953 489 3258 545 gehegt, dass sie stets den Anderen im Herzen getragen habe und dass
1954 527 3260 574 sie auch den Todten noch liebe; es sei ihr eine Wonne, ihm all dies zu
1951 572 3248 637 sagen, und sie verlasse mit Freuden sein Haus, um niemals wieder¬
1946 629 3250 684 zukehren. Offenbar hat Giacosa für sein einactiges Drama einen wirk¬
1941 673 3251 726 samen Schluss gebraucht und darum so kräftige, wenn auch unvermittelte
1941 720 3255 792 Accente verwendet. Wo ist denn die Ursache der teuflischen Freude,
1942 761 3256 828 mit der das Weib seinem liebevollen Gatten eine so furchtbar tiefe
1946 808 3259 891 Wunde schlägt: Ist’s etwa die allzu grosse Vertrauensseligkeit des
1952 862 3257 932 schwachen Mannes, der die Herzensregungen seiner Gattin zu spät ent¬
1953 897 3248 954 deckt? — Die Argumentation fehlt, das Drama bleibt ein Torso, ein
1954 955 3258 1018 Rumpf, mit dem nichts anzufangen ist, ein verunglückter Versuch. Und
1944 1001 3247 1048 von dem Bedenken gegen die dramatische Technik abgesehen, wie
1945 1048 3255 1121 jämmerlich sind beide Charaktere! Das Weib, das verkörperte egoistische
1941 1111 3255 1170 Princip, die Gefühllosigkeit in persona, der Mann ein elender Schwächling,
1946 1139 3252 1218 der gerade im Augenblicke, da ihm die ehelich angetraute Frau den
1944 1188 3248 1251 Seelenfrieden roh zerstört, auf den Knien um ihre Gunst bettelt — wo
1944 1232 3255 1289 bleiben da die Rechte der Seele? In Fr. Johanna Buska hatte das Stück
1951 1277 3247 1362 eine kräftige Stütze; die Darstellerin wusste der Heldin so viel Würde und
1952 1320 3260 1399 Seelenadel zu verleihen, dass die Hörer über den Mangel an einheitlichem
1946 1370 3242 1455 Wesen dieser Gestalt hinweggetäuscht wurden. Auch die Leidenschaftlich¬
1944 1435 3255 1485 keit der letzten Scene brachte die Künstlerin völlig zur Geltung. Eine
1940 1466 3243 1544 undankbarere Rolle war Herrn Kirch zugefallen, aber er spielte den
1936 1527 2969 1571 unmännlichen Gatten doch so wirkungsvoll wie möglich.
2048 1561 3245 1642 Eine völlig andersgeartete Sphäre ist es, in der sich das Arthur
1968 1622 3245 1692 Schnitzier'sche Drama „Liebelei“ bewegt. Ein leichtsinniger, lebens¬
2018 1676 3258 1743 Tiger und ein mehr schwärmerisch beanlagter junger Mann sind
1941 1718 3248 1782 ##trennliche Freunde. Jener warnt diesen oft, sich nicht von einem
1943 1765 3257 1833 Weibe bestricken zu lassen, sondern mit mehreren sein Spiel zu treiben,
1936 1810 3246 1883 was niemals so verhängnissvoll werden könne. Indess hat eine junge Frau¬
1940 1862 3249 1926 des empfänglichen jungen Mannes Herz erobert und hält es in ihrem
1928 1902 3257 1966 Banne. Der Freund sucht ihm, um ihn zu zerstreuen und von dieser
1941 1956 3244 2008 Leidenschaft zu befreien, andere Damengeseltschaft und nähert ihn einem
1926 2006 3251 2067 jungen, hübschen, unschuldsvollen Mädchen, das sich unbewusst in Gesell¬
1942 2058 3252 2109 schaft eines lockeren, leichtfertigen, weiblichen Wesens befindet. Hier
1934 2102 3249 2150 hätte nun eine lichtvollere Lebenefortsetzung erfolgen können, nicht nur
1932 2135 3245 2189 von Seiten des schwermüthigen jungen Mannes, der sogleich an dem
1939 2197 3245 2245 Mädchen Wohlgefallen findet, sondern auch von Seiten des Mädchens,
1941 2241 3231 2289 das als Tochter eines armen, biederen Musikers bisher jede Freude ent¬
1932 2286 3237 2344 behrt und nun in dem warmen Gefühle der Liebe alle Wünsche und
1942 2326 3235 2397 Sehnsuchten erfüllt findet. Während die beiden leichtsinnigen Naturen
1933 2385 3239 2437 scherzen und tändeln, finder sich die beiden anderen zu halbernstem
1938 2429 3244 2484 Gespräche zusammen. Doch der Glücksfaden, der kaum gesponnen worden,
1934 2479 3233 2543 reisst mitten entzwei; der Gatte der jungen Frau nimmt an dem Räuber
1932 2532 3238 2584 seiner Ehre Rache und tödtet ihn im Zweikampfe. Dem armen, guten
1935 2579 3241 2622 Geschöpfe bleibt nicht einmal der Trost, dass sein Geliebter um seinet¬
1931 2620 3241 2691 willen aus dem Leben geschieden; in ihrer Verzweiflung entflieht sie aus
1938 2670 3244 2717 dem Vaterhause und gibt sich selbst den Tod. — In diesem Werke athmet
1926 2721 3236 2773 Alles echtes, blutdurchströmtes Leben: der brave, herzadelige Musiker, der
1932 2771 3240 2832 seinem Kinde nicht nachspüren will, um ihm nicht durch Vergällen des
1923 2816 3234 2866 Lebensfrühlings die Herbheit des Lebensherbstes empfindlicher zu machen,
1930 2871 3238 2926 seine engelsreine, unschuldssüsse Tochter und nicht minder die übrigen
1932 2903 3240 2976 Gestalten. Dabei Humer und Ernst so prüchtig harmonisch vereinigt!
1929 2963 3231 3010 Kurz, der Wiener Dichter hat hier ein vortreffliches Werk geschaffen.
1931 3002 3230 3066 Und wie vortrefflich war auch die Aufführung! Herr Tauber gab dem
1928 3060 3232 3116 jugendlichen, leichtsinnigen Lebemanne in allen Theilen seiner Dar¬
1929 3107 3221 3151 stellung die entsprechende Färbung und Frl. Moller zeichnete das
1928 3151 3226 3211 lockere Mädchen mit gleichem Verständnisse. Hr. Gregory, der den
1929 3196 3230 3256 schwärmerischen jungen Mann spielte, hätte sich mitunter in seine Rolle
3226 3203 3312 3278 jün
1916 3244 3331 3334 mehr vertiefen sollen, so etwa, wie es Hr. Reucker (der arme Musiker) Auf
1671 3311 2195 3378 UND Thbarenzrieye.
1675 3376 2965 3466 that. Selten kommt der Kritiker in die Lage, eine schauspielerische
1671 3426 2967 3511 Leistung so ganz aufrichtig bewundern zu können, doch wer nicht in der
1674 3471 2979 3552 Darstellung des Frl. Rosa Fasser (Tochter des Musikers) die vorkörperte
1666 3515 2984 3588 Poesie des wahren Mädchenthums erblickte, der besass fürwahr nicht
1669 3565 2980 3650 die Fähigkeit. Kunst zu geniessen; da musste der Hand des boshaftesten
2709 3612 2949 3681 Victor Joss.
1678 3627 2572 3707 Krittlers der ruchlose Recensentenstift entgleiten.
