3436 4192
200 126 733 212 5. Liebelei
364 124 1330 245 — box 12/4
1788 662 1856 714 er
1885 75 2912 118 Verfahren auch auf Schnitziers „Liebele anwenden
1873 112 2911 164 zu dürfen. Wenn aber drei das Gleiche tun, so ist
1869 156 2913 213 es noch seltener dasselbe, als wenn es nur zwei
1873 197 2919 248 tun, und gründlicher hätte der Ausspruch Richard
1877 248 2909 295 Wagners, im Musikdrama werde sich ewig neu
1879 280 2922 345 erfinden lassen, kaum verkannt werden können, als es
1873 325 2923 376 durch Franz Neumann geschehen ist. Man weiß, daß
1884 365 2918 412 Richard Wagner aus der Gegenwart nur darum sich
1870 403 2914 452 in die Vergangenheit flüchtete, um in der Darstellung
1879 452 2917 493 und Beseelung des Rein=Menschlichen nicht durch den
1880 497 2926 549 Zwang zur Schilderung der konventionellen Begleit¬
1884 535 2901 587 erscheinungen gehemmt zu sein. Sowohl „Salome“
1887 572 2903 633 und „Elektra wie auch „Pelleas und Melisande“
1875 624 2925 675 sind der Gegenwart entrückt und in ihrer stilisierten
1872 669 2932 720 Sprache war von vornherein Musik gebunden. Anders
1881 703 2925 758 bei Schnitzlers „Liebelei“. Sie spielt in der Alltags¬
1878 751 2930 795 prosa der Gegenwart, und hat der Komponist im
1884 791 2925 840 Einverständnis mit dem Verfasser auch einige Striche
1876 835 2925 884 im Text vorgenommen, so blieb noch genug des Kon¬
1873 879 2919 942 ventionellen übrig, dessen Schilderung dem Geist der
1877 921 2266 979 Musik widerspricht.
1960 976 2930 1035 Mit dieser Feststellung ist auch schon das Wesentliche
1883 1028 2928 1075 ausgesprochen, das das Werk Neumanns zu einem
1875 1067 2926 1117 groben künstlerischen Irrtum stempelt, und es hat
1877 1113 2929 1167 daneben nichts zu besagen, daß der Komponist, dank
1885 1150 2926 1204 seiner zehnjährigen Praxis als Operndirigent, mit be¬
1883 1194 2926 1243 merkenswerter Geschicklichkeit sein unkünstlerisches
1873 1225 2935 1296 Verfahren verschleiert. Die tiefe Kluft zwischen dem
1882 1278 2932 1331 musikalischen Pathos in der Ausmalung der tragischen
1883 1324 2935 1376 Stimmungen und den kleinen Tonscherzen, die dem
1890 1366 2926 1422 Realismus des Alltags gerecht werden wollen, bleibt
1891 1411 2930 1460 dennoch bestehen, und was in der Operette als
1890 1455 2928 1506 parodistischer Stil Berechtigung hat, berührt hier wie
1891 1501 2932 1551 ein Fremdkörper, wie ein unlauterer Wettbewerb mit
1882 1537 2934 1595 Ziehrers Bierkonzerteffekten im „Traum des Reser¬
1895 1584 2935 1629 visten“, ob nun Theodor, einen Kellner spielend,
1884 1626 2929 1667 Wein eingießt und das Orchester dazu das
1884 1663 2936 1710 Glucksen imitiert oder ob Fritz auf dem Klavier den
1891 1709 2928 1758 Doppeladlermarsch mit Feylgriffen und Gedächtnis¬
1890 1754 2941 1801 schwächen improvisiert. Wo die Situation nach lyri¬
1894 1801 2940 1859 schem Erguß schreit, werden flüchtige Ansätze um eines
1887 1840 2926 1891 falsch verstandenen Realismus willen durch die Ver¬
1882 1889 2930 1942 tonung der belanglosesten und banalsten Zwischen¬
1882 1930 2928 1982 reden im Keime erstickt, und wo endlich die tragische
1878 1974 2937 2028 Grundstimmung zum Durchbruch gelangt, da tritt die
1885 2015 2934 2060 alte sentimentale Oper in ihre Rechte, freilich ohne
1887 2054 2934 2108 die unmittelbar zwingende Wirkung einer hin¬
1883 2106 2796 2159 reißenden Melodik. Leicht und seicht und in
2801 2082 2953 2151 allen
1893 2153 2930 2204 Zungen redend, nur nicht wienerisch, fließt die Musik
1881 2199 2934 2242 zwischen Wagner und Puccini dahin, da einen Brocken
1894 2236 2940 2277 Massenet mit sich führend, hier ein altes deutsches
1891 2275 2940 2326 Volkslied, und wie drohend und dröhnend beim Er¬
1894 2317 2939 2364 scheinen des „Herrn“ das Nahen des rächenden Schick¬
1894 2364 2931 2412 sals im Orchester mit Pauken und Posaunen ange¬
1890 2399 2943 2456 kündigt wird, der stumme Auftritt Mitterwurzers bei
1895 2446 2936 2516 den Aufführungen des Schauspieles im Burgtheater
1888 2491 2702 2556 hatte dennoch ungleich schnurriger gewirkt.
1969 2537 2930 2602 Die Volksoper war redlich bemüht, das Werk
1892 2575 2939 2636 zum Erfolg zu führen, und nach dem Beifall zu
1897 2630 2939 2682 schließen, der gestern die Darsteller und den Kom¬
1886 2677 2937 2721 ponisten nach den Aktschlüssen umjubelte, schien die
1899 2718 2935 2774 Sentimentalität der Vorgänge auch in der Veroperung
1893 2766 2832 2818 ihre Schuldigkeit zu tun. Die Damen En
1888 2799 2452 2867 Roeder als Christine
2453 2801 2582 2855 und
2585 2802 2941 2862 Mizzi deckten
1893 2840 2918 2901 sich in Erscheinung und Spiel wohl nicht ganz
1899 2884 2946 2934 mit den landläufigen Vorstellungen vom süßen
1900 2929 2462 3000 Wiener Mädel. Allein
2516 2932 3017 2999 dem Werke ist—
1973 2984 2924 3032 wenig mehr wienerisch, daß man diesen
1892 3025 2938 3078 Mangel gar nicht empfand. Für den unglücklichen
1886 3069 2932 3121 Fritz setzte sich Herr Lußmann mit seinem warm
1884 3109 2923 3156 quellenden Tenor ein und den lustigen Theodor gab
1886 3152 2934 3203 Herr Brand in guter Haltung. Nur Herr Bandler
1894 3190 2907 3239 wußte mit dem Musikus Miller — Verzeihung! —
1891 3234 2929 3293 Weiring nichts Rechtes anzufangen und hing mit
1885 3272 2931 3343 ängstlichen Blicken am Souffleurkasten. Die zwei Ge¬
1882 3324 2918 3377 mächer, die Jung= und Alt=Wien zu charakterisieren
1880 3367 2939 3429 hatten. waren von Direktor Rainer Simons, dem
2252 3497 2397 3548 —
1894 3533 2954 3593 Leiter des Spieles, geschmackooll gestellt und Kapell¬
1906 3585 2955 3637 meister Tittel waltete mit Umsicht und Schwung
1907 3636 2949 3680 seines Amtes. Großen Anteil am Erfolg hatten auch
1910 3678 2952 3729 die im Schweiße ihres Angesichts klatschenden Lands¬
1899 3721 2744 3786 leute des Herrn Neumann aus — Proßnitz.
1911 3778 2919 3868 Deutsches Volkstheater. Gestern erschien 9
