3436 4224
338 178 712 248 Liebelei
854 184 1282 271 box 13/1
306 234 724 289 ee ee e se e en en
245 1198 388 1313 □
457 1312 1109 1412 Dr. Max Goldschmidt
461 1393 1086 1481 Büro für Zeitungsausschnitte
286 1447 561 1527 BERLIN N 4
813 1471 1268 1548 Telefon: Norden 3051
602 1564 956 1644 Ausschnitt aus:
402 1621 1134 1715 Berliner Lokal-Anzeiger
822 1850 1022 1933 na
339 1933 1257 2016 Schnitzlers „Liebelei“ im Film.
385 1997 1245 2072 Es ist erstähnlich, wieviel von dieser Wiener
349 2054 1264 2112 Luft, die das Schauspiel Arthur Schnitzlers um¬
358 2098 1280 2154 weht und es im Grunde eigentlich- überhaupt
356 2128 1253 2184 erst erträglich macht, in diesem Film gefangen
521 2171 1248 2216 ist ja doch bei Schnitzler immer so, daß
349 2211 1244 2264 alle diese Studenten Millionäre sind und eigent¬
348 2249 1245 2296 lich keinen anderen Beruf haben als den, schöne
355 2284 1258 2338 Frauen zu verführen oder sich von schönen
347 2314 1259 2382 Frauen verführen zu lassen. Im Grunde — wir
342 2354 1242 2416 Chatten das nur nicht so gemerkt — waren sie
343 2393 1263 2447 alle Vorfahren von Filmhelden. So ergab sich
356 2435 1253 2481 denn die Uebertragung von der Bühne auf die
346 2475 1257 2523 flimmernde Leinwand leichter, als man vielleicht
345 2512 1243 2563 gedacht hatte. Es entstand ein feiner, mit zurück.
359 2550 1245 2588 haltenden Mitteln arbeitender Film, dessen
356 2588 1247 2630 Regie L. Fleck sehr klug und angenehm betreut
352 2636 1239 2676 hatte. Evelyn Holt als Christine, aus deren
345 2666 1243 2710 Figur auch bei Schnitzler alle Ströme echter
348 2709 1244 2754 Rührung kommen, gab die Figur der Christine
343 2734 1238 2793 schlicht und sehr eindringlich. Sie verzichtete fast
355 2781 1236 2824 auf jedes Filmmittel und wirkte so gerade durch
339 2819 1239 2873 sanfte Natürlichkeit außerordentlich stark.
346 2851 1236 2899 Louis Lerch als Student und Millionär,
351 2891 1243 2945 Robert Scholz als betrogener Mann und
341 2920 1245 2986 Vivian Gibson als Frau ohne Seele, die
338 2973 1239 3020 bei Schnitzler hinter dem Vorhang bleibt, stan¬
335 3012 1249 3063 den gut und ausdrucksvoll in ihren Rollen. Zu¬
348 3058 1242 3104 weilen allerdings hätte man bei diesem Film,
343 3086 1232 3128 der durchaus literarisches Niveau hält, ge¬
339 3109 1238 3166 wünscht, daß an Stelle des modernen Kostümes die
335 3153 1236 3203 Kleidung der verklungenen Zeit gewählt worden
342 3194 1245 3249 wäre, Zin der die leichtsinnige Melancholio
342 3237 1228 3302 Schnitzlers ihre größten Triumphe feiert. —dt.
1733 1357 1861 1536 6
1906 1479 2557 1575 Dr. Max Goldschmidt
1922 1551 2547 1630 Büro für Zeitungsausschnitte
1726 1610 2021 1684 BBRLIN N4
2275 1628 2717 1707 Telefon: Norden 3051
2054 1716 2392 1797 Ausschnitt aus:
1760 1774 2694 1880 Deutsche Tageszeitung, Berlin
1962 1910 2378 2031 16. Marz 19271,
2054 2026 2327 2108 „Liebelei.“
1660 2063 2807 2160 Die Kleindramatik Schnitzlers, seinen fein zugespitzten
1586 2142 2814 2216 Dialog, der bei ihm die Handrungersetzt, im Film durch Bilder
2603 2160 2808 2208 bei aller
1595 2173 2605 2230 zu ersetzen, ist ein=gewagtes Experiment, und es ist —
1608 2182 2817 2263 wohlwollenden Objektivität gegen die Drehbuchverfasser und den
1603 2230 2816 2296 Regisseur muß es gesagt werden — in dem neuen Hegewald¬
1607 2273 2809 2350 film „Liebelei“ der im Primuspalast zur Erstaufführung
2159 2317 2187 2341 —
1599 2317 2682 2373 gelangte, nicht gelungen.] Da hätten starke Bilder herausge
1588 2350 2741 2428 stet werden müssen, so aber ist das Kolorit schwach, dem Gesch
1609 2396 2734 2455 nis fehlt das Tempo und vor allem die dramatische Steigern
1596 2432 2745 2513 Von Schnitzlers Geist haben die Autoren H. Juttke u
1602 2458 2827 2543 C. Klaren wenig übernommen] Die Regisseure J. und L. Fleck
1614 2501 2819 2568 verlieren sich in zierlicher Kleinmalerei, die namentlich im An¬
1623 2531 2816 2610 fang das Interesse durch die Länge des Filmbandes erlahmen
2783 2562 2825 2630 1
1606 2576 2697 2655 läßt. (Und doch ist gerade die „Liebelei“ das Werk Schni
1602 2619 2682 2701 das einst die stärkste Wirkung hatte und wohl auch am li
1611 2653 2678 2742 von allen Lebenswert haben wird. Trotz unzweifelhaft
1602 2687 2700 2780 Qualitäten sind auch die Darsteller keine Schnitzlerfiguren.
1609 2719 2827 2818 hier war die Auswahl nicht glücklich. Louis Lerch ist gewiß ein
1614 2757 2834 2837 guter Schauspieler aber ihm fehlt hier alles zu dem leichtsinnigen.
1616 2825 2843 2891 Melancholiker Lobheimer. Ueberragend ist die Leistung Vivian¬
1598 2906 2815 2987 Gibsons als Doris. Da ist jede Bewegung durchdacht, das gans
1595 2950 2819 3027 Spiel durchgeistigt. Die jugendliche Evelyn Holt (Christine) ist
1595 2992 2813 3079 wirklich gutes, aber noch unreifes Material. Der Regisseur hat
1597 3023 2823 3104 hier jede Unterstützung unterlassen. Und doch kann gerade aus
1607 3063 2820 3131 ihr bei richtiger Führung noch viel werden. Sehr nett ist Hilde
1598 3108 2833 3174 Maroff als Mizzi Schlager. Auch Henry Stuart kann nicht als
1607 3138 2834 3214 Schnitzlerfigur bezeichnet werden. Gut sind Jaro Fuerth (Wey¬
1608 3198 2857 3273 ring), Robert Scholz (Velten), Platen (Franz). Die Phoko¬
1587 3220 2714 3321 graphie Höschs verdient lobend hervorgehoben zu werden. —
