3436 4192
2098 34 2465 118 iebelei
1906 16 3037 167 5. L####. box 13/3
380 255 649 335 Nr. 14.101
1139 252 1387 348 Dienstag
357 336 1598 426 er schnarche so schr, daß des eine Forsetzung des chelchen
352 392 1592 459 Zusammenseins unmöglich mache. Vor die Wahl gestellt, die
356 436 1589 502 Polypen aus der Nase herausoperieren zu lassen oder das
355 491 1578 565 Risiko einer Scheidungsklage auf sich zu nehmen, hat der Ehe¬
357 540 1577 613 mann die letzte Möglichkeit gewählt. Ob Schnarchen ein
352 593 1574 662 Scheidungsgrund ist? In der französischen Judikatur war noch
358 633 1587 719 kein Präzedenzfall dieser Art zu verzeichnen. Jedenfalls
358 677 1585 767 behauptet der Anwalt Delavente, der die Frau in diesem
355 740 1574 824 Prozeß vertritt, daß das Schnarchen sehr wohl einen Scheidungs¬
350 781 784 862 grund bilden könne.
1139 1104 2179 1259 Raslaf, #7.F. 133.
2093 1316 2346 1418 Wiener
507 1363 1025 1441 Mittwoch, 22. Februar
1819 1363 2628 1531 Allgemeine Zeitung
2298 1503 3127 1581 Was hat sich denn Verändert? Dra¬
2229 1574 3125 1643 matisch, an diesem Meistergriff ins ewig
2227 1621 3123 1690 verratene Liebes= und Weibesleben nichts.
1149 1614 1364 1705 —
2225 1676 3118 1749 Erotisch? Nur die Phrase, nicht die Flamme
2224 1728 2503 1795 des Blutes.
2308 1765 3126 1850 Gewaltiger Eindruck, daß Schnitzler
2229 1829 3118 1907 überzeugender lebt denn je. Daß seine
442 1760 2181 1954 Der Schmerzensschrei der Wessel
2235 1891 3119 1957 Jugend verräterische Schatten mitten in
2226 1935 3128 2005 unsere selbstbewußte Sexualemanzipation
417 1953 2208 2045 Schnitzier-Abend der Josefstadt:„Liebelei“ und der „Tapfere Kassian“
2237 1987 3114 2042 wirft. Daß dieses Biedermeier der Erotik
502 2037 1320 2100 Das tragische Erlebnis heißt auch an
2225 2035 3127 2108 groß und glühend aufleuchtet, wortkarg
1334 2030 2220 2105 vorderste Josefstädter Front. Dieses
418 2081 1320 2134 diesem Abend Paula Wessely. In Tränen
2236 2088 3102 2141 zermalmend, lebenswahr wie eh und je ..
1329 2076 2222 2152 Quecksilbergeschöpfchen sprüht gepfefferte
418 2128 1326 2187 der Liebe, des Hasses und der Demut ge¬
2236 2139 3118 2191 Ein tiefes Stück, diese „Liebelei“, ein
1327 2136 2213 2187 Anmut, berachnendsten Uebermut und den
414 2193 1325 2251 badet. Mit heroisch verzerrter Schönheits¬
1339 2181 2217 2249 Mädchenreiz der verführerischesten Vor¬
2243 2183 3121 2241 schlummerstilles Stück Liebesbitternis. Ein
410 2232 1319 2289 linie. In monumentaler Verachtung nicht
1331 2217 2213 2289 städte der Erde. Frau Czepa ist seit gestern
2229 2231 3126 2294 Theaterstück ohnegleichen. Ein Evangelium
1332 2281 2218 2350 eine „Nummer“. Und eine auf schlaueste
421 2280 1319 2335 nur des Kitsches, auch des Begriffs: Süßes
2226 2275 3128 2356 launig verzweifelter Abschiedsbereitschaft.
1330 2329 1734 2388 Art sehr reizende.
427 2329 1316 2401 Mädl. Unheimliche Erinnerung: So schrie
2228 2328 3128 2402 Ein Puppenspiel des Todeseros. Heu¬
414 2376 1329 2434 Kriemhild auf an Siegfrieds Bahre. So
1412 2360 2219 2434 Der Fritz Hans Thimigs scheint eine
2240 2380 3126 2435 rigenmusik des Untergangs und der Er¬
406 2420 1314 2480 brach die Wolter los: Grell und gellend,
1342 2420 2220 2487 Edel=Notbesetzung. Mit Verzicht auf die
2232 2421 3123 2500 lösung durch eine Mädchenträne. Diesmal:
1342 2478 2219 2539 gewisse romantisch flirtmüde Blasiertheit.
2223 2471 3118 2557 Der Beschämung durch einen Mädchenschrei.
1328 2523 2225 2570 Aber von einer spröden Innigkeit, die ans
410 2524 1321 2588 schamgepeitscht. Eine große Schauspielerin?
1335 2569 2226 2638 Herz greift. Ein Schicksalsspieler, starr
412 2577 989 2639 Mehr: Eine große Frau!
1331 2621 2160 2678 und stolz, ist Hans Thimig ja immer...
2306 2588 3120 2690 Veraltet? Dann würde Paula Wessely
510 2612 1312 2685 Die Wessely hats nicht leicht. Das Ver¬
1418 2661 2212 2719 Als Theodor ist Heinrich Schnitzler,
2229 2656 3126 2737 nicht leben. Sie selbst ist Christine, das
408 2674 1314 2731 hängnis ihrer billigeren Wiener Beliebtheit
1327 2710 2215 2776 des Dichters Sohn, keineswegs über¬
2228 2714 3121 2772 Mädchen mit dem irrend sicheren Herzen
412 2726 1316 2781 ist gerade ihr Berliner Sturmerfolg. Aber:
1339 2760 2208 2812 schäumend von entsprechend kontrastieren¬
2222 2766 3117 2824 und dem schonungslos wehen und wahr¬
423 2774 1311 2829 Sie hat dort zum erstenmal diesen Schrei
1329 2811 2224 2870 der Laune. Aber er hat einen Gefühlston
2226 2808 3125 2870 haften Liebesmund. Eine Generation, die
419 2824 1317 2874 schriller Entfesselung aus sich selbst gehört.
1328 2850 2216 2923 der Konversation, der die gute Kinderstube
2233 2864 3133 2924 diese Schauspielerin und diese Frau hervor¬
417 2862 1328 2941 Ein großes Dichterwort entrückte sie dem
1329 2905 1753 2966 einer Seele verrät.
2227 2910 3135 2982 brachte, hat sie immer noch die Schnitzler¬
422 2919 1318 2986 Spielplan=Charme der Gemütskokotten. Sie
1409 2948 2211 3026 Prächtig ungeschminkt die Bosheits¬
2224 2953 3130 3023 Tiefe des Abschieds und der Treue. Im
411 2958 1320 3033 bringt erfreulich viel, erschütternd viel zu¬
1333 3005 2211 3072 komik Frau Rosars. Herr Hübner sehr
2223 3013 3125 3089 Blätterfall, im Maimorgenglanz, im Berg¬
410 3026 1314 3082 rück von solcher Schärfe, von solcher Zucht,
1336 3052 2211 3117 theatersicher, aber gerade kein beklemmen¬
2226 3053 3126 3137 wiesenwind. Unter Tränen, die wie dazu¬
409 3060 1316 3125 von solch strammer und klarer Bitternis.
1334 3100 1658 3160 der Todesbote.
2226 3111 2998 3183 mals ein Wunder sind und ein Glück.
410 3112 1312 3182 Wir wissen es: In Berlin hat sie uns ver¬
1409 3123 2227 3216 Bleibt der Weyring Hugo Thimigs.
416 3164 1312 3219 treten, hat Oesterreichs geheimste Seelen¬
2299 3136 3128 3242 Paula Wesselys Keuschheit widerlegt
1329 3185 2215 3272 Eine saftige Leistung, aber mit unverhoh¬
418 3205 1318 3264 landschaft, die heimlich und liebessanft ver¬
2222 3204 3115 3275 alle Verwicklungen der Sexualität. Es ist
1331 3247 2211 3315 lenen Musikus=Miller=Tönen. Ohne alle
412 3256 1317 3325 schluckte Träne ins schlesische Korn ge¬
2222 3253 3110 3327 kein Theaterzauber mehr, es ist der Zauber,
1328 3292 2210 3356 Wienerwald=Resignation. Breitspurig knur¬
2232 3315 3123 3387 die Reinheit, die Schicksalsgewißheit der
409 3297 1318 3373 zaubert. Hier bei uns löst sie sich willens¬
1335 3348 2215 3414 rig. Eine verehrungswürdige Fehlbesetzung.
409 3348 1311 3438 stolz und herzensstark vom Biedermeier¬
2232 3360 2371 3431 Frau.
418 3403 604 3481 klischee.
2306 3398 3113 3477 Es ist ihr Abschied von allem, was
499 3432 1319 3512 Sie spielt Schnitzler, fast in Strindberg¬
1411 3440 2213 3518 Solche Besetzungs=Schwankungen ver¬
2219 3472 3130 3523 diesen Zauberspielplan niedlich stören
1332 3502 2209 3551 dunkeln kaum Weihe und Wehmut einer
411 3498 1313 3572 Nähe, ohne Stimmungs=Duliäh. Gesund,
2226 3522 3124 3590 könnte. Die große tragische Schauspielerin
1335 3544 2209 3614 Feier des Gedächtnisses, der Persönlichkeit,
416 3556 1311 3624 blutverbunden, sinneswarm. Mit elemen¬
2222 3582 3126 3646 der Wiener Bühne hat den Boudoirflitter
1321 3587 1425 3666 der
1475 3604 2214 3679 unausgesprochen aufwühlendsten
408 3583 1314 3659 taren Weibestönen, mit kindlich einsamem
2235 3629 3126 3710 abgestreift. Ein Menschenantlitz, beispiel¬
1328 3633 1660 3712 Menschlichkeit.
417 3644 1322 3720 Mädchenlächeln, als ein Geschöpf Gottes
2234 3668 2561 3745 los, glüht auf.
1413 3673 2215 3761 Die „Liebelei“ wird von der Josefstabt
407 3688 1319 3769 und ihrer Rasse: Einmalig, unumstößlich, in
2302 3704 3120 3802 Und das Lächeln eines süß und still
1329 3734 2222 3805 sozusagen im Halb=Kostüm gespielt. Retro¬
419 3743 1317 3809 ihrer Hingabe wie in ihrem Gefühlsurteil
2224 3779 2916 3861 verwirrten Kindes liegt auf ihm.
406 3788 1313 3874 unerbittlich, wie es Wind, Wetter und
1327 3804 2224 3879 spektiv im Gefüge allein, nicht in der Mode¬
1339 3852 1474 3921 linie.
416 3852 824 3920 Wiesenhauch sind..
2558 3832 3086 3933 Ludwig Ullmann
506 3858 1327 3954 Ihr Doppelruf: „Wo ist er? Wo ist.
422 3940 1314 4011 er?“ zählt zu den größten deutschen Büh¬
428 3994 1321 4050 neneindrücken zu den einmaligen, unum¬
