3436 4192
890 180 1344 287 box 12/4
199 181 739 275 5. Liebelei
394 232 880 313 ——
261 601 678 676 Ausschnitt aus:
688 606 1258 723 Wiener Mitisge. Zelt#
261 683 725 765 vom: 150K1.197.
410 853 1272 964 Cheater und Kunst.
372 949 420 1029 1
410 945 1405 1029 (BolemneAnhur Schnitzlers
264 996 1401 1077 „Liebelei“, mit der das Wiener „Süße Mädel“ aus
270 1052 1395 1110 dem Leben in die Literatur eingeführt ward, wurde von
259 1102 1401 1182 einem talentierten und versierten Tonsetzer in Musik gesetzt.
268 1144 1408 1216 Franz Neumann, der an der Frankfurter Oper als
267 1194 1397 1262 Kapellmeister tätig ist, genießt als Dirigent und Kom¬
273 1236 1395 1314 ponist einen guten Ruf; er hat aus Schmitzlers „Liebelei“
258 1293 1400 1358 weniger eine Oper im eigentliches Sinne geschaffen, als
266 1353 1394 1411 sich auf die melodische Untermalung des Sprechgesanges be¬
268 1393 1403 1452 schränSchnitzler: Dialog ist zu spröde, um für den
265 1430 1399 1504 Rusikek ergiebig und befruchtend zu sein. Zumal im ersten
271 1477 1406 1553 ##fl., wo, singende Gegenwartsmenschen Zigaretten rauchen,
267 1533 1407 1578 Wein trinken und sich mit Oberflächlichkeiten unterhalien.
267 1578 1411 1651 Dafür „Retet der zweite Akt lyrischen und der britte Akt
264 1626 1414 1695 drumatischen Gehalt genua, der die Komposition des Text¬
235 1674 1419 1741 gbuches rechtfertigt. Aber auch hier ergeht sich die Invention
251 1722 1415 1780 des Tondichters mehr im orchestralen Teile, als in breit¬
272 1774 1414 1831 ausgesponnenen Kantilenen. Den Höhepunkt der modernen
267 1822 1404 1877 Liebe bildet ein langer Kuß, begleitet von einem sordi¬
270 1876 1411 1942 Fnierten Geigenthema. Ein Vorzug der Musik Neumanns
271 1916 1402 1980 ist, daß sie mit geschmackyoller Loblesse auch über dürr¬
267 1958 1411 2038 prosaische Stellen des Dielogs Einweggleitet und auf alle
267 2003 1421 2077 heute beliebten Künsteleien, Mätzchen und Verstiegenheiten
259 2060 1406 2124 verzichtei. Auf diese Weise gelingt es ihm, in der Liebes¬
267 2113 1418 2183 und Abschirdsszene des zweiten Akts, im Verspiel zum
264 2158 1415 2225 dritten Akt, das den tragischen Ausgang des Duells und
271 2197 1417 2267 der jungen Liebe erraten läßt, und im Schlußaki selbst
265 2263 1415 2330 nicht nur äußere Wirkungen zu erzielen, ondern dem
274 2297 1421 2377 Hörer auch ans Herz zu greifen. Obgleich die Oper bereits
265 2355 1424 2423 auf mehreeen deutschen Bühnen mit Erfolg aufgeführt
264 2396 1415 2448 wurde und wegen ihres Inhalts so recht eigentlich nach
269 2442 1426 2524 Wien gehört, wäre ihr gewiß kein so entschiedener, nicht
272 2493 1422 2547 nur äußerer, Erfolg beschieden gewesen, hätte sie in der
277 2538 1424 2607 Volksoper nicht eine so vorzügliche Darstellung gesunden.
272 2600 1425 2660 Die Hauptgefahr liegt in der schauspielerischen Leistung der
275 2634 1431 2690 Darsteller, sind diese war bei dem fast durchwegs neuen
286 2685 1322 2751 Sängerensemble überraschend gut. Man wird kaum
275 2742 1427 2800 leicht wieder gute Sänger finden, die sich auf der Bühne
275 2784 1431 2848 im modernen Straßenkleid so ungezwungen benehmen und
280 2842 1417 2902 singend so deutlich wie Herr Geza Brand als der lebe¬
272 2875 1434 2954 männische Theodor und Fräulein Roeder als die köst¬
276 2914 1431 2993 liche Grisette Mizzi Schlager. Dazu das sentimeniale
284 2970 1423 3049 seigentlich tief=sensitive) „füße Mädel“ des Fräulein
285 3039 1423 3088 Engel, der träumerische, unsichere Talmi=Don Juan des
290 3081 1420 3135 Herrn Lußmann, der einen prächtigen, unverbrauchten,
289 3116 1435 3177 wohl auch noch zu ungezügelten Tenor entfaltet, die bos¬
282 3165 1431 3222 hafte Nachbarin des Fräulein Macha und die gemütlich
277 3216 1435 3285 angelegte Figur des Musikers Weiling (Herr Bandler).
278 3275 1428 3326 Das gibt ein Ensemhle, das schon allein die Aufführung
291 3320 1434 3369 sehenswert macht und dem Stück ein anhaltendes Interesse
289 3352 1436 3433 sichert. Auch in der Inszenierung wurde der Gegensatz
290 3415 1439 3482 zwischen dem „vornehmen" und dem kleinbürgerlichen
298 3453 1445 3514 Milieu sehr gut getroffen. Der Erfolg der Novität war ein
297 3498 1430 3576 sehr starker; alle Darsteller, der anwesende Komponist,
290 3547 1436 3623 Kapellmeister Tittl und Regisseur Markowsky
293 3610 1439 3656 wurden wiederholt vor die Rampe gerufen. In der Hof¬
294 3639 1430 3716 loge sah man die sympathische Erscheinung Erzherzog
303 3696 1432 3758 Eugens, der der Premicke bis zum Schlusse beiwohnte.
290 3744 1435 3820 Artca Schnitzler verfolfste vom Hintergrund einer Loge
298 3781 1449 3855 a#s den Sieg seines“ musikalisch neuerweckten „Süßen
294 3845 490 3921 Mädels“.
1529 67 1601 142 000
1761 1227 2405 1324 Ausse'mitt aussene Md
2217 1248 2816 1345 #mers 1913e, Wien
1776 1352 1930 1400 vorrl:
1801 1439 2911 1517 [Volksoper.] Keine aus Schnitzlers „Liebelei“ neuge¬
1727 1483 2925 1559 formte Oper, das Schauspiet schlschthin, in der Urgestalt mit
1750 1530 2918 1601 Musik verjehen, war die heutige Novität der Volksoper. Das
1734 1582 2916 1646 Werk reicht bereits einige Jahre zurück; die Wiener Christine
1730 1626 2926 1685 und Fritz, Mizzi und Theodor sind also gerade in Wien
1728 1675 2914 1735 verhältnismäßig spät dazu gelangt, ihren, sich in wohlabge.
1723 1711 2909 1771 wogener Alltagssprache ergehenden Prosadialog zu einem illu¬
1742 1756 2923 1799 strierenden Orchester abzusingen. Wiens Opernbühnen glaubten
1733 1798 2916 1866 vielleicht das Schauspiel des Dichters mehr respektieren zu
1731 1846 2920 1900 müssen als dieser selbst. ... Der Komponist Franz Neu¬
1737 1882 2904 1944 mann, Opernkapellmeister in Trankfurt, hat mit der vielfach
1737 1913 2919 1990 musikwidrigen Aufgabe, die er sich gestellt, mit erstaunlichem
1733 1965 2913 2032 Geschick gerungen und manches, das zu bezwingen war, be¬
1732 2008 2910 2043 zwungen. Im ganzen hätte auch ein weit inspirierterer
1729 2055 2922 2131 Komponist, als dieser auß rordentlich gewandte Theatermusiker,
1727 2094 2899 2150 an dem Problemne scheitern müssen. Künstlerisch meinen wir;
1730 2126 2907 2199 gewisse Bedingungen des Erfolges sind durch die starke
1725 2173 2906 2223 theaterwirksame Dichtung unter allen Umständen gegeben. ...
1725 2231 2895 2280 Ueberraschend das wschester unter Kapellmeister Dittl,
1722 2264 2901 2319 tadellos die Inszenierung. Fräulein Engel bewährt als
1724 2302 2907 2358 Christine neuerdings ihre starke Begabung. Stimme und
1726 2350 2907 2409 Gesang scheinen allerdings der Spannungen dramalischer
1733 2398 2903 2450 Erregung zu bedürfen; ein schlichtes Volksliedchen legt da
1726 2432 2914 2495 und dort Lücken bloß. Eines schmetternden Tenors erfreut
1738 2474 2902 2536 sich Herr Lußmann; er läßt ihn nur zu reichlich
1738 2501 2905 2590 schmettern. Dem guten Fritz läge es ob, das ihm vom
1724 2565 2901 2627 Komponisten beigegebene Pathos, das zu Schnitzlers fein¬
1737 2591 2908 2652 abgestimmter Dramatik der leicht hingeworfenen Worte nicht
1727 2640 2912 2718 immer passen will, zu mildern, nicht zu übertreiben. Aus¬
1733 2692 2909 2733 gezeichnet Herr Brand als Theodor; er ist natürlich,
1737 2724 2905 2794 sompathisch, guter Kamerad beinahe mit Kutschera=Tönen.
1730 2772 2905 2831 Fräulein Röder, sonst gewandt, brachte in das Bild der
1740 2811 2902 2869 sorglosen Schlager=Mizzi den fremden Zug unwienerischer
1744 2845 2898 2905 Schärfe. Warmen Ton verleiht Herr Bandler seinem Vater
1728 2903 2908 2943 Weiring; Fräulein Macha als Frau Binder, Herr
1738 2940 2909 2997 Klein als „der Herr“ lassen nichts zu wünschen. Der Erfolg
1728 2991 2905 3048 war überaus lebhaft und rauschend, wie zumeist an den ersten
1734 3026 2899 3083 Abenden der Volksoper. Der Komponist mußte sich un¬
1729 3066 2855 3154 gezählte Male an der Seite der Darsteller zeigen. J. K.
