3484 4128
870 158 1289 251 box 13/3
321 166 718 243 Liebelei
162 176 731 281 5. Jnnenennenn
610 373 1106 491 „DBSERVER
543 476 1123 566 Wien, I., Wollzeile N.
621 538 1123 625 Telefon R-23-0-43
393 680 1011 771 viener sa lonblatt,
493 745 973 829 vom 12.3. 1935.
264 838 1497 897 In der heimgekehrten Paula Wessely fand das Theater
169 889 1492 966 in der Josefstadt die Christine in Schnitzlers Jugend¬
165 954 1491 1004 werk „Liebelei“. Mehr herbes als süßes Mädel, erreicht sie
168 997 1498 1053 jedoch in der Katastrophe ihr volles Können. Ihre blonde
171 1041 1493 1103 Partnerin voller Anmut Friedl Szepa. Gute, natürliche Hal¬
168 1091 1489 1155 tung zeigte Heinrich Schnitzl r. In dem graziös tragischen
167 1138 1486 1190 Puppenspiel brillierten Hans Thimig und Friedl Czepa.
176 1190 1496 1247 Neugebauer war zu derb für diese reizende Spielerei. Paul
178 1236 1491 1296 Kalbecks stilvoll wienerische Regie half zum starken Er¬
1261 1289 1460 1344 W. v. B.
174 1295 317 1364 folge.
488 1455 844 1581 OBSERUE
688 1552 894 1640 SRGRIG
342 1568 645 1655 Wien, I.,
444 1620 872 1712 Tolofon R-2 B
217 1713 885 1806 LlAnbrosiano Milano
555 1768 902 1852 13.3.1933
326 1904 1026 1992 aLiebeleis, l’opera del glovane Schnit¬
308 1940 1024 2012 zler che ai suol tempi era stata giudi¬
311 1987 1022 2047 cata un capolavoro, é rimasta dawvero
304 2032 1016 2078 uns cosa amabilissima, certo c’e su di
310 2069 1026 2124 essa un po' di polvere come sui mobil:
289 2064 1018 2155 Idi una stanza da tempo non abliata.
284 2125 1045 2189 Ma i mobili restano pur sempre quelli:
300 2161 1024 2215 graziosi mobili viennesi del periodo del
296 2187 1024 2255 aBiedemnaiern, del valzer e del esüsses
307 2227 1010 2277 Wienermädls, della dolce ragazza vien¬
314 2253 1015 2314 nese, della piccola modista il cui cuore
308 2292 1020 2350 batte per l’umiforme gialla oro del bel¬
303 2322 1006 2386 l’ufliciale dei -Dragonern o del conte, te¬
299 2366 1009 2419 nente di cavalleria. Si sente l’odor del
288 2393 1007 2456 sambuco del giardini di Vienna a pri¬
305 2431 1022 2497 mavera, degli ippocastani in fior- dei
304 2469 1019 2523 parchi della aßurge nei quali, sulle.
307 2504 1012 2557 rüote di gomma orlate di oro si muo¬
306 2536 1017 2579 vono silenziosi i luccican'i equlpaggi
297 2570 1007 2620 della corte imperiale. Rinasce nella
290 2599 1005 2651 aLiebeleis la vecchia e pur eterna tra¬
283 2623 1006 2691 gedia del eGretchenn, la melodia della
298 2670 1001 2724 celehre canzone goethiana =Sah ein
300 2697 766 2748 Knab ein Röslein stehns.
306 2723 1005 2783 Se pure In nusva generazione non
286 2757 1012 2825 pud piü permettersi il lusso d’un amore
287 2802 1000 2860 romantico, se pure la ragazza modlerna
287 2829 991 2881 viennese non ha pfü il tempo di pion¬
275 2865 1001 2925 gere sopra un amcre perduto e tradito.
275 2900 996 2959 si sa che cosl & solo in apparenza, per¬
271 2938 1002 2983 ché in fondo & sempre rimasta la stes¬
279 2970 998 3025 sa. E' vivà ancorn e sard sempre In
270 3002 998 3061 figurn della piccola Christine Weiring.
269 3028 984 3093 la figlia del vecchio musicista che
271 3062 991 3134 innamora del giovane elegante signor
274 3102 977 3157 Fritz che & l’amante d’una signora.e
278 3138 996 3195 pel quale l'amore di Christine non 6
274 3170 989 3222 che un piccolo ginoco grazioso, una
268 3201 989 3283 aLiebeleis, un amornccio, che pure alla
268 3244 850 3290 gsüsses Mädle costerd la vita.
305 3272 999 3336 Quando la povern Christine viene a
272 3306 1000 3370 sanere la morte di Fritz ucciso in Juello
267 3330 982 3397 dal marito dell'amante, e scopre ##¬
274 3372 988 3432 temporanenmente l’inganno, tutlo il eno
270 3411 985 3464 dolore prorompe con forza violent, non
267 3433 988 3499 e piü il singhiozzo della esüsses Mäilln
295 3477 981 3534 il grido della donna, il grido duna
268 3508 979 3564 bestin ferita a morte. Ed é qui che
270 3537 983 3604 Pairla Wesselv raggiunge le vette della
267 3579 983 3627 zua arte di quella potenza tragicn che
274 3612 987 3678 ha resa una delle piü acclamate at¬
273 3637 972 3699 riei del teatro tedesco ed austrunc5.
270 3678 981 3735 a Wessely recita41 dramma di Schnit¬
263 3705 983 3766 der quasi fosse un’opera di Strindberg.
275 3738 987 3804 Anche il giovane Enrico Schnitzler. fi¬
262 3770 976 3839 Nlio dell’autore, recita la parferdall's¬
273 3815 986 3865 nico di Fritz con rara sicurezza e abi¬
258 3844 987 3893 ita. La regin fine dierreia di Corlo
262 3887 993 3934 Kalbeck con i suoi momenti coftem¬
262 3920 988 3973 plativi e tragici, con la musich delce
269 3955 984 3986 dei suoi silenzi, ha fatto di questa ro#¬
277 3980 976 4038 presentazione di dLiebelein forse la pid
274 4022 949 4086 bella che sia stata mai finora veduta.
2002 894 2519 1020 „OBSERVER“
1935 985 2618 1085 Wien, I., Wollzeile Nr. 11
2030 1060 2529 1142 Telofon R-293-0-43
2079 1150 2652 1321 Preiesimmen Flagsahun
2160 1341 2612 1432 4 MRZ. 1933
1945 1463 2599 1599 Theater in Uniform.
1969 1575 2567 1655 Von Herbert Strutz, Wien.
1835 1631 2737 1698 Reben Neuaufführungen klassischer Werke, wie
1809 1684 2740 1754 Shakespeares „Komödie der Irrungen“
1814 1735 2751 1809 im Akademietheater und Schillers „Maria
1818 1783 2734 1854 Stuart“ im Burgtheater, neben Aufführungen
1812 1835 2737 1901 von dramatischen Werken, die bereits durch
1814 1894 2743 1959 frühere Darstellungen oder durch Bucherfolge be¬
1814 1932 2735 2009 kannt sind, wie Schnitzlers Puppenspiel „Derr
1817 1986 2745 2070 tapfere Cassian“ und sein Drama
1818 2033 2733 2110 „Liebelei“ (Theater in der Josefstadt), Ger¬
1818 2073 2745 2149 hart Hauptmanns „Rose Bernd“ (mit Käthe
1816 2122 2744 2205 Dorsch im Deutschen Volkstheater) und Haupt¬
1821 2181 2751 2245 manns vielstimmigem Schauspiel „Florian
1811 2238 2750 2316 Geyer“ (mit Paul Hartmann im Burg¬
1823 2278 2745 2339 theater), neben einer vom Josefstädter Theater
1824 2328 2740 2389 mit Hermann Thimig und Lili Darvas gebrach¬
1823 2377 2748 2439 ten Wiederholung von Paul Geraldys bereits
1828 2426 2748 2498 im Vorjahre gegebenen Komödie „Wenn ich
1830 2473 2759 2543 wollte“, lenkten in letzter Zeit besonders
1826 2525 2744 2589 solche Stücke der Wiener Bühnen die Aufmerk¬
1828 2572 2753 2639 samkeit auf sich, die in Uniform spielen und da¬
1824 2630 2756 2699 mit eine noch gar nicht sehr weit zurückliegende
1825 2678 2763 2756 Vergangenheit theatralisch zu gestalten ver¬
1828 2739 2006 2814 suchen.
