3436 4256
384 184 755 250 Liebelei
219 170 1360 293 5 box 10/8
2158 262 2987 430 Mee 1944
2110 474 2636 555 RCII 5, 1900.
2297 569 2946 627 TIIE GERMAN THEATRE.
2380 660 2849 730 ST. GEORGES HALL.
2176 709 3077 756 In“ Liebelei,“ a play in three acts, produced for the first
2152 761 3074 807 time in this coantry on Fridar last, Herr Arthur Schnitzler
2158 797 3081 851 would almost secm to have set himself the task of writing
2158 834 3077 888 a version of Fanst? with the action transferred to
2152 874 3073 926 modern times, and the centre of interest shifted
2155 916 3081 967 to Gretchen. Christine Weiring, the daughter of
2153 950 3082 1005 a poor musician, is introduced by Theodor Kaiser,
2156 993 3077 1049 a paradoxical Mephistopheles, to Fritz Lobheimer, an un¬
2142 1034 3082 1097 lettered Faust. Fritz is involved in an intriaue with
2154 1068 3081 1123 a married woman, All such connections Theodor holds in
2153 1107 3068 1162 aversion. They are compromising, they are dangerous.
2144 1141 3084 1203 Passion in every case is folly; happiness is heartlessness,
2159 1182 3076 1243 or, as this modern cynic expresses it,“ We hnte the women
2151 1203 3086 1279 we love; welove only the women forwhomwe care nothing
2153 1271 3077 1315 whatever.? Theodor’s purpose, then, in introducing
2160 1302 3077 1351 Christine to Fritz is to drive out real fire by false.
2158 1340 3076 1399 Ho proproses pastime instead of passion, love-making instead
2150 1372 3089 1435 of love. Fritz allows his arguments and assimilates his
2154 1420 3093 1459 principles. Not so Christine. She in her ingenuousness
2158 1460 3086 1511 loves Fritz with all a woman’s sublime imperviousness to
2158 1490 3081 1548 legie. Of Liebelei, of love-making for pastime, she knows
2161 1532 3086 1594 nothing. She has, indeedvor thinks she has, no illusions.
2162 1577 3080 1627 Marriage is oubof the question. Some dax she and Fritz
2161 1598 3091 1666 must part. But that is not get, and she is well
2163 1647 3077 1718 content to purchase love in the present at the
2161 1682 3086 1744 price, if need bie, öf deprivation in the future.
2154 1725 3084 1784 No attempt is madle hy Herr Schnitzler to gloss the
2160 1768 3094 1829 banality of this story. In the first uct Christine and her
2157 1799 3086 1859 friend Mizzi Schlager-once a milliner, now a convert to
2163 1829 3089 1899 the loctrines of Theodlor—come tu supper at Fritz’s rooms.
2155 1899 3083 1944 The hilarions festival is interrupted by a visitor. Fritz
2157 1911 3096 1989 sees him alese. and alt#r Stee Gunversation, in the course
2151 1969 3104 2023 of which the gentlemanre than once men¬
2160 2006 3098 2069 tienell, Fritz states his intentenrefsemeining at home the
2173 2042 3107 2096 #Peiny until twelve o’olock in case ## gentleman should F
2149 2088 2224 2141 65
2334 2093 2872 2141 4 twoof his friends to make srrang
2157 2123 2867 2184 ##rcher inserriew, at which the subject id
2160 2165 2923 2207 mnore at large. In the sccond act Pi#
2170 2200 2959 2251 for the üirst time to Christine’s room
2162 2243 3074 2294 lath#heuse, He has a presentiment he will be killes
2163 2262 3097 2328 cund forls che need of her affection, HIer room, with ita
2151 2318 3094 2359 humbieness, its homeliness, its aleofners from the world,
2166 2349 3095 2410 charms him. IIe examines the pietun###n the walls, the
2161 2389 3102 2458 few books on the sheives, the #nst of Besthaven over the
2170 2434 2862 2492 stove, the imitation flowers on the table.
2169 2479 2853 2531 shamed, half llattered, holls her breath as
2162 2509 2865 2571 object to object, and when bis feelings flue
2641 2547 2864 2607 is sprechless
2160 2542 2640 2611 trite words of approval she
2177 2579 3098 2652 while poor chicken-hearted Fritz, trembling already
2168 2625 3097 2683 for the miserable existence his folly has endangered,
2168 2678 3114 2725 is teuched and softened, and a doubt suggests
2164 2709 3100 2767 Pitself that the happiness he sought with such
2170 2743 3101 2806 frenzied desire among such different surroundings
2176 2785 3100 2838 was verhaps waiting for him here all the time, to be had
2179 2824 3115 2870 forthe deserving. Heparts from Christine with unsesustomed #
2175 2866 3093 2917 tenderness, and the girl, convinced at last that his love is
2178 2913 3097 2953 sincere, awaits with trustful anziety his return from an
2169 2938 3103 2990 alleged journey to his home in the country. Then after
2176 2981 3100 3037 two days of silence she learns that Fritz is dend;
2184 3021 3099 3067 that he has been killed in a duel; that he
2183 3058 3100 3108 fenght for the sake of another women; that he died with¬
2173 3087 3101 3161 out leaving a letter, a message, a word of ang kind for
2177 3151 3098 3192 Christine. She is told she cannot even see him again.
2177 3171 3097 3228 He is already buried. She would even do well
2178 3212 3093 3263 not to go to his grave for a day er two lest
2182 3260 3105 3312 her prayers should disturb the prayers of his re¬
2176 3294 3097 3353 lations. I am not going there to pray,? she
2181 3327 3098 3383 cries, as she rushes from the room. Theodor and Mizzi
2183 3373 3102 3410 follow. Her old father is wiser." She will never come
2180 3401 3110 3473 back, he moans, as he falls on his knees and covers his face g
2184 3450 2464 3507 with bis hands.
2214 3499 3092 3543 The crudeness, the undramatie indefiniteness of the
2182 3543 3106 3583 play as a whole is almost atoned for by che excellenco of
2183 3582 3112 3619 this concluding scene. Its distinctive merit, apart from
2175 3602 3095 3658 its conception, lies in its extraordinary simplicity, its
2170 3653 3097 3699 absence of all generalisation of grief. As blow
2182 3680 3099 3725 after blow falls on the unhappy girl the re¬
2175 3719 3093 3766 sponse comes in a cry of anguish as natural, as
2187 3766 3094 3812 entirely reflex as the vibration of a musical instrument.
2182 3803 3105 3851 There is no railing atthe barrier of birth or riches, norant¬
2182 3844 3108 3898 ing against the selfishness or heartlessness of the man who
2180 3879 3101 3935 has wrecked her life; no rhetoric of ang kind. It is
2174 3917 3109 3985 throughout the plain passionate utterance of a human!
2177 3956 3106 4019 being who suffers, like an unreasoning ercature, without
2184 3993 3105 4052 questioning the justice or injustice, without secking to
2174 4036 3095 4092 analyse the causes of its suffering. When she realises she
2176 4075 3097 4123 was no more than her lover’s plaything, it is the theught
2184 4112 3099 4152 that he could never have understood the love she bore him
