3436 4256
381 183 759 258 Liebelei
202 185 891 291 5. Jinnnnmntuat
142 1209 327 1291 Earl.
118 1299 617 1383 torical Play in 5 Acts
126 1375 524 1467 hnopsis of Scenes:
141 1416 852 1510 outside Queen Elizabeth Palace.
128 1489 635 1551 Palace Gardens at Night.
133 1520 918 1604 ry Garden attached to Lord South¬
129 1615 571 1692 Lord Essex’s House.
127 1670 651 1743 peen Elizabeth’s Closet.
126 1704 943 1768 Arlof Southampton’s Cell at the Tower.
132 1750 933 1813 he First Performance of“ Love’s Labour
139 1798 773 1875 Earl of Southampton’s House.
133 1886 499 1964 Principal parts:
127 1940 950 2026 Ess VERNoN, later LAny SoUTHAMPTON;
133 2007 948 2064 DN; Lonn Roszar Cxen., the Queen’s
142 2036 950 2115 * EssEx; CaprAIN OwEN SALISBURY;
134 2089 751 2168 E; Frokto, an Italian Poet.
149 2244 478 2330 Adoption.
131 2327 661 2416 h Comedietta in one Act.
131 2401 547 2495 Dramatis Persona:
132 2470 952 2543 His Aporren Son, A Douazz Winow,
144 2532 748 2604 SPINsTER, A FRENCH VALEr.
144 2677 654 2767 Christmas Eve.“
127 2770 671 2846 matic Sketch in one Act.
136 2857 573 2935 Dramatis Persona:
129 2921 974 3002 ER, an old maid; Sakan Horrins, maid
144 2977 729 3054 ork; BILL. CROKER, à coster.
899 178 1341 273 box 10/8
1638 1253 2492 1385 FOREIGN PLAYS.
1425 1424 2693 1488 Three Plays by the famous Austrian Playwright ARTHUR
1518 1475 2614 1533 ScHNiTzLER; first-class translation almost complete.
1477 1570 1768 1669 Liebelei.
1515 1654 2704 1712 A Play in z Acts, performed with the greatest success all
1438 1715 2704 1756 over the Continent. The part of Christine, a Viennese
1437 1751 2711 1810 milliner-girl, was simultaneously created at Berlin and Vienna
1432 1786 2710 1854 by those celebrated actresses—AGNes Sonma and ADELE
1445 1842 2708 1896 SANpRock, —and has since then been a favourite part of
1443 1881 2522 1959 practically every leading lady on the German stage.
1538 1977 1779 2044 Synopsis:
1665 2019 2710 2081 The room of Fritz Lobheimer in Vienna. He and
1452 2059 2709 2128 ACT I. his friend Theodor Kaiser are just returning from
1449 2117 2712 2172 the country, much refreshed after their outing. But as soon
1445 2157 2702 2239 as Fritz re-enters his room the good effect which the balmy
1443 2197 2714 2256 country air had on him is gone, the old restlessness returns,
1451 2248 2721 2314 and he nervously glances over the letters that have been
1453 2284 2715 2359 awaiting him: among them is one from his father asking him
1445 2339 2718 2394 to spend the Whitsun holidays at his country seat. Theodor
1449 2405 2707 2450 watches his friend and then begins to soundly lecture him.
1446 2426 2723 2498 He must go away for a time to recruit his nerves—yes, by all
1445 2491 2711 2536 means accept his father’s invitation and make an end to this
1448 2519 2717 2578 unfortunate love affair. For Fritz has a love intrigue with a
1447 2571 2727 2618 married woman, and both he and the lady have lately been
1445 2601 2723 2686 living in constant dread lest the husband may be watching
1450 2653 2723 2710 them and find everything out. Theodor has done all he could
1449 2698 2728 2749 to make his friend shake off his infatuation; he has introduced
1461 2743 2723 2801 him to twocharming girls ofthe Viennese middle-class, hoping
1463 2785 2718 2860 by their means to distract his thoughts from the dangerous
1466 2834 2728 2895 subject. And for one of them, Christine Weiring, the daughter
1457 2878 2725 2936 of a musician, Fritz has conceived a genuine affection. The
1460 2928 2716 2988 gentleness and purity of the girl, her sweet and loving dis¬
1451 2981 2726 3031 position, act like balm on his aching heart. And yet he
1463 3008 2728 3071 cannot give up his relations with the other woman. A bell is
1466 3056 2739 3120 heard. Fritz starts, but Theodor reassures him: he has taken
1467 3109 2725 3162 the liberty to invite the two girls to his friend’s rooms; this
1450 3140 2741 3235 must be they. He is not mistaken, the first to come is Mizi
