3344 4256
261 205 817 293 5. Liebelei
955 216 1423 310 box 10/6
446 265 844 317 A n en Ken K . —
3006 1303 3350 1376 Kirchenrechte un
1848 1304 3011 1374 shaffen. ... Dder nicht. Diese Diskassion gab Gelegengen,
3011 1368 3343 1415 Aufmerksamkeit
1844 1365 3024 1436 die liberale, wenn auch noch unbewusste Neigung des kleinen
636 1350 1836 1435 vativen Richtung frei machte, um seine Person ganz in den
1834 1397 3358 1457 Gladstone durch die dicke konservative Schale erkennen zu I Eisenbahnwesen
644 1411 1844 1481 Dienst der seinem Gerechtigkeitssinn zusagenden liberalen
3012 1452 3357 1515 auf dem Wege
1835 1450 3019 1520 lassen; denn im Gegensatz zu seinen Kameraden erklärte er das
639 1467 1832 1520 Sache zu stellen, der muss notwendiger Weise auf die Wurzeln
3010 1480 3301 1550 Wirklichkeit!
1831 1490 3014 1547 Unterhaus als den „Ruhm und Schutz des Landes“ und
639 1500 1835 1574 des Konservativismus in Gladstone zurückgehen und die
3017 1586 3358 1650 wunderie, die üb
1837 1577 3017 1651 empfindsame Herzen rührte, so fest bin ich überzeugt, daß sie
1012 1605 1500 1693 Goethe-Theater.
3014 1637 3358 1698 einem gemütliche
1840 1635 3010 1685 der Absicht des Dichters Gewalt antat. Eine Christine, die
3016 1663 3357 1737 er dann mit
1840 1677 3010 1742 sich so gründlich ausweini, verlöscht durch ihre Thränenfluten
739 1674 1839 1740 Für ihren dritten Gastspielabend am Himmelfahrtsfest
3023 1705 3137 1772 Glück
3259 1724 3323 1782 h.
1837 1723 3011 1782 das brennende Wehgefühl in ihrem Innern und es erscheint
646 1717 1839 1784 Thatte Adele Sandrock zwei Stücke des Wiener Dichters
3007 1759 3102 1826 bar
1835 1761 3019 1818 uns ihr plötzlicher Entschluss, sich ein Leid anzutun, wie eine
648 1759 1841 1843 Arthur Schnitzler gewählt: das im Deutschen Theater oft
3005 1806 3072 1858 v1
1830 1810 3017 1860 psychologische Entgleisung, wie eine Effekthascherei des Dichters,
655 1800 1846 1875 aufgeführte dreiaktige Schauspiel „Liebelei“ und den in
1844 1851 3017 1908 der das Drama partout tragisch abschließen wollte. Die Christine
659 1836 1833 1908 Berlin noch unbekannten Einatter „Abschiedssouper“. In
1842 1896 3012 1943 der Sandrock hat es nicht nötig, ins Wasser zu springen, denn
655 1899 1832 1959 beiden war ihr vor dichtbesetztem Haufe ein großartiger Erfolg
1835 1928 3015 1993 der Thräuenstrom verlöschte ja schon die Liebesgluten, aber die
658 1934 1838 2000 beschieden, aber so freudig ich dem Beifall zustimmen kann,
1844 1971 3021 2050 Christine der Sorma bedurfte der Donaufluten zu ihrer Er¬
652 1986 1822 2051 der ihr für die moralische Idiotin Annie im „Abschiedssouper“
1838 2022 3018 2081 lösung von breunenden Schmerzen. Die Gastspiele der be¬
3002 2018 3072 2075 b1
654 2009 1840 2083 gespendet wurde, so wenig finde ich jene Beseligung
3007 2060 3099 2121 lich
1844 2068 3011 2125 rühmtesten Schauspielerinnen tragen viel dazu bei, uns den
1091 2052 1830 2119 meiner Ansicht in „Liebelei“ nicht
653 2056 1112 2142 berechtigt, die nach
3014 2107 3109 2155 alte
1845 2110 3015 2167 Wert der Agnes Sorma ganz erkennen zu lassen. So hoch
1093 2109 1835 2170 ihrer Christine, sondern durch
648 2109 1090 2176 durch den Wert
3018 2149 3125 2199 terist
1834 2126 3021 2207 wie ihre Nora über jener der Eleonore Duse steht, so sehr
650 2149 1844 2206 den Autoritätsglauben hervorgerufen wurde. Für das ein¬
3023 2183 3251 2246 beiden Epist
1851 2186 3021 2248 erhebt sich nach meiner Schätzung ihre Christine über die der
643 2188 1830 2258 fache, warmherzige Wiener Musikantenkind feblen Adele Sand¬
3016 2224 3304 2291 gut vertreten.
1834 2231 3020 2288 Adele Sandrock. Sie ist ein Kind aus dem Volke und ist
649 2242 1846 2298 rock in erster Linie die Ausdrucksmittel. Sie ist der Rolle
3089 2257 3344 2323 Den Schluf
1854 2285 3017 2337 mädchenhaft in jeder Faser ihres Wesens. Das glühende Ver¬
647 2287 1837 2337 körperlich und seelisch entwachsen. Ihrer schlanken Gestalt,
3034 2291 3342 2377 „Anatol=Cyklus“
1840 2316 3017 2366 langen, das sich in ihren großen, dunklen Augen malt, wird reiz¬
647 2327 1841 2370 die in reicher Toilette im Salon superbe wirkt, fehlte im be¬
3029 2350 3357 2417 souper“ lässt sich
1839 2354 3023 2411 voll gemildert durch die Bescheidenheit und Schüchternheit ihres
651 2359 1845 2426 scheidenen Kleid des Bürgermädchens die den verwöhnten Don
3023 2398 3359 2461 geschichten eines
1847 2408 3014 2457 Wesens. Sie ist naiv in ihrer Hingebung und wenn sie sich in die Arme
650 2423 1844 2469 Juan der Wiener Lebewelt bestechende Jugendfrische. Ihre
3025 2438 3356 2505 werden und zwa
1848 2429 3028 2500 des Geliebten schmiegt, zweifelt Niemand, daß sie in ihm ihre
656 2456 1842 2509 Sprache unterschied sich scharf von der ihrer Umgebung.
3017 2478 3349 2546 schiedssouper bil
1834 2486 3031 2547 Welt sieht. Wie sie im letzten Akt die zunehmende Angst
648 2489 1838 2547 Christine erhebt sich zwar durch ihr reiches Empfindungsleben
3032 2520 3300 2584 „Liebelei“. 2
1842 2528 3015 2591 schildert und die furchtbare Enttäuschung bei der plötzlichen
653 2535 1847 2595 und ihr sinniges Wesen über ihre Freunde und darum kann
3019 2556 3357 2632 Koje eines sein
1856 2572 3012 2622 Enthüllung, daß der Geliebte um einer Anderen willen in den
654 2577 1841 2633 ihre Sprache auch dialektfreier, edler klingen, allein die Ein¬
3026 2609 3330 2675 bestellt habe,
1848 2616 3019 2670 Tod gegangen ist, das schnürt dem Zuschauer die Brust zu¬
658 2620 1842 2679 flüsse ihres Milieus dürfen sich in ihrer Ausdrucksweise doch
3032 2649 3360 2711 schmerzen ein
1846 2654 3016 2711 sammen und jagt ihm einen Schauer nach dem andern durchs
647 2676 1837 2726 nicht so ganz verleugnen, daß es den Anschein gewinnt, als habe
3016 2687 3164 2764 lindern
3254 2697 3366 2749 von
1849 2702 3022 2765 Blut. Ihr glaubt man es, daß sie in den Tod gehen muss,
649 2691 1832 2762 sie sich all' ihre Lebtage nur mit Romanhelden unterhalten.
1837 2741 3024 2802 denn ihr bleiches Gesicht, ihre starren, brennenden Augen
648 2760 1845 2807 Durch den getragenen Ton und ihre reife Frauenerscheinung
1842 2777 3018 2840 lassen klar erkennen, welch' furchtbare Wunden die Liebelei
655 2789 1839 2856 riefen ihre Liebesäußerungen in mir nur die Illusion hervor,
1847 2819 3017 2885 eines Leichtsinnigen ihrem Herzen geschlagen hat. Während
663 2824 1843 2891 als handle es sich bei Christine um die sentimental ange¬
1842 2860 3026 2927 Adele Sandrock nicht über die larmoyante Christine
662 2876 1835 2929 hauchten Zärtlichkeitsäußerungen einer mütterlichen Freundin,
3011 2911 3075 2966 1 9
1855 2905 3032 2965 hinauskommt, giebt Agnes Sorma eine wahrhaft
654 2902 1845 2972 nicht um die heißen Wallungen eines glutvollen Mädchen¬
1854 2962 3031 3009 tragische Gestalt, in der jede mächtige Seelenbewegung in !
647 2956 1844 3021 herzens. Adele Sandrock hatte die Rolle durchweg auf den
1842 2991 3033 3052 leuchtender Färbung zu Tage tritt. Wohl bietet für die Por¬
649 3008 1839 3055 sentimentalen Ton gestimmt; sie bestach zuerst durch die Ein¬
3266 3037 3332 3089 usti
3021 3035 3141 3094 groß
1852 3039 3025 3109 stellung das Deutsche Theater einen günstigeren Rahmen als
656 3046 1836 3104 fachheit des Vortrags und im letzten Akt durch die Stärke des
3026 3076 3344 3129 soupers den Lau
1845 3096 3029 3143 der Riesenbau in der Kantstraße, aber hier war die Besetzung
662 3091 1848 3148 Schmerz= und Wehgefühls, das sich unter heftigem Schluchzen
3026 3119 3358 3178 sauberen“ Stati
1845 3120 3022 3180 des Stückes eine glücklichere als dort. Der Fritz des Herrn
667 3129 1850 3186 in einem Strom von Thränen entlud. So gewiss nun diese!
1844 3172 3358 3227 Stahl war edler und sympathischer als der seines Vor= keit gekränkte A
657 3161 1850 3238 heißen Thränen ehrliche Zeugen einer tiefen Empfindung
646 3214 3354 3281 waren und so gern ich es bekenne, daß die Darstellerin tausendj gängers, und in der Art wie er Christiuens Wohnung be¬ihr sagt, er hab
