3436 4224
363 172 712 246 Liebeler
297 226 769 282 „
884 169 1309 261 box 13/1
2392 637 2849 718 Morgen=Ausgabe
2383 699 2852 773 Mittwoch, 16. März 1927
1961 947 2427 1048 EEN
2436 957 2610 1063 8
2005 1185 2916 1259 wieder einmal „Die lustigen Fünf“ in einer über¬
2005 1240 2907 1302 us komischen Kinderkomödie Das Filichen heißt:
2039 1299 2887 1350 Schuster bleib bei deinen Leisten
2751 1340 2922 1400 u Geld
2042 1345 2703 1411 id erzählt von einem Schuster, der
2033 1395 2914 1461 zumt und Auto fahren will Was der Gag¬
2044 1457 2921 1504 en“ (so nennt man drüben die Leute, die zu einem
2044 1479 2922 1539 imstoff die Einfälle liefern) hier an Drollig¬
2048 1520 2922 1582 Zen und Tollheiten auf die Leinwand bringt ist
2056 1572 2924 1639 à Wälzen komisch. Der Film gefiel sehr und
2068 1613 2931 1674 j#e einen großen Heiterkeitserfolg. Ebenso der
2092 1662 2316 1728 e Fox=Film:
2303 1698 2624 1766 Wir ziehen,
2073 1740 2918 1815 im Tauentzien=Palast zu sehen ist. Eine Fa¬
2078 1793 2929 1845 #e gieht mit Kind Katze Hund und Verwandt¬
2072 1839 2929 1892 it in ein Sommerhäuschen Unbeschreiblich was
2081 1881 2931 1944 komische Zwischenfälle sich hierbei ereignen Be¬
2078 1915 2921 1980 ers die Szenen in der Untergrundbahn ent¬
2683 1970 2877 2047 F. D.-S.
2094 1978 2537 2045 #en brüllendes Gelächter.
2078 2032 2930 2084 bcuuerne##0
2087 2144 2504 2250 * 4% 1
2077 2129 2833 2325 beiener
2086 2328 2937 2416 Wiener Burgtheater, seine Liebe zu der Schau¬
2087 2395 2931 2442 erin Toni Adamberger, sein poetisches Wirken
2096 2425 2936 2494 Recht und Freiheit und schließlich seinen Helden¬
2104 2464 2944 2535 als Lützows verwegenster Offizier Oswalds
2099 2511 2942 2569 e war die gleiche wie in seinen großen histo¬
2092 2557 2934 2627 en Filmen (Lukretia Borgia, Lady Hamilton
2103 2601 2939 2650 mn.) nur wesentlich billiger In den Einfällen,
2087 2645 2936 2710 Baulichen und Darstellerischen. Den Wiener
2135 2685 2951 2744 mußte der Grunewald vertreten und alles
2200 2731 2947 2789 war historisch angehauchte Pappe.
2093 2776 2946 2830 fkert deklamierte und gestikulierte den Körner,
2100 2818 2945 2870 send Mary Kid die Toni gab Die mehr¬
2129 2871 2943 2921 eingeschnittene „wilde verwegene Jagd“ war
2108 2903 2949 2959 de nicht sehr imponierend im Bilde aufge¬
2096 2950 2955 3024 zen. So etwas hätte doch wenigstens richtig
2108 3000 2939 3041 acht werden müssen. Es kostet doch keinen
2112 3035 2941 3108 nig mehr, wenn man statt fünf gleichen Ein¬
2113 3084 2939 3137 #ngen von der Seite auch mal eine von unten
2113 3117 2956 3188 in einem neuen Drehbuchtempo machen läßt.
2703 3166 2899 3235 F. D.-S.
2106 3170 2587 3239 Zdem Beifall, Hervorrufe.
2101 3231 2918 3319 Tri=Ergon - Charleston ist Teumpf
2169 3299 2839 3378 im U.T. Kurfürstendamm
2097 3364 2966 3436 Man experimentiert seit Jahren von verschie¬
2115 3425 2954 3479 in Seiten an dem Tonfilm, an dem „sprechen¬
2120 3444 2949 3511 Film“ herum Zähe muß hier Schritt um
2112 3486 2959 3580 fitt erobert werden auf dem Weg zum Ziel.
2128 3533 2953 3611 noch immer sind wir weit davon entfernt. be¬
2105 3572 2956 3646 digt ja sagen zu können. Noch immer erleben
2112 3628 2963 3685 zwei Vorgänge nebeneinander, günstigstenfalls
2110 3675 2963 3729 inem akurat gleichzeitigen Nebeneinander: aber
2116 3710 2962 3783 einem Tonfilm im wahren Sinn zu sprechen,
2106 3757 2962 3823 d erst erlaubt sein, wenn wir einen einheitlichen
2118 3794 2957 3893 gbildlichen Vorgang erleben Vorläufig müssen
2136 3838 2965 3905 uns damit bescheiden bei dem neuen Tri¬
2104 3894 2970 3937 gon=Film der Ufa, der unter der Lei¬
2110 3926 2965 3996 g von Professor Leithäuser und unter
2873 3974 2920 4022 4
2121 3969 2874 4047 wirkung des Erfinders Heinrich
2116 4017 2970 4077 chenmeister entstand. Fortschritte zu kon¬
2111 4052 2971 4130 zeren: am meisten kann man das bei dem
2731 4102 2954 4159 gerbers,
