3484 4320
581 179 931 254 iebelei
1069 184 1506 271 box 12/7
386 180 928 285 5. Ln  hin
581 493 1047 646 #ung Krer
574 690 1499 770 Kremser Stadttheater. 31. April. „Liebelei“ von
493 736 1489 812 Arthur Schnitzler. Der erste Schnitzter der hier gegeben
510 781 1491 851 wurde.—In diesem Stücke finden wir schon die ganze
506 816 1489 889 Art dieses modernen Wiener Dichters. Es ist das der
498 866 1486 923 mondaine Glanz seiner Menschen und ihre kultivierte
500 909 1490 963 Empfindlichkeit. Es handelt sich um eine einfache Liebes¬
500 946 1484 1008 geschichte. Der elegante junge Mann, der ein Vorstadt¬
506 978 1483 1043 mädchen gern hat, nachdem ein kurzer, etwas schwüler
498 1013 1479 1093 Roman mit einer eleganten Frau eben zu Ende gehl.
495 1044 1487 1136 Der Ehemann dieser Frai fordert Genugtuung von
502 1092 1488 1174 ihm und schießt ihn tot. Am Abend vor dem Duell geht
489 1133 1475 1207 der jnage Mann zu dem Vorstadtmädchen hinaus.
494 1178 1472 1250 Dieses aeme junge Ding ist ihm in andächtiger bewun¬
485 1220 1472 1270 dernder Liebe ergeben, ihre erste Liebe. Und so sitzt er
493 1257 1479 1323 in ihrem kleinen Zimmer, das Herz voll süßem und
486 1299 1476 1369 bitteren Gefühl von Wehe und Neue, von Zärtlichkeit
489 1340 1472 1393 und Todesahnung und nimmt endlich schmerzlichen
488 1371 1475 1448 Abschied. In der nächsten Szene bringt man dem
487 1412 1476 1496 Vorstadtmädchen die Nachricht, daß ihr Geliebter im
479 1442 1470 1525 Duell gefallen sei. Da bricht sie zusammen in der
481 1489 1472 1557 Erkenntnis, ihre ganze Liebe, ihren ganzen Glauben.
477 1521 1473 1607 den Inhalt ihrer Jugend an einen Mann hingegeben
474 1573 1471 1644 zu haben, der mit seiner Neigung bei einer anderen
474 1616 1471 1686 geweilt, der im Kampfe um diese ferne, fremde Frau
472 1662 1458 1718 erschossen wurde. Die Aufführung war schleichend,
466 1696 1463 1764 schleppend und stellenweise langweilig. Frl. Cornelli
477 1728 1453 1798 ist eben nicht die richtige „Christine“. Soll sein ein
461 1777 1465 1842 frisches, junges Kind — war aber geziert und affektiert
462 1809 1464 1873 wie eine süßliche alte Jungfer. Damit war das Stück
461 1847 1464 1920 umgebracht. Auch Herrn Kuri Weiß fehlte für den
462 1882 1459 1962 Fritz die Leichtigkeit und Frische dieser tragisch zer¬
462 1925 1457 2003 brochenen Jugend. Frl. Mollik verschob die samose
461 1973 1455 2048 Figur der Schlagermizzi zu viel ins demimondäne;
459 2014 1458 2081 gestaltete kein etwas „erfahrenes“, leichtsinnig gutmütiges,
451 2055 1450 2124 süßes Mädel, sondern beinahe eine routinierte Kokette.
453 2094 1445 2162 Treffend war der Theodor des Herrn Hohenau,
460 2132 1454 2182 charakterisiert in seinem Humor und der leichten Ueber¬
449 2162 1444 2239 legenheit. Rührend der gute alte Musikus des Herrn
462 2200 1450 2285 Schneider und Frau Lichten als Nachbarin mit
450 2251 1073 2317 ihrem wahren natürlichen Spiele.
552 2303 1435 2369 1. Mai „Die spanische Fliege“ Schwank in
445 2334 1442 2409 3 Akten von Franz Arnold und Ernst Bach. Eine höchst
449 2392 1447 2456 heitere Geschichte, worin man sich einmal gründlich
454 2431 1444 2486 auslachen kann. Das zum Teil neue Ensemole gab
445 2459 1445 2529 hiemiteine befriedigende Probe seines Könnens. Im
450 2501 1445 2574 #bergrund gelungener Schauspielleistungen standen
429 2559 1443 2627 „Die Herren Kammauf, Lichten, Steiner, Gelduschek
435 2594 1437 2671 und Kurt Weiß und die Damen Frl. Natzler, Frau
443 2615 1079 2703 Luise Lichten und Frl. Moilik.
1244 2642 1394 2697 R. S.
525 3018 1125 3185 (Theater und
1148 3055 1481 3206 Kunst.
659 3175 1499 3252 Aussiger Stadttheater. („Liebelzi“ von
499 3223 1513 3302 Arthur Schnitzler.) Nach Ueberwindung vieler Schwie¬
501 3262 1502 3330 rigerte Sommerspielzeit von dem
504 3306 1504 3382 zurückgebliebenen Reste unserer Bühnenmitglieder für
507 3349 1496 3423 eigene Rechnung eröffnet. In dem Prolog wies der
508 3382 1503 3466 Betriebsrat in menigen Versen auf die Rot der Zeit
508 3438 1510 3516 hin und erbat für das ehrliche künstlerische Streben
493 3482 1499 3541 Nachsicht und Gunst des Publikums. Die Wahl von
502 3517 1501 3607 Schnitzlers „Liebelei“ für die Eröffnungsvorstel¬
493 3561 1499 3645 lung dentet auf guten literarischen Geschmack. Da
493 3601 1489 3667 das Ensemble noch nicht beisammen ist, ergaben sich
488 3652 1491 3740 Besetzungsschwierigkeiten, die teilweise durch Anleihen
500 3698 1485 3766 aus der Operette behoben werden mußten, Fräulein:
488 3724 1492 3822 Salten und Herr Wiesner brachten infolgedessen
489 3774 1479 3840 übermütige Operettenstimmung auf die Bühne. Ein
482 3806 1480 3891 Gast aus Brür, Herr Emil Günther, machte einen
493 3859 1475 3947 sehr befangenen Eindruck. Von den bewährten Kräf¬
496 3901 1465 3976 sen unserer Bühne retteten Frl. Weber al¬
497 3937 1483 4025 Christine und Herr Hühne: als Vater Weiring die
495 3976 1495 4056 Stimmung des Abends und brachten besonders bi###t
496 4023 1514 4119 ergreifende Schlußszene gut zur Wirkung.
640 4065 790 4123 C
2864 391 3035 479 21.300
2184 380 2978 542 Ebs Zaltung, Huboig at.
2212 519 3178 647 „Liebelei“ von Schnitzler. Die Sommerspielzeit
2146 585 3161 688 egann Montag. Der ersten nssührung ging eine Fest¬
2141 620 3172 721 Iuverture und ein Prolog, in welchem der neue Betriebs¬
2131 662 3176 746 at die Gunst des Publikums erbat, voran. Das Schnitz¬
2132 707 3178 798 er'sche Werk, das Trauerspiel eines Mädchenherzens, das
2122 753 3166 833 ich ganz gegeben und als Liebelei genommen wurde, kam
2125 771 3176 884 m dritten Akte zur rechten Wirtung. Die dramatische
2131 816 3161 911 Szens dieses Aktes wurde von Herrn Hübner (Weiring)
2119 873 3171 959 und Frl. Weber (Christine) lebendig durchgeführt. Der
2120 901 3158 985 erste Akt und sein flottes Leben erhielten durch Herrn
2124 930 3196 1028 Wiesner (Theodor) und Frl. Salten (Mizzi) einen etwas
2114 992 3147 1076 übermütigen, operettenhaften Aufputz. Den Fritz Lobheimer
2107 1019 3148 1107 spielte eine neue Kraft, Herr Günther, ohne dieser=Rolle
2112 1052 3173 1169 sehr nahe zu treten. Der Besuch war schwach.E. W.
2137 1108 2516 1179 vne e umenaeechmerammge eceschileage
2725 1559 2898 1633 J0L. 15
2175 1581 2764 1690 Frank### Zeitung
2248 1656 2359 1736 Fr.
2543 1659 2676 1747 M.
2071 1717 3153 1803 e[Frankfurter Neues Theater.] Wenn die gestrige
1981 1772 3157 1850 Christine in Schnitzlers „Liebelei“ nicht etwa ihr eigenstes
1980 1817 3162 1888 Wesen herausstelltefndern nur eine der vielen Naturen, die das
1982 1855 3160 1928 Theater vom Seelenverwandlungsmenschen verlangt, dann wollen
1977 1895 3151 1968 wir sie gleich hierbehalten. Frl. Hilde Wall (von den Mün¬
1975 1928 3153 2008 chener Kammerspielen), eine schlanke Blondine mit einem regel¬
1974 1979 3139 2029 mäßig geschnittenen, leise an Hellas gemahnenden Kopf und
1974 2017 3156 2087 wohlklingendem Organ, kam, spielte und siegte. Ihre Christine
1971 2056 3147 2116 war das bescheidene, kleine Mädel, vom Stamme derer, die nur
1975 2095 3149 2173 einmal lieben und die an ihrer Liebe zerbrechen. Alles Verhüllte,
1977 2126 3155 2209 Duftige, geheim Innige dieses liebenswertesten Mädchens, das
1968 2177 3142 2229 Schnitzler gedichtet, ward Wort und Blick und Geberde, aller
1976 2208 3148 2283 Jammer der Mißhandelten sprang auf in heiserem Schrei und
1974 2257 3147 2314 zog in dunkeln Wolken über die reine Stirn. Zeigt der Gast
1965 2295 3144 2360 auch in anderen Aufgaben so viel sicheren Instinkt, ein so feines!
1973 2327 3138 2400 Gefühl für die Bedeutung der Halbtöne, so viel Sicherheit in der
1973 2366 3143 2450 Entwicklung eines Schicksals, dann darf das Neue Theater die
1972 2404 3139 2491 Anstellung ruhig wagen. Neben der edeln Gabe des Gastes traten
1965 2448 3120 2504 die Leistungen anderer Darsteller merklich zurück wie denn über¬
1959 2496 3129 2559 haupt die Wiedergabe im Ganzen der Reise entbehrte. So miß¬
1963 2531 3130 2598 lang z. B. im ersten Aufzug die Verwebung heiterer und ernster
1961 2568 3130 2629 Stimmungen, indem der graziöse Wiener Uebermut (nur die
1956 2602 3114 2680 Mädchen sprachen Wien) zur schrillen Ausgelassenheit gesteigert
1968 2647 3115 2715 wurde, worin die zweite Gastin, Frl. Mela Schwarz, die
1970 2684 3112 2757 später als Lehenskundige und Resolute die rechte Haltung fand,
1956 2718 3107 2790 sich besonders übernahm. Die Herren Bettac (Fritz) und
1957 2770 3108 2836 Wallburg (Theodor) sind keine Wiener. Der Erstere ließ
1957 2806 3115 2872 zu wenig von dem ahnen, was er erlebt, Herr Wallburg gab sich
1954 2846 3113 2911 zu merkbar Mühe und spielte statt eines Menschen Auftritte.
1948 2883 3107 2952 Frl. Sieger als Tante Binder war zu direkt, unterstrich mehr
1952 2931 3107 2985 als nötig. Herr Schmöle (ein Herr) genügte in seiner kleinen
1952 2957 3099 3035 Szene. Einzig Herr Schwarze (Vater) wurde nächst Christine
1951 3003 3093 3071 dem Dichter warm, gütig und verstehend, gerecht. — Als Nach¬
1945 3045 3090 3112 tisch (Eisersatz nach einer schweren Schüssel) stand das Lust¬
1940 3082 3104 3140 spielchen „Die ferne Prinzessin“ von Sudermann
1949 3126 3087 3190 auf dem Zettel, eine artige Harmlosigkeit, die zum Vergnügen
1944 3154 2211 3216 des Publikum
2215 3167 3101 3223 einen in die Prinzessin verliebten cand. phil. mit
1939 3193 2176 3243 seiner noch
2238 3200 3097 3270 von ihm gesehenen Herzenskönigin in einem
1943 3234 2171 3284 Dorfwirtsb
2206 3249 3092 3297 zusammenführt. Herr Wallburg, naiv und
1934 3274 2168 3340 herzlich, h.
2209 3276 3117 3349 h einen hübschen Erfola. Frl. Schwans durfte
1774 3313 2052 3405 Se
2858 3348 2935 3421 Mn
1805 3391 2137 3460 als wohlgedrillt
2189 3408 2989 3470 d im Zwiegespräch mit ihrem Anbeter
1805 3436 2094 3493 schüchtern aus
2199 3448 2973 3514 rausgehende Prinzessin gefallen. In den
1804 3478 2105 3532 übrigen kleinen
2207 3485 2969 3557 leinsten Rollen wurde nichts versehen. —
1796 3513 2108 3573 Anmerkung fü
2214 3524 2995 3581 künftigen Besucher der „Liebelei: Dieses
1795 3556 2102 3613 Stück ist, obgl
2204 3556 3026 3622 eitere Stellen enthält, keineswegs ein Lust¬*
1791 3595 2089 3656 spiel, sondern
2205 3606 2639 3677 terernste Sache! ck.
