<?xml version="1.0" encoding="UTF-8" standalone="yes"?>
<PcGts xmlns="http://schema.primaresearch.org/PAGE/gts/pagecontent/2013-07-15" xmlns:xsi="http://www.w3.org/2001/XMLSchema-instance" xsi:schemaLocation="http://schema.primaresearch.org/PAGE/gts/pagecontent/2013-07-15 http://schema.primaresearch.org/PAGE/gts/pagecontent/2013-07-15/pagecontent.xsd">
    <Metadata>
        <Creator>prov=University of Rostock/Institute of Mathematics/CITlab/Gundram Leifert/gundram.leifert@uni-rostock.de:name=ONB_Newseye_GT_M1+(htr_id=10810)::::v=2.4.2
prov=University of Rostock/Institute of Mathematics/CITlab/Tobias Gruening/tobias.gruening@uni-rostock.de:name=de.uros.citlab.module.baseline2polygon.B2PSeamMultiOriented:v=2.4.2
prov=University of Rostock/Institute of Mathematics/CITlab/Tobias Gruening/tobias.gruening@uni-rostock.de:name=/mnt/transkribus/LA/DEA/URO/LA_news_onb_att.pb:de.uros.citlab.segmentation.CITlab_LA_ML:v=2.4.2
Transkribus</Creator>
        <Created>2019-10-07T11:52:43.159+02:00</Created>
        <LastChange>2019-10-09T04:25:42.757+02:00</LastChange>
        <TranskribusMetadata docId="223992" pageId="9507699" pageNr="506" tsid="16622233" status="IN_PROGRESS" userId="40391" imgUrl="https://files.transkribus.eu/Get?id=VSZPVTGDWLWEPDFSKJYZQDMJ&amp;fileType=view" xmlUrl="https://files.transkribus.eu/Get?id=NHLQFHACFEIEINYKZADQHZSS" imageId="6197322"/>
    </Metadata>
    <Page imageFilename="223992_0506.jpeg" imageWidth="3344" imageHeight="4320">
        <ReadingOrder>
            <OrderedGroup id="ro_1711445865894" caption="Regions reading order">
                <RegionRefIndexed index="0" regionRef="r1"/>
                <RegionRefIndexed index="1" regionRef="r2"/>
            </OrderedGroup>
        </ReadingOrder>
        <TextRegion orientation="0.0" id="r1" custom="readingOrder {index:0;}">
            <Coords points="306,215 306,276 852,276 852,215"/>
            <TextLine id="r1l1" custom="readingOrder {index:0;}">
                <Coords points="461,254 630,253 650,241 666,252 779,247 790,245 789,199 769,190 751,202 719,179 640,203 617,184 578,203 535,184 459,188"/>
                <Baseline points="469,246 495,244 521,242 547,242 573,241 599,241 625,240 651,240 677,239 703,239 729,238 755,236 781,235"/>
                <TextEquiv>
                    <Unicode>Liebele</Unicode>
                </TextEquiv>
            </TextLine>
            <TextLine id="r1l2" custom="readingOrder {index:1;}">
                <Coords points="297,268 365,249 454,286 747,268 860,290 861,206 825,198 760,242 607,249 426,223 403,236 357,195 299,188"/>
                <Baseline points="306,240 333,245 360,250 387,254 415,257 442,260 469,262 497,264 524,265 551,266 579,266 606,266 633,266 660,265 688,265 715,263 742,262 770,261 797,258 824,257 852,255"/>
                <TextEquiv>
                    <Unicode>5. —1</Unicode>
                </TextEquiv>
            </TextLine>
            <TextEquiv>
                <Unicode>Liebele
5. —1</Unicode>
            </TextEquiv>
        </TextRegion>
        <TextRegion orientation="0.0" id="r2" custom="readingOrder {index:1;}">
            <Coords points="1007,202 1007,3610 2586,3610 2586,202"/>
            <TextLine id="r2l1" custom="readingOrder {index:0;}">
                <Coords points="998,240 1108,248 1206,224 1275,244 1326,241 1325,181 1310,183 1294,167 1256,177 1219,169 1167,192 1126,184 1072,196 1039,173 997,176"/>
                <Baseline points="1007,233 1032,233 1058,232 1084,232 1110,232 1136,231 1162,231 1187,231 1213,230 1239,229 1265,228 1291,227 1317,224"/>
                <TextEquiv>
                    <Unicode>box 10</Unicode>
                </TextEquiv>
            </TextLine>
            <TextLine id="r2l2" custom="readingOrder {index:1;}">
                <Coords points="1481,837 1530,846 1556,836 1648,847 1774,845 1787,843 1788,814 1742,802 1713,814 1684,800 1660,816 1635,805 1616,812 1598,797 1574,812 1547,804 1481,816"/>
                <Baseline points="1490,833 1516,834 1542,834 1568,835 1594,836 1620,837 1647,838 1673,839 1699,839 1725,839 1751,839 1778,839"/>
                <TextEquiv>
                    <Unicode></Unicode>
                </TextEquiv>
            </TextLine>
            <TextLine id="r2l3" custom="readingOrder {index:2;}">
                <Coords points="2000,853 2121,847 2164,866 2228,848 2254,858 2296,849 2363,866 2410,854 2411,816 2348,805 2293,824 2273,814 2171,823 2111,806 2001,816"/>
                <Baseline points="2010,841 2036,842 2062,843 2088,844 2114,845 2140,845 2166,846 2192,846 2218,847 2244,847 2270,848 2296,849 2322,850 2348,850 2374,851 2401,852"/>
                <TextEquiv>
                    <Unicode>0</Unicode>
                </TextEquiv>
            </TextLine>
            <TextLine id="r2l4" custom="readingOrder {index:3;}">
                <Coords points="1663,954 2024,960 2025,903 1966,888 1937,900 1868,888 1850,904 1757,896 1724,873 1664,887"/>
                <Baseline points="1672,929 1698,930 1724,930 1750,930 1777,930 1803,930 1829,930 1856,930 1882,931 1908,931 1935,932 1961,934 1987,934 2014,936"/>
                <TextEquiv>
                    <Unicode>Telefon 12801.</Unicode>
                </TextEquiv>
            </TextLine>
            <TextLine id="r2l5" custom="readingOrder {index:4;}">
                <Coords points="1385,1041 2307,1038 2307,1007 2160,981 2098,1003 1825,969 1386,970"/>
                <Baseline points="1394,1014 1439,1016 1484,1018 1529,1020 1574,1021 1620,1023 1665,1024 1710,1025 1755,1026 1800,1027 1846,1028 1891,1028 1936,1029 1981,1029 2026,1030 2072,1031 2117,1031 2162,1031 2207,1032 2252,1032 2298,1033"/>
                <TextEquiv>
                    <Unicode>Unternehmen für Zeitungs-Ausschnitte.</Unicode>
                </TextEquiv>
            </TextLine>
            <TextLine id="r2l6" custom="readingOrder {index:5;}">
                <Coords points="2361,1042 2387,1039 2401,1052 2437,1052 2456,1036 2469,1037 2499,1061 2534,1043 2549,1053 2569,1042 2594,1044 2595,1010 2555,989 2521,986 2462,1013 2422,1003 2400,1003 2387,1015 2362,1009"/>
                <Baseline points="2370,1032 2397,1032 2424,1032 2451,1033 2478,1034 2505,1034 2532,1035 2559,1035 2586,1034"/>
                <TextEquiv>
                    <Unicode>Ausschnitt</Unicode>
                </TextEquiv>
            </TextLine>
            <TextLine id="r2l7" custom="readingOrder {index:6;}">
                <Coords points="1537,1151 1637,1141 1713,1162 1776,1138 1865,1154 1921,1132 2012,1159 2141,1158 2142,1047 1885,1063 1634,1030 1538,1067"/>
                <Baseline points="1546,1134 1575,1132 1604,1131 1633,1131 1663,1130 1692,1130 1721,1130 1751,1130 1780,1130 1809,1131 1839,1131 1868,1132 1897,1132 1926,1133 1956,1134 1985,1134 2014,1134 2044,1135 2073,1135 2102,1135 2132,1134"/>
                <TextEquiv>
                    <Unicode>„OBSERVER“</Unicode>
                </TextEquiv>
            </TextLine>
            <TextLine id="r2l8" custom="readingOrder {index:7;}">
                <Coords points="2272,1146 2323,1156 2347,1144 2361,1154 2449,1148 2465,1160 2580,1143 2583,1081 2537,1059 2475,1062 2434,1042 2391,1064 2327,1065 2309,1047 2277,1046"/>
                <Baseline points="2282,1127 2308,1127 2334,1128 2361,1129 2387,1130 2413,1131 2440,1133 2466,1135 2492,1136 2519,1137 2545,1137 2572,1137"/>
                <TextEquiv>
                    <Unicode>Nr. 74</Unicode>
                </TextEquiv>
            </TextLine>
            <TextLine id="r2l9" custom="readingOrder {index:8;}">
                <Coords points="1116,1192 2394,1233 2592,1176 1117,1132"/>
                <Baseline points="1126,1187 1198,1189 1271,1190 1344,1191 1417,1193 1490,1194 1562,1195 1635,1197 1708,1198 1781,1199 1854,1201 1926,1202 1999,1203 2072,1205 2145,1206 2218,1207 2290,1208 2363,1209 2436,1210 2509,1211 2582,1211"/>
                <TextEquiv>
                    <Unicode>I. öste r. behördl. concess. Bureau für Zeitungsberichte und Personalnachrichten</Unicode>
                </TextEquiv>
            </TextLine>
            <TextLine id="r2l10" custom="readingOrder {index:9;}">
                <Coords points="1406,1265 1487,1305 1544,1282 1602,1305 2172,1288 2261,1313 2288,1310 2290,1234 1406,1227"/>
                <Baseline points="1414,1266 1457,1270 1500,1274 1543,1277 1587,1279 1630,1280 1673,1282 1717,1282 1760,1283 1803,1283 1847,1283 1890,1283 1933,1284 1976,1284 2020,1284 2063,1284 2106,1285 2150,1286 2193,1286 2236,1288 2280,1290"/>
                <TextEquiv>
                    <Unicode>Wien, IX/1 Türkenstrasse 17.</Unicode>
                </TextEquiv>
            </TextLine>
            <TextLine id="r2l11" custom="readingOrder {index:10;}">
                <Coords points="1340,1366 2377,1375 2377,1338 2272,1307 2164,1334 1645,1328 1582,1294 1341,1315"/>
                <Baseline points="1349,1347 1399,1348 1450,1349 1501,1350 1552,1352 1603,1353 1654,1355 1705,1356 1756,1358 1807,1359 1858,1361 1908,1362 1959,1363 2010,1364 2061,1365 2112,1365 2163,1365 2214,1365 2265,1364 2316,1363 2367,1361"/>
                <TextEquiv>
                    <Unicode> Filiale in Budapest: „Figyelö“, VIII. Josefsring 31a. —</Unicode>
                </TextEquiv>
            </TextLine>
            <TextLine id="r2l12" custom="readingOrder {index:11;}">
                <Coords points="1106,1493 1189,1509 1219,1496 1235,1511 1288,1496 1399,1508 1432,1491 1532,1518 1607,1506 1607,1451 1425,1461 1384,1437 1305,1434 1212,1458 1171,1434 1107,1451"/>
                <Baseline points="1115,1496 1140,1493 1165,1492 1191,1491 1216,1491 1241,1491 1267,1491 1292,1491 1317,1492 1343,1493 1368,1494 1394,1495 1419,1496 1444,1497 1470,1498 1495,1498 1520,1498 1546,1498 1571,1497 1597,1495"/>
                <TextEquiv>
                    <Unicode>Ausschnitt aus:</Unicode>
                </TextEquiv>
            </TextLine>
            <TextLine id="r2l13" custom="readingOrder {index:12;}">
                <Coords points="1623,1532 1670,1513 1707,1540 1831,1522 1873,1545 1907,1519 1957,1543 2009,1515 2170,1524 2169,1476 2091,1459 2020,1473 1938,1461 1903,1481 1850,1462 1623,1479"/>
                <Baseline points="1632,1520 1658,1521 1684,1523 1711,1523 1737,1524 1764,1524 1790,1523 1817,1523 1843,1522 1870,1521 1896,1520 1922,1519 1949,1518 1975,1518 2002,1517 2028,1517 2055,1517 2081,1517 2108,1518 2134,1519 2161,1522"/>
                <TextEquiv>
                    <Unicode> OSt, Berl</Unicode>
                </TextEquiv>
            </TextLine>
            <TextLine id="r2l14" custom="readingOrder {index:13;}">
                <Coords points="1112,1631 1155,1647 1178,1632 1224,1654 1258,1631 1319,1653 1429,1645 1456,1675 1563,1663 1567,1610 1514,1584 1397,1588 1307,1568 1246,1569 1212,1592 1116,1580"/>
                <Baseline points="1121,1625 1146,1622 1172,1621 1197,1621 1223,1621 1248,1622 1274,1625 1299,1627 1325,1630 1350,1633 1376,1637 1401,1639 1427,1642 1452,1644 1478,1646 1503,1646 1529,1646 1555,1645"/>
                <TextEquiv>
                    <Unicode>vom 10½ 00</Unicode>
                </TextEquiv>
            </TextLine>
            <TextLine id="r2l15" custom="readingOrder {index:14;}">
                <Coords points="1661,1872 1738,1863 1778,1881 1822,1863 1873,1883 1927,1865 1953,1881 2155,1857 2155,1826 2040,1806 2015,1823 1951,1803 1834,1823 1800,1804 1731,1815 1661,1803"/>
                <Baseline points="1670,1853 1695,1855 1720,1857 1745,1858 1770,1859 1795,1859 1820,1859 1845,1859 1870,1859 1895,1859 1920,1858 1945,1858 1970,1858 1995,1857 2020,1857 2045,1857 2070,1856 2095,1857 2120,1857 2146,1858"/>
                <TextEquiv>
                    <Unicode>Lessing=Theater.</Unicode>
                </TextEquiv>
            </TextLine>
            <TextLine id="r2l16" custom="readingOrder {index:15;}">
                <Coords points="1505,1912 2294,1925 2363,1913 2364,1873 1506,1865"/>
                <Baseline points="1514,1903 1556,1905 1598,1906 1640,1907 1682,1908 1724,1909 1766,1910 1808,1911 1850,1911 1892,1912 1934,1912 1976,1912 2018,1912 2060,1912 2102,1912 2144,1912 2186,1912 2228,1911 2270,1911 2312,1910 2355,1910"/>
                <TextEquiv>
                    <Unicode>In dem feinsinnigen, zuweilen von echter dichteri¬</Unicode>
                </TextEquiv>
            </TextLine>
            <TextLine id="r2l17" custom="readingOrder {index:16;}">
                <Coords points="1426,1950 2056,1964 2226,1934 2337,1960 2364,1955 2365,1911 1427,1903"/>
                <Baseline points="1435,1946 1481,1946 1527,1946 1573,1946 1619,1946 1665,1946 1711,1946 1757,1947 1803,1947 1849,1948 1895,1948 1941,1949 1987,1949 2033,1950 2079,1950 2125,1950 2171,1951 2217,1951 2263,1951 2309,1951 2356,1951"/>
                <TextEquiv>
                    <Unicode>scher St mmung erfüllten Drama „Liebelei“ einem</Unicode>
                </TextEquiv>
            </TextLine>
            <TextLine id="r2l18" custom="readingOrder {index:17;}">
                <Coords points="1435,1982 2268,2008 2367,2001 2368,1948 1435,1953"/>
                <Baseline points="1444,1981 1489,1982 1535,1983 1581,1984 1626,1984 1672,1985 1718,1985 1763,1985 1809,1985 1855,1985 1901,1986 1946,1986 1992,1986 2038,1987 2083,1987 2129,1989 2175,1990 2220,1992 2266,1994 2312,1996 2358,1999"/>
                <TextEquiv>
                    <Unicode>der besten Erzeugnisse der neueren Wiener Schrift¬</Unicode>
                </TextEquiv>
            </TextLine>
            <TextLine id="r2l19" custom="readingOrder {index:18;}">
                <Coords points="1439,2028 2366,2016 2200,1987 1439,1983"/>
                <Baseline points="1447,2019 1492,2021 1537,2022 1583,2023 1628,2024 1674,2024 1719,2024 1765,2025 1810,2025 1856,2024 1901,2024 1946,2024 1992,2024 2037,2023 2083,2023 2128,2023 2174,2023 2219,2023 2265,2023 2310,2023 2356,2024"/>
                <TextEquiv>
                    <Unicode>stellerschule, zeigte Frau Sorma gestern wieder, wie</Unicode>
                </TextEquiv>
            </TextLine>
            <TextLine id="r2l20" custom="readingOrder {index:19;}">
                <Coords points="1437,2056 2124,2053 2370,2088 2370,2043 2324,2024 1437,2029"/>
                <Baseline points="1446,2056 1491,2057 1537,2057 1583,2057 1628,2058 1674,2058 1720,2058 1765,2058 1811,2058 1857,2058 1903,2058 1948,2058 1994,2058 2040,2059 2085,2059 2131,2059 2177,2060 2222,2060 2268,2061 2314,2062 2360,2063"/>
                <TextEquiv>
                    <Unicode>reich begabt sie ist, und wie sie es versteht,</Unicode>
                </TextEquiv>
            </TextLine>
            <TextLine id="r2l21" custom="readingOrder {index:20;}">
                <Coords points="1425,2111 2328,2105 2366,2092 2367,2058 1793,2074 1425,2046"/>
                <Baseline points="1433,2092 1479,2092 1525,2091 1571,2091 1617,2092 1664,2093 1710,2093 1756,2094 1802,2095 1848,2096 1895,2097 1941,2098 1987,2098 2033,2099 2079,2099 2126,2099 2172,2098 2218,2097 2264,2096 2310,2094 2357,2091"/>
                <TextEquiv>
                    <Unicode>jede Gefühlsnüance mit vollendetem seelischen Aus¬</Unicode>
                </TextEquiv>
            </TextLine>
            <TextLine id="r2l22" custom="readingOrder {index:21;}">
                <Coords points="1435,2130 2367,2136 2367,2089 1795,2095 1753,2121 1435,2085"/>
                <Baseline points="1444,2127 1489,2129 1535,2130 1581,2131 1626,2133 1672,2133 1718,2134 1763,2135 1809,2136 1855,2136 1901,2136 1946,2137 1992,2137 2038,2136 2083,2136 2129,2136 2175,2135 2220,2134 2266,2134 2312,2132 2358,2131"/>
                <TextEquiv>
                    <Unicode>druck darzustellen. Christine, die schlichte Heldin</Unicode>
                </TextEquiv>
            </TextLine>
            <TextLine id="r2l23" custom="readingOrder {index:22;}">
                <Coords points="1437,2170 2366,2162 2342,2135 1960,2156 1437,2135"/>
                <Baseline points="1446,2166 1491,2167 1537,2168 1582,2169 1628,2170 1673,2171 1719,2172 1764,2172 1810,2173 1855,2173 1901,2173 1946,2174 1992,2174 2037,2173 2083,2173 2128,2172 2174,2171 2219,2171 2265,2169 2310,2168 2356,2166"/>
                <TextEquiv>
                    <Unicode>der Liebelei, ist ein einfaches, gemüthvolles Wiener</Unicode>
                </TextEquiv>
            </TextLine>
            <TextLine id="r2l24" custom="readingOrder {index:23;}">
                <Coords points="1424,2217 2353,2210 2353,2176 2322,2174 1424,2172"/>
                <Baseline points="1433,2206 1478,2206 1524,2205 1569,2205 1615,2205 1660,2205 1706,2206 1751,2206 1797,2207 1842,2207 1888,2208 1934,2208 1979,2209 2025,2209 2070,2209 2116,2209 2161,2209 2207,2209 2252,2208 2298,2207 2344,2206"/>
                <TextEquiv>
                    <Unicode>Kind. umflossen von der Anmuth und stillen Grazie, die</Unicode>
                </TextEquiv>
            </TextLine>
            <TextLine id="r2l25" custom="readingOrder {index:24;}">
                <Coords points="1425,2239 2365,2257 2341,2212 1425,2217"/>
                <Baseline points="1435,2243 1481,2243 1527,2244 1573,2244 1619,2245 1665,2245 1711,2245 1757,2246 1803,2246 1849,2246 1895,2246 1941,2246 1987,2246 2033,2246 2079,2246 2125,2245 2171,2245 2217,2244 2263,2244 2309,2244 2356,2243"/>
                <TextEquiv>
                    <Unicode>bezaubernd wirkt, weil sie frei von aller Koketterie</Unicode>
                </TextEquiv>
            </TextLine>
            <TextLine id="r2l26" custom="readingOrder {index:25;}">
                <Coords points="1425,2276 2372,2278 2324,2247 1425,2245"/>
                <Baseline points="1433,2278 1479,2279 1525,2279 1572,2280 1618,2281 1665,2281 1711,2282 1758,2283 1804,2283 1851,2284 1897,2284 1943,2284 1990,2284 2036,2284 2083,2284 2129,2284 2176,2283 2222,2282 2269,2281 2315,2279 2362,2278"/>
                <TextEquiv>
                    <Unicode>ist. Sie liebt ihren Fritz, den feschen und liebens¬</Unicode>
                </TextEquiv>
            </TextLine>
            <TextLine id="r2l27" custom="readingOrder {index:26;}">
                <Coords points="1438,2325 2365,2329 2365,2289 1438,2287"/>
                <Baseline points="1446,2319 1491,2318 1536,2318 1582,2318 1627,2318 1673,2318 1718,2319 1764,2319 1809,2320 1855,2320 1900,2320 1945,2321 1991,2321 2036,2321 2082,2322 2127,2322 2173,2322 2218,2321 2264,2321 2309,2320 2355,2320"/>
                <TextEquiv>
                    <Unicode>würdigen Wiener jungen Studenten, mit all der</Unicode>
                </TextEquiv>
            </TextLine>
            <TextLine id="r2l28" custom="readingOrder {index:27;}">
                <Coords points="1431,2358 2371,2368 2371,2330 2267,2319 1431,2326"/>
                <Baseline points="1440,2357 1486,2357 1532,2356 1578,2356 1624,2356 1670,2356 1716,2356 1762,2356 1808,2356 1854,2356 1901,2356 1947,2357 1993,2357 2039,2357 2085,2357 2131,2358 2177,2358 2223,2358 2269,2358 2315,2358 2362,2358"/>
                <TextEquiv>
                    <Unicode>Hingabe und Treue, deren ihre reine Seele fäbig ist.</Unicode>
                </TextEquiv>
            </TextLine>
            <TextLine id="r2l29" custom="readingOrder {index:28;}">
                <Coords points="1434,2400 2370,2412 2370,2354 1434,2359"/>
                <Baseline points="1443,2398 1488,2395 1534,2393 1580,2392 1626,2391 1672,2390 1718,2390 1764,2391 1810,2391 1856,2392 1902,2393 1947,2394 1993,2395 2039,2396 2085,2396 2131,2397 2177,2397 2223,2397 2269,2396 2315,2395 2361,2393"/>
                <TextEquiv>
                    <Unicode>Für sie ist diese Liebe ihr Sein, und nichts wird mehr</Unicode>
                </TextEquiv>
            </TextLine>
            <TextLine id="r2l30" custom="readingOrder {index:29;}">
                <Coords points="1436,2435 2068,2450 2336,2440 2369,2412 1436,2400"/>
                <Baseline points="1445,2430 1490,2430 1536,2430 1582,2430 1628,2431 1673,2431 1719,2431 1765,2431 1811,2432 1856,2432 1902,2432 1948,2432 1994,2432 2039,2432 2085,2432 2131,2432 2177,2432 2222,2432 2268,2431 2314,2430 2360,2429"/>
                <TextEquiv>
                    <Unicode>nach dieser Leidenschaft ihr Herz ausfüllen können.</Unicode>
                </TextEquiv>
            </TextLine>
            <TextLine id="r2l31" custom="readingOrder {index:30;}">
                <Coords points="1425,2476 2329,2480 2363,2473 2364,2430 1730,2453 1426,2428"/>
                <Baseline points="1435,2468 1483,2468 1531,2467 1580,2468 1628,2468 1676,2468 1725,2468 1773,2469 1821,2469 1870,2470 1918,2470 1967,2471 2015,2471 2063,2471 2112,2471 2160,2472 2208,2472 2257,2471 2305,2471 2354,2471"/>
                <TextEquiv>
                    <Unicode>Aber für Fritz ist diese Affaire mit Christine</Unicode>
                </TextEquiv>
            </TextLine>
            <TextLine id="r2l32" custom="readingOrder {index:31;}">
                <Coords points="1428,2508 2366,2523 2366,2489 2319,2476 1429,2466"/>
                <Baseline points="1438,2503 1484,2503 1530,2504 1576,2504 1622,2504 1668,2505 1714,2505 1760,2505 1806,2505 1852,2505 1898,2506 1944,2506 1990,2506 2036,2506 2082,2506 2128,2506 2174,2506 2220,2507 2266,2507 2312,2507 2358,2507"/>
                <TextEquiv>
                    <Unicode>nur eine Episode unter vielen Liebesabenteuern,</Unicode>
                </TextEquiv>
            </TextLine>
            <TextLine id="r2l33" custom="readingOrder {index:32;}">
                <Coords points="1426,2541 2364,2551 2364,2518 2278,2509 1426,2507"/>
                <Baseline points="1435,2542 1481,2542 1527,2543 1573,2543 1619,2543 1665,2544 1711,2544 1757,2544 1803,2544 1849,2544 1895,2544 1941,2544 1987,2544 2033,2544 2079,2544 2125,2545 2171,2545 2217,2545 2263,2545 2309,2545 2355,2545"/>
                <TextEquiv>
                    <Unicode>deren eines mit der Frau eines andern zu einer</Unicode>
                </TextEquiv>
            </TextLine>
            <TextLine id="r2l34" custom="readingOrder {index:33;}">
                <Coords points="1433,2583 2369,2588 2369,2552 2338,2546 1433,2542"/>
                <Baseline points="1443,2578 1488,2579 1534,2580 1580,2581 1626,2582 1672,2582 1718,2583 1763,2583 1809,2583 1855,2583 1901,2583 1947,2582 1993,2582 2039,2582 2084,2581 2130,2581 2176,2580 2222,2580 2268,2580 2314,2580 2360,2580"/>
                <TextEquiv>
                    <Unicode>tragischen Katastrophe für ihn führt. Er muß sich</Unicode>
                </TextEquiv>
            </TextLine>
            <TextLine id="r2l35" custom="readingOrder {index:34;}">
                <Coords points="1428,2615 2355,2624 2355,2591 2321,2586 1428,2588"/>
                <Baseline points="1437,2617 1482,2618 1527,2618 1573,2619 1618,2619 1664,2619 1709,2620 1755,2620 1800,2620 1846,2620 1891,2620 1936,2620 1982,2620 2027,2620 2073,2619 2118,2619 2164,2619 2209,2619 2255,2618 2300,2618 2346,2617"/>
                <TextEquiv>
                    <Unicode>duelliren und fällt im Zweikampf. Und in</Unicode>
                </TextEquiv>
            </TextLine>
            <TextLine id="r2l36" custom="readingOrder {index:35;}">
                <Coords points="1433,2653 2364,2664 2364,2626 2191,2616 2131,2638 1433,2618"/>
                <Baseline points="1442,2655 1487,2655 1533,2655 1578,2655 1624,2655 1670,2655 1715,2656 1761,2656 1806,2656 1852,2656 1898,2657 1943,2657 1989,2657 2034,2657 2080,2658 2126,2657 2171,2657 2217,2657 2262,2656 2308,2656 2354,2655"/>
                <TextEquiv>
                    <Unicode>Christine als ihr bekannt wird, daß ihr</Unicode>
                </TextEquiv>
            </TextLine>
            <TextLine id="r2l37" custom="readingOrder {index:36;}">
                <Coords points="1428,2700 1485,2693 1499,2702 1532,2694 1565,2703 1660,2694 1680,2701 1698,2688 1722,2691 1721,2662 1668,2663 1615,2640 1584,2663 1557,2659 1528,2671 1508,2658 1428,2658"/>
                <Baseline points="1437,2694 1462,2694 1487,2693 1512,2692 1537,2691 1562,2691 1587,2690 1612,2690 1637,2689 1662,2690 1687,2690 1713,2691"/>
                <TextEquiv>
                    <Unicode>Fritz gefallen</Unicode>
                </TextEquiv>
            </TextLine>
            <TextLine id="r2l38" custom="readingOrder {index:37;}">
                <Coords points="1813,2699 2361,2698 2361,2665 2270,2654 2250,2671 2137,2654 2020,2676 1813,2657"/>
                <Baseline points="1821,2695 1847,2694 1874,2694 1900,2693 1927,2692 1953,2692 1980,2692 2006,2692 2033,2692 2059,2692 2086,2692 2113,2692 2139,2692 2166,2693 2192,2693 2219,2693 2245,2693 2272,2694 2298,2694 2325,2694 2352,2694"/>
                <TextEquiv>
                    <Unicode>für eine andere, ohne</Unicode>
                </TextEquiv>
            </TextLine>
            <TextLine id="r2l39" custom="readingOrder {index:38;}">
                <Coords points="1419,2731 2332,2740 2368,2733 2369,2684 1420,2702"/>
                <Baseline points="1429,2729 1475,2728 1522,2727 1568,2727 1615,2727 1661,2727 1708,2727 1754,2727 1801,2728 1847,2729 1894,2729 1941,2730 1987,2731 2034,2731 2080,2732 2127,2732 2173,2732 2220,2732 2266,2731 2313,2730 2360,2729"/>
                <TextEquiv>
                    <Unicode>ihrer zu denken, ohne ihr auch nur einen Gruß oder</Unicode>
                </TextEquiv>
            </TextLine>
            <TextLine id="r2l40" custom="readingOrder {index:39;}">
                <Coords points="1420,2766 2355,2781 2355,2749 2288,2733 1421,2731"/>
                <Baseline points="1429,2766 1474,2765 1520,2765 1566,2765 1612,2765 1658,2765 1703,2765 1749,2765 1795,2766 1841,2767 1887,2767 1932,2768 1978,2769 2024,2769 2070,2770 2116,2770 2161,2771 2207,2771 2253,2771 2299,2771 2345,2770"/>
                <TextEquiv>
                    <Unicode>ein schriftliches Wort des Abschieds zu hinterlassen,</Unicode>
                </TextEquiv>
            </TextLine>
            <TextLine id="r2l41" custom="readingOrder {index:40;}">
                <Coords points="1420,2809 2360,2808 2342,2780 2171,2769 1421,2771"/>
                <Baseline points="1429,2802 1475,2802 1521,2802 1567,2802 1613,2803 1659,2803 1705,2803 1752,2804 1798,2804 1844,2805 1890,2805 1936,2806 1982,2806 2028,2806 2075,2806 2121,2806 2167,2805 2213,2804 2259,2803 2305,2802 2352,2800"/>
                <TextEquiv>
                    <Unicode>stirbt aller Lebensmuth. Ihr ist Lebensinhalt ge¬</Unicode>
                </TextEquiv>
            </TextLine>
            <TextLine id="r2l42" custom="readingOrder {index:41;}">
                <Coords points="1418,2848 1566,2827 1709,2858 1830,2828 1892,2854 2356,2854 2356,2816 2283,2805 1418,2810"/>
                <Baseline points="1427,2845 1475,2844 1523,2844 1572,2843 1620,2843 1668,2843 1717,2843 1765,2843 1813,2842 1862,2842 1910,2842 1959,2842 2007,2842 2055,2842 2104,2842 2152,2842 2200,2842 2249,2842 2297,2841 2346,2841"/>
                <TextEquiv>
                    <Unicode>wesen was jenem nur Liebelei war. Unter</Unicode>
                </TextEquiv>
            </TextLine>
            <TextLine id="r2l43" custom="readingOrder {index:42;}">
                <Coords points="1419,2883 2361,2878 2235,2842 1419,2846"/>
                <Baseline points="1429,2878 1475,2878 1521,2878 1567,2878 1613,2878 1659,2878 1705,2879 1752,2879 1798,2879 1844,2879 1890,2880 1936,2880 1982,2880 2028,2880 2075,2880 2121,2880 2167,2879 2213,2879 2259,2879 2305,2878 2352,2877"/>
                <TextEquiv>
                    <Unicode>der Last des unstillbaren Leids bricht sie zu¬</Unicode>
                </TextEquiv>
            </TextLine>
            <TextLine id="r2l44" custom="readingOrder {index:43;}">
                <Coords points="1728,2924 2014,2928 2056,2906 2087,2925 2318,2929 2364,2914 2364,2898 2280,2878 1728,2886"/>
                <Baseline points="1737,2917 1767,2917 1798,2916 1829,2916 1860,2916 1891,2916 1922,2916 1952,2916 1983,2916 2014,2916 2045,2916 2076,2916 2107,2916 2138,2916 2168,2916 2199,2916 2230,2915 2261,2915 2292,2914 2323,2914 2354,2913"/>
                <TextEquiv>
                    <Unicode>dem Geliebten in den Tod</Unicode>
                </TextEquiv>
            </TextLine>
            <TextLine id="r2l45" custom="readingOrder {index:44;}">
                <Coords points="1428,2916 1448,2926 1507,2916 1540,2926 1623,2917 1723,2924 1723,2884 1703,2878 1689,2889 1618,2880 1592,2895 1554,2880 1496,2889 1428,2876"/>
                <Baseline points="1437,2919 1462,2917 1487,2916 1512,2915 1538,2915 1563,2916 1588,2917 1613,2917 1639,2917 1664,2917 1689,2917 1715,2915"/>
                <TextEquiv>
                    <Unicode>sammen, um</Unicode>
                </TextEquiv>
            </TextLine>
            <TextLine id="r2l46" custom="readingOrder {index:45;}">
                <Coords points="1419,2956 2346,2975 2358,2915 1419,2934"/>
                <Baseline points="1427,2956 1473,2956 1519,2955 1565,2955 1611,2955 1657,2955 1703,2954 1750,2954 1796,2954 1842,2954 1888,2954 1934,2954 1980,2954 2026,2955 2073,2955 2119,2955 2165,2955 2211,2954 2257,2954 2303,2954 2350,2954"/>
                <TextEquiv>
                    <Unicode>zu folgen. Frau Sorma verkörperte die Christine</Unicode>
                </TextEquiv>
            </TextLine>
            <TextLine id="r2l47" custom="readingOrder {index:46;}">
                <Coords points="1433,3001 2360,2987 2295,2958 1433,2959"/>
                <Baseline points="1443,2990 1488,2991 1533,2991 1579,2991 1624,2991 1670,2991 1715,2992 1761,2992 1806,2992 1852,2992 1897,2993 1942,2993 1988,2993 2033,2993 2079,2992 2124,2992 2170,2992 2215,2991 2261,2990 2306,2989 2352,2988"/>
                <TextEquiv>
                    <Unicode>so fein und so lieb, daß sie in den ersten Akten be¬</Unicode>
                </TextEquiv>
            </TextLine>
            <TextLine id="r2l48" custom="readingOrder {index:47;}">
                <Coords points="1105,3018 1176,3031 1220,2999 1285,3027 1329,3013 1385,3036 1413,3034 1413,2976 1386,2970 1373,2979 1346,2970 1317,2977 1281,2960 1106,2974"/>
                <Baseline points="1114,3006 1140,3006 1166,3007 1193,3007 1219,3007 1245,3007 1272,3007 1298,3007 1324,3007 1351,3008 1377,3010 1404,3012"/>
                <TextEquiv>
                    <Unicode>Fer 50 Zeitung</Unicode>
                </TextEquiv>
            </TextLine>
            <TextLine id="r2l49" custom="readingOrder {index:48;}">
                <Coords points="1426,3030 2355,3044 2331,2993 1426,2994"/>
                <Baseline points="1435,3028 1480,3028 1526,3028 1571,3028 1617,3028 1662,3028 1708,3028 1753,3028 1799,3028 1844,3028 1890,3029 1936,3029 1981,3029 2027,3029 2072,3029 2118,3029 2163,3029 2209,3029 2254,3029 2300,3028 2346,3028"/>
                <TextEquiv>
                    <Unicode>zaubernd wirkte. In der großen Sceue, als sie von</Unicode>
                </TextEquiv>
            </TextLine>
            <TextLine id="r2l50" custom="readingOrder {index:49;}">
                <Coords points="1160,3072 1172,3071 1184,3059 1197,3058 1204,3050 1208,3054 1270,3051 1282,3039 1296,3040 1295,3022 1273,3020 1261,3012 1238,3013 1226,3005 1216,3013 1201,3014 1184,3030 1177,3031 1171,3025 1157,3030"/>
                <Baseline points="1168,3052 1197,3050 1227,3047 1257,3044 1287,3045"/>
                <TextEquiv>
                    <Unicode>" 100</Unicode>
                </TextEquiv>
            </TextLine>
            <TextLine id="r2l51" custom="readingOrder {index:50;}">
                <Coords points="2367,3052 2399,3059 2416,3053 2443,3060 2456,3055 2481,3064 2494,3054 2510,3054 2510,3012 2492,3014 2470,3026 2434,3017 2419,3028 2414,3024 2405,3028 2366,3018"/>
                <Baseline points="2375,3051 2400,3050 2425,3049 2451,3050 2476,3050 2502,3048"/>
                <TextEquiv>
                    <Unicode>elus.ve</Unicode>
                </TextEquiv>
            </TextLine>
            <TextLine id="r2l52" custom="readingOrder {index:51;}">
                <Coords points="1430,3076 2475,3089 2476,3060 2214,3027 1430,3034"/>
                <Baseline points="1440,3060 1491,3062 1542,3063 1593,3064 1645,3065 1696,3065 1747,3065 1799,3066 1850,3066 1901,3066 1953,3066 2004,3067 2055,3067 2106,3067 2158,3068 2209,3069 2260,3070 2312,3072 2363,3073 2414,3076 2466,3079"/>
                <TextEquiv>
                    <Unicode>dem Tode ihres Fritz Bolschaft erhält, wuchs das sporto.</Unicode>
                </TextEquiv>
            </TextLine>
            <TextLine id="r2l53" custom="readingOrder {index:52;}">
                <Coords points="1132,3103 1152,3099 1175,3116 1196,3107 1209,3091 1262,3092 1279,3074 1296,3075 1293,3038 1282,3039 1270,3051 1210,3052 1202,3062 1192,3056 1174,3057 1155,3072 1149,3068 1129,3074"/>
                <Baseline points="1141,3095 1170,3092 1199,3090 1228,3087 1257,3085 1287,3083"/>
                <TextEquiv>
                    <Unicode>" 200</Unicode>
                </TextEquiv>
            </TextLine>
            <TextLine id="r2l54" custom="readingOrder {index:53;}">
                <Coords points="1418,3108 2498,3110 2276,3066 1418,3075"/>
                <Baseline points="1427,3100 1480,3101 1533,3101 1586,3102 1639,3102 1692,3102 1745,3102 1799,3103 1852,3103 1905,3103 1958,3103 2011,3103 2064,3103 2117,3103 2171,3103 2224,3104 2277,3104 2330,3104 2383,3105 2436,3106 2490,3107"/>
                <TextEquiv>
                    <Unicode>einfache Mädchen zu beldenhafter Größe. Die Töne, Gahlbar</Unicode>
                </TextEquiv>
            </TextLine>
            <TextLine id="r2l55" custom="readingOrder {index:54;}">
                <Coords points="1132,3143 1150,3139 1159,3144 1197,3127 1288,3131 1288,3081 1262,3092 1211,3090 1196,3107 1180,3114 1146,3100 1130,3105"/>
                <Baseline points="1141,3129 1169,3128 1197,3127 1225,3126 1253,3124 1281,3123"/>
                <TextEquiv>
                    <Unicode>„ 500</Unicode>
                </TextEquiv>
            </TextLine>
            <TextLine id="r2l56" custom="readingOrder {index:55;}">
                <Coords points="1428,3145 2519,3150 2519,3110 1429,3105"/>
                <Baseline points="1438,3137 1491,3137 1545,3138 1598,3139 1652,3140 1706,3140 1759,3141 1813,3141 1867,3141 1920,3142 1974,3142 2028,3142 2081,3142 2135,3142 2189,3142 2242,3142 2296,3142 2350,3142 2403,3142 2457,3141 2511,3141"/>
                <TextEquiv>
                    <Unicode>welche Frau Sorma für ihren Schmerz fand, waren) Voraus</Unicode>
                </TextEquiv>
            </TextLine>
            <TextLine id="r2l57" custom="readingOrder {index:56;}">
                <Coords points="1121,3167 1141,3169 1156,3181 1180,3175 1204,3180 1218,3179 1227,3169 1256,3172 1300,3163 1299,3143 1279,3142 1265,3131 1245,3127 1191,3127 1178,3139 1147,3140 1137,3148 1120,3145"/>
                <Baseline points="1131,3171 1157,3170 1184,3169 1211,3168 1237,3167 1264,3165 1291,3165"/>
                <TextEquiv>
                    <Unicode>„ 1000</Unicode>
                </TextEquiv>
            </TextLine>
            <TextLine id="r2l58" custom="readingOrder {index:57;}">
                <Coords points="1426,3178 2363,3185 2352,3136 1427,3149"/>
                <Baseline points="1436,3172 1481,3173 1527,3174 1573,3175 1619,3175 1665,3176 1711,3176 1756,3176 1802,3177 1848,3177 1894,3177 1940,3177 1986,3177 2032,3177 2077,3177 2123,3178 2169,3178 2215,3178 2261,3179 2307,3179 2353,3180"/>
                <TextEquiv>
                    <Unicode>so echt und ergreifend, daß der Beifall des Publikums</Unicode>
                </TextEquiv>
            </TextLine>
            <TextLine id="r2l59" custom="readingOrder {index:58;}">
                <Coords points="1229,3215 2102,3232 2082,3178 1230,3177"/>
                <Baseline points="1238,3210 1280,3211 1323,3211 1366,3212 1408,3213 1451,3213 1494,3214 1536,3214 1579,3215 1622,3215 1665,3216 1707,3216 1750,3216 1793,3216 1835,3216 1878,3216 1921,3216 1963,3215 2006,3215 2049,3214 2092,3213"/>
                <TextEquiv>
                    <Unicode>im Gegen sich zu höchster Begeisterung steigerte.</Unicode>
                </TextEquiv>
            </TextLine>
            <TextLine id="r2l60" custom="readingOrder {index:59;}">
                <Coords points="2363,3219 2381,3216 2394,3229 2426,3236 2454,3216 2481,3234 2528,3229 2548,3237 2550,3190 2504,3200 2468,3177 2438,3191 2421,3172 2413,3177 2397,3171 2384,3178 2364,3174"/>
                <Baseline points="2372,3221 2400,3220 2428,3221 2456,3222 2484,3223 2512,3224 2540,3224"/>
                <TextEquiv>
                    <Unicode>ist das</Unicode>
                </TextEquiv>
            </TextLine>
            <TextLine id="r2l61" custom="readingOrder {index:60;}">
                <Coords points="1105,3250 1195,3269 1257,3257 1345,3265 1358,3256 1378,3265 1429,3256 1429,3220 1387,3219 1371,3230 1303,3211 1238,3222 1194,3205 1105,3219"/>
                <Baseline points="1114,3250 1139,3251 1164,3251 1190,3251 1215,3251 1241,3251 1266,3251 1291,3252 1317,3252 1342,3252 1368,3252 1393,3253 1419,3254"/>
                <TextEquiv>
                    <Unicode>Abonnement dur</Unicode>
                </TextEquiv>
            </TextLine>
            <TextLine id="r2l62" custom="readingOrder {index:61;}">
                <Coords points="1489,3236 1874,3271 2223,3241 2554,3286 2554,3235 2321,3211 1489,3216"/>
                <Baseline points="1497,3249 1549,3251 1601,3253 1654,3254 1706,3254 1759,3255 1811,3255 1863,3254 1916,3254 1968,3253 2021,3253 2073,3253 2125,3253 2178,3253 2230,3253 2283,3255 2335,3256 2387,3258 2440,3262 2492,3265 2545,3270"/>
                <TextEquiv>
                    <Unicode>In dem Einakter „Jephias Tochter“ einem ht es den</Unicode>
                </TextEquiv>
            </TextLine>
            <TextLine id="r2l63" custom="readingOrder {index:62;}">
                <Coords points="1439,3300 2106,3282 2410,3318 2449,3284 1440,3247"/>
                <Baseline points="1448,3288 1497,3289 1547,3289 1596,3289 1646,3289 1696,3289 1745,3289 1795,3289 1844,3289 1894,3289 1944,3289 1993,3290 2043,3291 2092,3291 2142,3293 2192,3294 2241,3296 2291,3299 2340,3301 2390,3304 2440,3307"/>
                <TextEquiv>
                    <Unicode>graziösen Werk des Italieners Cavalotti, ern.</Unicode>
                </TextEquiv>
            </TextLine>
            <TextLine id="r2l64" custom="readingOrder {index:63;}">
                <Coords points="1095,3295 1139,3305 1212,3300 1259,3315 1420,3298 1420,3260 1407,3258 1258,3257 1198,3267 1140,3255 1096,3270"/>
                <Baseline points="1105,3292 1130,3291 1156,3291 1181,3291 1207,3292 1232,3292 1258,3292 1283,3293 1309,3293 1334,3293 1360,3293 1385,3294 1411,3294"/>
                <TextEquiv>
                    <Unicode>Abonnenten frei</Unicode>
                </TextEquiv>
            </TextLine>
            <TextLine id="r2l65" custom="readingOrder {index:64;}">
                <Coords points="1421,3335 2313,3343 2353,3333 2354,3293 1421,3295"/>
                <Baseline points="1431,3328 1476,3326 1522,3325 1567,3324 1613,3324 1659,3324 1704,3324 1750,3325 1796,3326 1841,3326 1887,3328 1933,3328 1978,3330 2024,3331 2070,3332 2115,3333 2161,3333 2207,3334 2252,3334 2298,3334 2344,3333"/>
                <TextEquiv>
                    <Unicode>welches der Liebelei vorangegangen war, planderte Frau</Unicode>
                </TextEquiv>
            </TextLine>
            <TextLine id="r2l66" custom="readingOrder {index:65;}">
                <Coords points="1419,3362 2365,3363 2352,3332 1420,3335"/>
                <Baseline points="1428,3363 1474,3363 1520,3363 1567,3363 1613,3363 1660,3363 1706,3364 1752,3364 1799,3365 1845,3366 1892,3366 1938,3367 1984,3367 2031,3368 2077,3368 2124,3369 2170,3369 2216,3369 2263,3368 2309,3368 2356,3367"/>
                <TextEquiv>
                    <Unicode>Sorma entzückend in der Rolle einer jungen Frau,</Unicode>
                </TextEquiv>
            </TextLine>
            <TextLine id="r2l67" custom="readingOrder {index:66;}">
                <Coords points="1418,3401 2378,3414 2362,3355 2181,3383 1418,3361"/>
                <Baseline points="1428,3397 1475,3399 1522,3400 1569,3401 1616,3402 1663,3403 1710,3403 1757,3404 1804,3404 1851,3404 1898,3404 1945,3404 1992,3404 2039,3404 2086,3404 2133,3404 2180,3404 2227,3404 2274,3405 2321,3405 2368,3405"/>
                <TextEquiv>
                    <Unicode>die sich durch List und Schönheit die Liebe ihres</Unicode>
                </TextEquiv>
            </TextLine>
            <TextLine id="r2l68" custom="readingOrder {index:67;}">
                <Coords points="1413,3440 2371,3443 2320,3408 1413,3406"/>
                <Baseline points="1422,3435 1471,3437 1520,3437 1570,3438 1619,3438 1669,3439 1718,3439 1767,3439 1817,3439 1866,3439 1916,3439 1965,3439 2015,3439 2064,3439 2113,3440 2163,3440 2212,3441 2262,3442 2311,3444 2361,3446"/>
                <TextEquiv>
                    <Unicode>Ebemannes, eines ehemaligen Don Juan, dauernd</Unicode>
                </TextEquiv>
            </TextLine>
            <TextLine id="r2l69" custom="readingOrder {index:68;}">
                <Coords points="1420,3471 1460,3482 1469,3477 1478,3482 1503,3477 1523,3486 1553,3480 1558,3484 1591,3473 1591,3457 1573,3459 1547,3442 1538,3448 1507,3449 1491,3438 1472,3446 1420,3444"/>
                <Baseline points="1429,3473 1454,3472 1479,3471 1505,3472 1530,3472 1555,3472 1581,3473"/>
                <TextEquiv>
                    <Unicode>erringt.</Unicode>
                </TextEquiv>
            </TextLine>
            <TextLine id="r2l70" custom="readingOrder {index:69;}">
                <Coords points="1601,3477 2328,3490 2368,3443 1601,3446"/>
                <Baseline points="1611,3476 1648,3476 1685,3476 1723,3476 1760,3476 1798,3477 1835,3477 1872,3477 1910,3477 1947,3478 1985,3478 2022,3478 2059,3479 2097,3479 2134,3479 2172,3480 2209,3480 2246,3480 2284,3481 2321,3481 2359,3481"/>
                <TextEquiv>
                    <Unicode>In beiden Stücken unterstützten die</Unicode>
                </TextEquiv>
            </TextLine>
            <TextLine id="r2l71" custom="readingOrder {index:70;}">
                <Coords points="1412,3509 2035,3530 2365,3508 2243,3474 1413,3474"/>
                <Baseline points="1422,3505 1468,3506 1515,3507 1561,3508 1608,3508 1655,3509 1701,3510 1748,3511 1795,3511 1841,3512 1888,3512 1935,3513 1981,3514 2028,3514 2075,3515 2121,3515 2168,3516 2215,3516 2261,3517 2308,3517 2355,3518"/>
                <TextEquiv>
                    <Unicode>übrigen Darsteller Frau Sorma nur wenig. Einige</Unicode>
                </TextEquiv>
            </TextLine>
            <TextLine id="r2l72" custom="readingOrder {index:71;}">
                <Coords points="1424,3549 2351,3568 2352,3525 2215,3514 1425,3508"/>
                <Baseline points="1434,3545 1479,3546 1524,3547 1570,3548 1615,3549 1661,3549 1706,3550 1751,3550 1797,3550 1842,3550 1888,3550 1933,3551 1978,3551 2024,3551 2069,3551 2115,3552 2160,3552 2205,3553 2251,3554 2296,3555 2342,3555"/>
                <TextEquiv>
                    <Unicode>Rollen in der Liebelei wurden sogar unter dem</Unicode>
                </TextEquiv>
            </TextLine>
            <TextLine id="r2l73" custom="readingOrder {index:72;}">
                <Coords points="1416,3612 1884,3619 1884,3568 1829,3553 1416,3556"/>
                <Baseline points="1425,3591 1450,3589 1475,3589 1500,3588 1525,3588 1550,3588 1575,3588 1600,3588 1625,3589 1650,3589 1675,3590 1700,3590 1725,3590 1750,3590 1775,3590 1800,3590 1825,3590 1850,3588 1875,3587"/>
                <TextEquiv>
                    <Unicode>Provinz=Niveau gespielt.</Unicode>
                </TextEquiv>
            </TextLine>
            <TextLine id="r2l74" custom="readingOrder {index:73;}">
                <Coords points="2101,3595 2124,3601 2143,3589 2159,3598 2230,3594 2287,3626 2338,3629 2340,3582 2324,3586 2280,3555 2256,3553 2241,3567 2225,3552 2172,3562 2149,3551 2103,3558"/>
                <Baseline points="2110,3585 2137,3586 2165,3587 2192,3587 2220,3588 2248,3589 2275,3591 2303,3594 2331,3600"/>
                <TextEquiv>
                    <Unicode>Dr. M. S.,</Unicode>
                </TextEquiv>
            </TextLine>
            <TextEquiv>
                <Unicode>box 10

0
Telefon 12801.
Unternehmen für Zeitungs-Ausschnitte.
Ausschnitt
„OBSERVER“
Nr. 74
I. öste r. behördl. concess. Bureau für Zeitungsberichte und Personalnachrichten
Wien, IX/1 Türkenstrasse 17.
 Filiale in Budapest: „Figyelö“, VIII. Josefsring 31a. —
Ausschnitt aus:
 OSt, Berl
vom 10½ 00
Lessing=Theater.
In dem feinsinnigen, zuweilen von echter dichteri¬
scher St mmung erfüllten Drama „Liebelei“ einem
der besten Erzeugnisse der neueren Wiener Schrift¬
stellerschule, zeigte Frau Sorma gestern wieder, wie
reich begabt sie ist, und wie sie es versteht,
jede Gefühlsnüance mit vollendetem seelischen Aus¬
druck darzustellen. Christine, die schlichte Heldin
der Liebelei, ist ein einfaches, gemüthvolles Wiener
Kind. umflossen von der Anmuth und stillen Grazie, die
bezaubernd wirkt, weil sie frei von aller Koketterie
ist. Sie liebt ihren Fritz, den feschen und liebens¬
würdigen Wiener jungen Studenten, mit all der
Hingabe und Treue, deren ihre reine Seele fäbig ist.
Für sie ist diese Liebe ihr Sein, und nichts wird mehr
nach dieser Leidenschaft ihr Herz ausfüllen können.
Aber für Fritz ist diese Affaire mit Christine
nur eine Episode unter vielen Liebesabenteuern,
deren eines mit der Frau eines andern zu einer
tragischen Katastrophe für ihn führt. Er muß sich
duelliren und fällt im Zweikampf. Und in
Christine als ihr bekannt wird, daß ihr
Fritz gefallen
für eine andere, ohne
ihrer zu denken, ohne ihr auch nur einen Gruß oder
ein schriftliches Wort des Abschieds zu hinterlassen,
stirbt aller Lebensmuth. Ihr ist Lebensinhalt ge¬
wesen was jenem nur Liebelei war. Unter
der Last des unstillbaren Leids bricht sie zu¬
dem Geliebten in den Tod
sammen, um
zu folgen. Frau Sorma verkörperte die Christine
so fein und so lieb, daß sie in den ersten Akten be¬
Fer 50 Zeitung
zaubernd wirkte. In der großen Sceue, als sie von
" 100
elus.ve
dem Tode ihres Fritz Bolschaft erhält, wuchs das sporto.
" 200
einfache Mädchen zu beldenhafter Größe. Die Töne, Gahlbar
„ 500
welche Frau Sorma für ihren Schmerz fand, waren) Voraus
„ 1000
so echt und ergreifend, daß der Beifall des Publikums
im Gegen sich zu höchster Begeisterung steigerte.
ist das
Abonnement dur
In dem Einakter „Jephias Tochter“ einem ht es den
graziösen Werk des Italieners Cavalotti, ern.
Abonnenten frei
welches der Liebelei vorangegangen war, planderte Frau
Sorma entzückend in der Rolle einer jungen Frau,
die sich durch List und Schönheit die Liebe ihres
Ebemannes, eines ehemaligen Don Juan, dauernd
erringt.
In beiden Stücken unterstützten die
übrigen Darsteller Frau Sorma nur wenig. Einige
Rollen in der Liebelei wurden sogar unter dem
Provinz=Niveau gespielt.
Dr. M. S.,</Unicode>
            </TextEquiv>
        </TextRegion>
    </Page>
</PcGts>
