3248 4320
-17 2478 54 2549 a
-10 1494 52 1542 as1
431 159 841 239 Liebelei
268 137 1405 279 5. LeaSeI box 10/1
1369 793 2901 867 02 chen. Gie: Vermingeschaftt, die in der weitaus überwiegenden Zahl der
1718 848 2898 912 Fälle reines oder richtiger unreines Differenzspiel darstellen.
176 829 1725 926 s ja recht gut. Die werden die Unterstützung aller ehrlichen Menschen finden,
185 901 2890 967 „Client“ wird ver- wenn sie es unternehmen, die Getreidebörse von jenen schäd= Wir zweifeln nicht, daß in dem Kampf zwischen Spiellust
1715 942 2898 996 und der Gefahr öffentlicher Stigmatisirung, die bei Benützung
183 945 1732 1006 en oder 25 Stückllichen Elementen zu säubern, die den Arzt, den Beamten
190 1007 2896 1054 e verkauft oder bei und Lehrer, den Handwerker und Bauer auf das sumpfige des Registers für viele Berufsstände eintritt, die Spiellust
554 1054 2884 1118 Terrain locken, wo sie rettungslos einsinken. Aber auch an unterliegen wird und darauf eben kommt es an. Wenn e
178 1047 564 1119 en. Der „Client“
1717 1170 2887 1247 Kindesmörderinnen, Kupplerinnen, Schmetterlingmalerinnen
671 1168 1719 1245 Schnitzler's Freunde, so will man uns weismachen,
1724 1233 2887 1297 Schnapssäuferinnen und das ganze Gesindel des „Raskol¬
563 1210 1723 1292 haben den Erfolg bewirkt. Er sollte lieber Freunde haben,
1718 1279 2898 1341 nikow“ Auch die häusliche Umgebung des Hannele hat das
569 1282 1719 1339 welche aus Furcht vor seinen Premièren fernbleiben und den
1724 1322 2891 1374 Burgtheater nicht ins Wanken gebracht. Ich sah den treff¬
563 1329 1730 1386 Neidigen das Feld überlassen. Er sollte seine Freunde ver¬
1717 1370 2894 1437 lichen Thimig als Officiersburschen Stiefel putzen und dabei
549 1369 1736 1433 pflichten, an dem heißen Premièrenabend zu Hause Suppe zu
1729 1415 2895 1479 ein „G’spusi“ mit einer Magd zum frohen Ende führen.
186 1423 1721 1497 stechte der Seele“ von essen. Diese Freunde! Sind es etwa Tafelfreunde, welche er
1723 1462 2896 1519 Ich suchte ganze ästhetische und dramaturgische Bibliotheken
558 1473 1725 1534 beständig in Rheinweine taucht? Oder Tabakfreunde, die er
1725 1500 2905 1574 durch, ob gerade auf das Wiener Vorstadtmädel ein Verbot
566 1520 1726 1574 allnächtlich von 12—2 im Café mit Havanas bewirft?
216 1497 566 1587 Ich soll darum
1726 1564 2896 1621 gesetzt sei. Umsonst! Die Aechtung war nirgends ausge¬
569 1555 1732 1625 Oder Freunde, an die er alle Vorstadtmädel seines Anatol
226 1564 572 1632 nicht loben. Es
1975 1600 2892 1679 nur das Langweilige und Unliterarische war
1723 1604 1969 1669 sprochen —
570 1607 1736 1668 verschenkt; Freunde, die sich vielleicht an seinen mächtigen
174 1618 585 1682 enn Einer die durch
1732 1657 2875 1711 überall mit Bann belegt... Da erhält mein „objectives“
569 1656 1733 1716 Namen klammern; Freunde, die er durch zündende Reden
187 1654 582 1739 aft ausbeuten würde,
1726 1693 2903 1764 Verfahren wieder einen argen Stoß. Denn ich muß aner¬
203 1707 1735 1767 von den gleichen auf seine Seite bringt? Haben die Frauen aus den Logen
1723 1753 2906 1801 kennen, daß diese Schlager=Mizi köstlich gezeichnet ist. Wie
186 1751 1735 1814 uerkennen. Es wäre applaudirt, weil Schnitzler sie etwa als Vortänzer bei Haus¬
1723 1791 2910 1854 sie ihren neu aufgeputzten Hut zeigt, oder bei einem Toaste
179 1803 1744 1872 ausendmal beweisen bällen für seine Premièren gewinnt? Nein, seine Freunde
1721 1844 2898 1905 durstig das Anstoßen der Gläser nicht abwartet; wie sie
566 1852 1733 1910 schon sind sein Erfolg, weil sein Talent sie anzieht, weil
200 1856 579 1917 Caviar=Salzstangel
1728 1894 2898 1948 über die Männer philosophirt; wie sie allerlei „Erfahrungen“.
179 1899 1728 1965 ple „Schale braun“ sie mit Spannung und Theilnahme ihn wachsen sahen von
1723 1941 2900 1993 verwerthet — bei jedem Worte schlägt das wienerische Blut
180 1943 1733 2004 hes, die Objectivität allerlei Anfängen zu der hervorragenden Seelenstudie
1727 1993 2900 2044 durch; aus einer unendlichen Fülle feinster Beobachtungen
170 1982 1733 2058 sbündniß zwischen „Sterben“, die nichts mit dem ordinären Naturalismus
1734 2035 2897 2099 wurde dieses Figürchen mit seiner Frische und mit seinem
178 2023 1731 2109 aber von der Fein=gemein hat, zur echten Tragik der Liebelei". Die Freunde
1721 2086 2904 2147 schwebenden Leichtsinn gestaltet, dem man eigentlich nicht
182 2090 1741 2159 gen. Zur Noth ge=Schnitzler's sind also bei seiner Burgtheater=Première am
1723 2121 2896 2194 grollen kann. Dem Dichter muß jeder Typus der Beob¬
185 2138 1737 2203 seinen Schreibtisch=Platz. Sie konnten Theil haben an dem Erfolge, sie konnten
174 2194 2896 2238 en, man gestattet ihn aber nicht machen. Kein Premièren=Publicum vermag achtung und Schilderung werth sein. Wo ist geschrieben,
202 2227 2907 2282 daß sie Theater=den wirklichen Erfolg zu bestimmen. Er wird immer erst daß man nur Könige oder Staatsminister oder Maitressen
179 2262 2912 2346 Bühnenleben durch von den normalen Besuchern, welche der Première folgen, oder Schiffsarbeiter beobachten dürfe? In der schein¬
171 2313 2907 2393 n. Aber Cafégemein=ffestgestellt. Die Freunde Schnitzler's schätzen sein „Märchen“l bar sorglosen, gar nicht alichtsvollen Art, in der
2293 2371 2419 2433 #t
1728 2364 2313 2437 augenscheinlichen Leichtigkeit,
2399 2363 2899 2434 welcher Schnitzler alle
228 2372 1732 2447 offenbar. Solche auch ohne den gewissen Erfolg; sie geben gleichfalls die
211 2388 223 2438 d
2347 2403 2905 2483 Bilde vereinigt, in der
1727 2419 2350 2488 kleinen Züge zum lebendigen
252 2417 1730 2486 offene Partei=„Liebelei“ beruhigt dem nachfolgenden Publicum anheim.
2329 2463 2910 2527 rts= und Specialcolorit
1733 2471 2318 2532 vollendeten Fähigkeit, das
263 2469 1734 2534 sanft verhüllte Mit den Freunden Schnitzler's weiß meine „Objectivität“
199 2472 279 2540 40
2347 2502 2902 2576 nur die Wienerin, sondern
1729 2511 2327 2578 so wiederzugeben, daß man #
171 2494 1731 2595 Fiffe reinlicher Kritik also nichts anzufangen. Sie gehören ins Burgtheater. Aber
2338 2560 2902 2618 ens zu erkennen wähnt;
184 2564 2297 2630 öffentlichen Anstandssem Vorstadtmädel, die Schlager=Mizi, gehört die ins Burg=fast den Bezirk ihres losen
2336 2601 2911 2674 en Feinfühligkeit, welche
191 2597 2295 2677 kommen. Vielleicht theater? Schon der Name ist ein Schlager. Er klingt nicht vollends aber in der #
2337 2658 2905 2721 glichen erreichen läßt, liegt
1732 2646 2291 2720 Schnitzler nie die Grenze d
186 2660 1742 2721 er den Wienern so wie erfunden, sondern wie geholt, genommen, er gibt gleich
2336 2698 2904 2763 Dichters. Er hat die eben
159 2714 2263 2772 gen, ernst strebenden das ganze Vorstadtbild, er selbst ist „Milien“. Aber gehört das sichere Kriterium des
2308 2736 2907 2809 er das Anstößige anmuthig
1728 2746 2280 2817 gut wienerische Kunst, un
166 2745 1746 2826 ug ins Burgtheater das „süße Mädel“, das erst „beim Nachtmahl“ sich zur
1727 2802 2244 2856 und mit liebenswürdigen
2295 2787 2918 2866 llen hinwegzuleiten. Mit der
170 2807 1729 2883 Beifall der Erstauf= Bruderschaft bequemt, gehört das lockere Kind mit seinen
1736 2841 2263 2905 unscheinbarsten Bemerkun
2284 2838 2913 2912 „Jetzt fangt das Theater erst
572 2852 1725 2909 militärischen Kenntnissen und Bekenntnissen, mit dem ewig
177 2853 583 2921 en, in dem Stücke
2256 2880 2908 2951 Schnitzler mitten in das Wiener
1736 2893 2257 2956 um halb acht an“ stellt un
189 2901 1735 2964 selbst an das Maßrheumatischen Zahnweh der Mutter, mit dem ausgesprochenen
2256 2943 2898 2990 tbestimmung weckt allerlei Be¬
1728 2932 2242 3007 Treiben; die absichtslose
179 2944 1741 3005 knein Griensteidl ab=„Talent zum Du=Sagen“ ins Burgtheater? Vielleicht fängt
1727 2993 2907 3051 ziehungen zur Frage des eateranfangs in Wien, wir sehen
176 2990 1742 3062 Schlager=Mizi in der das Burgtheater erst bei der Liebe un und bei der Liebelei
1734 3027 2904 3092 ordentlich das Wiener K o, welches „auch ohne Stimme“.
207 3035 1742 3105 ##as „objectives“ vom Backfisch aufwärts? Ich habe aber Maitressen und
531 3081 2912 3169 Cocotten durch alle Grade im Burgtheater gesehen; dann zum Theater möchte, al glich den Zettel von oben bis zur
842 3122 1461 3227 Hiezu eine Beilage.
