3436 4320
434 259 653 345 Liebe
244 244 1389 376 5. L##s#lei box 11/3
164 1422 741 1518 seine Schester, die alte
820 1464 1908 1525 Für den Spielplan des Nationaltheaters ist ein
1926 1454 3098 1522 der Kabarettdiva, wenn sie beim neuen Metier bleibt, eine
168 1493 735 1569 kniefällig um Verzeihung
737 1475 1909 1559 Werk Schnitzlers unter allen Umständen Zierde und Ge¬
1915 1521 3102 1583 große Schauspielerin werden. Das Publikum nahm sie
189 1543 725 1628 herrlich vor allem Glück
732 1556 1906 1603 winn. Seine Aufführung verrät die Absicht, das Inter¬
1917 1561 3095 1623 heute schon als vollwichtig. Am lautesten klang der
152 1588 725 1671 ne und echter Frohsinn
730 1603 1908 1674 esse des großen Publikums kräftiger anzuregen. Es ist
1914 1599 3097 1692 Applaus freilich nach dem mit feinster Empfindung ge¬
199 1634 727 1713 gemütlichen Szenen in
729 1651 1909 1712 zumindest ein Anfang. Auch die äußeren Umstände
1932 1657 2964 1723 sungenen Liedchen aus Schumanns „Dichterliebe“.
213 1692 718 1758 Und welche Kunst der
733 1698 1907 1764 waren danach, der Premiere von „Liebelei“ den Anstrich
2000 1711 3105 1770 Die Aufführung war sorgsam vorbereitet, litt aber an
152 1740 725 1814 klen Grunde dieser Souper¬
731 1745 1907 1815 einer lokalen Sensation zu verleihen. Das Nationaltheater
1925 1755 3088 1819 allzu großer Gründlichkeit. Man war zu sehr bemüht,
158 1791 723 1857 krama auf! Wie ausgelöscht
728 1802 1915 1856 holte sich für die Darstellung der Hauptrolle eine junge
1917 1814 3100 1873 „Stimmungen“ herauszuarbeiten. Das führte zu Dehnun¬
162 1841 726 1908 freundliche Licht und der
735 1848 1909 1895 Künstlerin direkt vom Kabarett. Man muß sie nicht erst
1915 1858 3107 1923 gen von Szeuen, Gesprächen, Umarmungen. Insbesondere
181 1885 721 1958 vorher auf der Bühne
731 1909 1903 1961 vorstellen. Die Kabaretts sind ja besser besucht als die
1924 1917 3098 1983 im zweiten Akte, über den die Darstellung so rasch als
196 1935 726 2010 und rasch ausgeschlafen
726 1936 1898 2018 Theater. Und Vilma Medgyaßay galt als die ungarische
1920 1954 3090 2022 möglich hinauskommen müßte. Auch ein ganz ungewohn¬
168 1986 726 2061 ie Vorahnungen des kom¬
739 1989 1913 2055 Yvette Guilbert. Ihr künstlerischer Stammbaum reicht
1919 1996 3097 2053 tes Lampenfieber war zu merken. Alle hatten sies; sogar
159 2035 717 2106 vie schwarze Schleier auf
743 2047 1904 2107 übrigens weiter zurück. Bis in die Operette, wo sie mit
1918 2046 3092 2100 die Moderateurlampe, die nicht brennen wollte, Eduard
159 2081 726 2152 ser Dichter, daß er unserem
733 2082 1911 2138 kleiner Stimme und großem Darstellungstalent allerlei
1921 2095 3087 2167 Ujhäzi vielleicht ausgenommen, der gleich der Prima¬
157 2134 728 2200 ie Chance einräumt, der
741 2142 1913 2195 Unsinn entschuldigte. Auf dem Brettel bot sie noch mehr
1922 2147 3100 2219 donna seinen Auftrittsapplans bekam und dann den
164 2186 719 2253 isgehen. Er suggeriert uns
738 2190 1908 2251 Illusion. Sie hatte eine Art des Gesangsvortrages, die
1916 2217 3097 2268 alten Weiring so still und tief und versonnen sprach,
173 2229 714 2300 uns darüber aufzuklären,
723 2229 1909 2296 allerlei verborgene dramatische Schätze vermuten ließ.
1915 2242 3104 2319 wie er bei Schnitzler im Buche steht. Für den Frohsinn
168 2278 729 2352 zum Tode verurteilt oder
730 2291 1913 2348 Direktor Töth wollte diese Schätze heben. Und heute
1916 2287 3096 2354 sorgten Herr Dezsö und Frau Vizväri: er mit frisch zu¬
172 2331 719 2396 das im Leben bisweilen
731 2339 1903 2397 spielte die Künstlerin die Christine Weiring. Das weiche,
1911 2336 3100 2409 langender Laune als Dori Kaiser, sie mit wirksamer
162 2378 725 2441 unkle, quälende Vorgefühl
733 2375 1903 2436 empfindsame, hingebende, vertrauensvolle Wiener Mädel,
1907 2398 3094 2450 Grisettenkeckheit als Schlager Mizzi. Für die Sentiments
161 2433 719 2492 vermuten, daß der Dichter
738 2432 1899 2494 diese passive Heldin, die in ihrer unendlichen Liebe auf¬
1912 2435 3101 2493 des Fritz Lobheimer mußte als Ersatzmann — Herr
186 2471 725 2543 den Verhältnissen solcher
731 2485 1899 2539 geht und an ihrer Leidenschaft untergeht. Als Rolle nicht
1911 2486 3107 2562 Odry ist immer noch leidend — Herr Méßäros antreten.
161 2523 715 2589 Er schreit sich in keinerlei
729 2534 1909 2603 allzu dankbar, weil es keine Künste zu zeigen, nur wenige
1911 2542 3089 2588 Ein sehr nützlicher Schauspieler, dem es leider an kräf¬
161 2581 721 2646 das Moralisieren mit kost¬
725 2576 1901 2630 Töne anzuschlagen gibt. Die aber müssen rein klingen.
1915 2588 3104 2647 tiger Persönlichkeit fehlte. Auch Herr Gyenes traf nicht
144 2620 715 2694 er, die ihre Jugend auch
728 2631 1911 2693 Zwei Akte lang laviert das Mädel zwischen allerlei stär¬
1916 2640 3100 2703 den harten, scharfen Ton des Gatten. Der ist in dem
157 2671 719 2747 bt ein merkwürdiger Dichter.
731 2683 1898 2735 keren Strömungen, zum Schlusse erst gewinnt das hüb¬
1916 2692 3088 2758 Stück die einzige Rolle, die auf den Schauspieler ange¬
154 2722 721 2794 ktivität, hält sich gar nicht
724 2720 1909 2799 sche Puppengesicht Charakter. Zu Bravourleistungen fehlt
1911 2740 3090 2788 wiesen ist. Jedes ihrer Worte muß schneiden wie ein
157 2769 722 2844 icht, läßt die Leute reden,
726 2778 1898 2841 die Gelegenheit, aber Anlässe: rein Menschliches durch¬
1918 2782 3088 2838 Fallbeil und sollen die Todesahnungen Fritzens begrün¬
152 2816 717 2893 en ist. Nur die im zweiten
728 2826 1891 2874 schimmern, schließlich hell aufleuchten zu lassen, sind vor¬
1908 2830 3082 2902 det sein, so muß zumindest die Erscheinung des Rächers
723 2875 1895 2943 handen. Gleichwie es in der Natur keine Sprünge gibt,
153 2870 724 2942 ämentalität, die allerdings
1917 2878 3086 2946 Illusion gewähren. Die bissige Strumpfwirkerin wird von
172 2919 726 2982 gehört, wirkt heute bereits
742 2924 1896 2987 so geschehen auch auf dem Theater keine Wunder. Uns
1915 2933 3089 3001 Frau Keczeri recht brav verkörpert. Sie ließ keine Masche
161 2970 721 3040 ues Bad zur Sommerszeit.
732 2972 1904 3035 genugt es vollständig, daß die debütierende Künstlerin
1906 2994 3098 3054 fallen. Die Aufführung wird bei den Wiederholungen
158 3013 720 3092 ing der Katastrophe macht
735 3023 1903 3081 die Umrisse ihrer Rolle tadellos sehen ließ, daß man
1919 3035 3086 3087 sicher gewinnen. Das Premierenpublikum bereitete dem
161 3067 730 3136 n glaubt wieder an die
732 3073 1898 3137 ihr die Rolle aus den beredten Augen lesen konnte. Das
1903 3087 3086 3143 Werke eine sehr warme Aufnahme und erwies dem an¬
169 3113 718 3195 freut sich seiner als einer
728 3118 1897 3183 Wort kommt noch ein wenig zu kurz. Im dritten Akte,
1902 3129 3095 3209 wesenden Dichter reiche Ehren. Dr. Schnitzler hatte nach
728 3162 1896 3218 wo das arme süße Mädel in seiner namenlosen Ver¬
148 3154 719 3236 tenden Erscheinungen, die
1899 3179 3017 3237 allen Aktschlüssen für rauschenden Beifall zu danken.
163 3217 1907 3291 sieueren Strömungen zuge= zweiflung aus sich herausfährt, gab es auch eine starke
719 3277 1941 3335 Abschlagszahlung auf die Zukunft. Uebers Jahr kann aus;
