3484 4256
378 154 751 228 Liebele
932 157 1367 243 box 13/4
374 196 920 260 W
481 1299 1401 1349 Milkovánig (Alfa, zadává Elektafilm), je na¬
426 1325 1407 1397 Itodeno podle známé divadelni hry Artura
441 1374 1400 1435 Schnitzlera. Velmi dohre rezirováno mladym
447 1432 1403 1468 e#gtem Ophilleefft, ukazuje bezvadné a vkus¬
448 1462 1412 1507 né prostredi stäré Vidné, düstojnicky svêt, jak
448 1494 820 1551 dävno jiz zmizs!
853 1504 1397 1557 vlastné v této formé ne¬
454 1542 1401 1584 existoval. Ide zde Nväsnivon läsku mladého po¬
455 1587 1396 1634 ručika k svüdté, Prepychové Zené, které pod¬
452 1612 1404 1669 léhá. Nemüze & Pomoei finak nez sonbojem
452 1651 1407 1712 s podvedenym mapäélem, ktery ho zastfeli. A
456 1692 1416 1738 dévée ho ve smprtf näsleduje. Ophüls nelièl vsak
442 1725 1394 1773 toto prostfedi jako néco samozfejmého: vité¬
444 1764 1405 1826 zem v tomto filmu je vlastné mlady nadporu¬
445 1807 1400 1862 eik, ktery nechce nic slyseti o omezenosti dü¬
445 1841 1412 1902 stojnického öestného fädu, rozhoduje se pro Zi¬
452 1881 1410 1938 vot a zaklädá si manzelstvi, Stésti. Viden uvi¬
454 1930 1402 1979 dite ménè v hercich a vice v bezvadné foto¬
445 1956 1403 2021 grafil, pfekräsnych zimnich exteriérech; hra
450 2006 1406 2054 Schneiderové, Ulrichové, Hörbigera (jediného,
453 2042 1410 2088 jenz mluvi vidensky), Gründgense a Liebenei¬
428 2080 1415 2125 nera je bezvadná. Cely film je velmi kultivo¬
589 2122 753 2171 —
432 2160 1402 2239 vang, vkusny, do detamdobfe propracován. Jei
1231 2209 1417 2276 V. L. A
432 2222 1150 2304 to vzäcny pfiklad filn##o umeni.
764 2292 1225 2459 223481934
640 2571 1296 2645 PRAVOLIDU
2473 233 2887 331 2 2 Jan 1934
2318 291 2768 453 # Tines teneen
2259 479 2876 588 Entertamments
2241 625 2871 726 NEW EILNS- IN
2361 710 2747 795 LONDON
2141 866 2964 963 HERR LUBITSCH AND A
2300 939 2797 1027 COWARD PLAY
2187 1030 2947 1102 Mr. Noel Coward’s play Desien Tor
2152 1084 2951 1145 Living, adapted for the screen by Mr. Ben
2140 1125 2941 1194 Hecht and produced under the direction
2141 1178 2951 1240 of Herr Lubitsch, is now to be scen at the
2146 1222 2944 1285 Plaza. Other important changes this weck
2147 1275 2932 1343 bring the Constant Nymph to the New
2149 1325 2939 1399 Gallery and Schnitzler’s Liebelei to the
2150 1359 2429 1448 Academy. #.
2142 1410 2333 1483 PLAZA
2176 1469 2956 1553 Design for Living.—The relation be¬
2138 1530 2940 1594 tween this film and Mr. Noel Coward’s
2141 1568 2938 1637 play is a rather distant one, so distant,
2143 1618 2938 1686 indeed, that nothing of the stage dialogue
2143 1672 2947 1740 remains, and the point of the play’s argu¬
2141 1709 2935 1770 ment is passed off as a farcical extrava¬
2132 1742 2943 1813 gance. But that is not to say the film lacks
2138 1793 2921 1853 justification. Herr Lubitsch, who pre¬
2141 1831 2920 1885 sumably considers it a waste of time to
2132 1876 2929 1928 photograph what is intended for the
2142 1918 2930 1960 theatre, has insisted on having the subject¬
2125 1942 2940 2020 matter of Design for Living thought out
2122 1987 2922 2054 afresh in terms of the screen; and the
2133 2023 2925 2084 result is a farce with a sparkle all its own.
2139 2075 2937 2135 The characters parade no theories about
2133 2112 2927 2179 themselves. They are too actively engaged
2139 2159 2940 2215 with their farcical predicament to find
2136 2198 2927 2262 time for those slick generalizations upon
2129 2243 2922 2293 Art and Life that gave their prototypes of
2129 2276 2925 2350 the stage an intellectual background of
2133 2315 2260 2372 sorts.
2157 2347 2925 2408 It is impossible to believe that George (he is
2123 2394 2916 2444 not even called Leo) could construct a successful
2124 2415 2916 2473 play or Tom (Otto has dwindled into Tom) paint
2134 2463 2921 2520 an amusing picture, but as farcical puppets whose
2121 2487 2912 2554 friendship groans under the strain of sharing the
2123 2534 2918 2580 favours of the woman they both adore they are
2120 2568 2912 2613 uncommonly lively. Gilda, the one character to
2127 2597 2908 2638 retain her name, is not encouraged to be hysteric¬
2135 2627 2906 2683 ally introspective. She is asked only to look
2134 2656 2914 2715 irresistible, to love two men with equal intensity,
2121 2703 2911 2749 and to be incapable of living either with or
2130 2731 2916 2776 without them, all of which feats Miss Miriam
2122 2762 2941 2801 Hopkins accomplishes in a very amusing andt
2124 2799 2922 2851 natural manner. Mr. Gary Cooper and Mr.
2124 2822 2919 2887 Fredric March depict with humour and precision
2118 2868 2900 2916 the rivalry, the friendship, and the embarrass¬
2113 2886 2906 2950 ment of the men between whom the butterfly
2116 2927 2901 2981 lady flutters with such disconcerting impartiality,
2114 2972 2904 3020 and Mr. Edward Everett Horton, though a mere
2117 2988 2901 3051 laughing-stock, is a very funny onc. It is a
2121 3032 2905 3079 very funny farce—but what an effort it must
2115 3054 2900 3109 have been for its author to resist the allure, not
2628 3090 2671 3126 540
2120 3097 2907 3164 merely of some, but of all the“ Noelisms“ of
2105 3122 2286 3171 the play!
2106 3162 2433 3229 NEW GALLERY
2147 3222 2912 3278 The Constant Nymph.—The Constanf Nymph
2104 3253 2904 3311 has been in its time a novel, a play, and a silent
2112 3286 2897 3329 film. It was inevitable a talking film should be
2111 3320 2903 3377 made of it, and to be expected that the direction
2117 3359 2914 3403 would be in the hands of Mr. Basil Dean. His
2106 3376 2895 3441 treatment belongs to the theatre more than 1o
2112 3421 2894 3467 the cinema. His two or three attempts to illu¬
2101 3462 2895 3506 strate emotion in the idiom of the sercen fail,
2105 3489 2891 3540 and his misty photographs of trains rushing to
2107 3518 2894 3568 and fro as Tessa wrestles with her arithmetic
2104 3539 2889 3606 belong to the elementary stage of cinematic
2108 3587 2889 3641 technique, but so long as he is contented to be
2108 3616 2897 3682 straightforward and unselfconscious, so long is
2102 3651 2890 3694 the film an honest and satisfactory piece of work.
2106 3684 2891 3734 Honest and satisfactory, adjectives which best
2100 3714 2891 3764 describe something lacking in inspiration and
2104 3754 2884 3788 intensity, and Mr. Dean, while keeping the film
2104 3780 2890 3830 free from distortion and vulgarity, has allowed
2103 3814 2891 3865 the magic of what is, after all, a singularly moving
2104 3854 2880 3896 story to escape between the lens of a camera
2105 3872 2882 3922 which is too formal and static when it is on its
2109 3908 2886 3974 best behaviour and too old-fashioned and naive
2108 3938 2528 3987 when it is experimenting.
2138 3967 2886 4023 The film, like the novel, hinges on the rela¬
2104 3991 2884 4051 tionship between Lewis Dodd and Tessa, the
2094 4023 2882 4087 Pconstant nymph of the title, and Miss Victoria
2095 4060 2883 4122 Hopper and Mr. Brian Aherne are excellemt
