3484 4352
310 221 704 296 Liebelei
838 220 1292 324 box 13/8
283 268 704 339 ereen en en eneneeneene
676 964 1058 1049 Telefon 12801.
189 956 1315 1141 #. 4 O. Enternehmen für Zeitung-Ausschnitte
1387 1068 1588 1144 Ausschnitt
1317 1143 1582 1246 Nr. 39
494 1116 1171 1249 „OBSERVER“
175 1230 1573 1301 österr. behördl. concess. Bureau für Zeitungsberichte und Persenalnachrichten
437 1301 1290 1399 Wien, IX/1 Türkenstrasse 17.
370 1380 1333 1469 — Filiale in Budapest: „Figyelö“, VIII. Josefsring 31 a.
180 1557 1336 1681 usschnitt aus: Das Kleine Journal (Berin)
165 1696 713 1795 om 1- JUN. 1898
329 1774 1475 1855 Und alle diese pittoresken Häuser und Häuschen, die breiten
291 1809 1477 1929 ven Menschen wimmelnden Avenuen, die von Wiener Militär nusik
310 1855 1476 1944 hdurchklungen werden, sind nur so Schmuckwerk, Perlschnürchen und
321 1895 1479 1981 Weschmeide der eigentlichen Jubiläumsausstellung, die von derk
1229 1936 1475 2001 Hier ist das
331 1950 1232 2046 gigantischen Kuypel der Rotunde überwölbt ist.
328 1981 1483 2062 kgroße Panorama der Industrie und des Gewerbes aufgestellt, wie
331 2018 1488 2120 sie sich seit 1848 unter der fünfzigjährigen Regierungszeit Kaiser?
338 2063 1482 2151 Franz Josefs I. entwickelt haben. Der riesige, für Ausstellungs¬
340 2102 1487 2191 zwecke ibeale Raum ist bis auf den letzten Quadratmeter aus¬
334 2138 1499 2238 genützt, und zwar mit so geschickter Anordnung, daß Alles!
343 2174 1486 2280 zur Geltung kommt. Hier prunkt die Wiener Seiden¬
1099 2222 1479 2285 Toilettenkunst, die
346 2241 1016 2308 industrie und die Stickerei,
340 2258 1473 2356 Anmuth der Wiener Mode, die Möbellischlerei, die Perlmuttee
345 2298 1478 2392 industrie, die Bild„, üerei, die Wienek Frisirkuns, die Wäsche
342 2353 1485 2427 konfektion das Metallgewerbe, die Elektrotechnik, kurz alles Das
355 2385 1493 2473 wat dem modernen -Gewerbe den Stempel giebi. Viel, vi
351 2417 1498 2517 unüberschaulich viel und in Allem interessant. Es liegt eine eigene
354 2471 1506 2546 Grazie darin, wie die Dinge da gezeigt werden. Ueberall hübsche#
355 2491 1510 2595 junge Wiener Mädel, freundlich und lieb. Man denkt an Schuitle#####
364 2542 1517 2634 „Liebelei.“ Und dann draußen im Park des Praters. Wie nett#t
362 2574 1524 2682 ist hier Das Gebäude der Wiener Bäckerei mit dem großen Lauben=*
356 2610 1499 2714 gang. Ein warmer Düft von frischen Wiener Kipfeln, durchsetz
348 2666 1513 2751 Evom süßen Geruch der Sacher= und Linzertorte, schlägt!
364 2714 1539 2797 Einem angenehm entgegen, und man muß naschen, wenn
358 2749 1345 2829 man auch nicht ein bischen Hunger haf I.
502 2993 1177 3084 Bezugs-Bedingungen.
1155 3052 1328 3129 fl. 7.50
230 3062 1060 3142 50 Zeitungsausschnitte (Artikel oder Notizen)
1344 3087 1527 3148 inclusive
206 3116 309 3163 100
1354 3136 1494 3173 Porto.
1191 3053 1300 3193 92
1358 3160 1514 3200 Zahlbar
1193 3169 1541 3249 55.— im Voraus
205 3195 332 3247 500
1167 3221 1295 3273 „ 100.—
198 3229 336 3290 1000
238 3251 1563 3324 Im Gegensatze zu anderen Bureaux für Zeitungsausschnitte ist das
1212 3307 1581 3358 auch steht es den
161 3321 1168 3368 Abonnement durch keine bestimmte Zeitdauer begrenzt;
158 3353 1473 3425 Aboninenten frei die aufgegebenen Theinen zu ergänzen oder zu ändern.
2777 918 3162 1010 ereneemerageenre
2277 1013 2650 1113 Telefon 12801
2012 1112 2923 1198 Unternehmen für Zeitungs-Ausschnitte
2978 1142 3190 1230 Ausschnitt
1597 1139 1957 1284 M105
1870 1227 1989 1284 —
2146 1191 2765 1319 „OBSERVER“
2924 1218 3180 1327 Nr. 49
1737 1308 3185 1392 I. österr. behördl. concess. Bureau für Zeitungsberichte und Personalnachrichten
2037 1374 2881 1462 Wien, IX/1 Türkenstrasse 17.
1967 1433 2935 1538 — Filiale in Budapest: „Figyelö“, Vill. Josefsring 31 a.
1725 1601 2187 1692 Ausschnitt aus:
2169 1637 2889 1762 Borüner Borsehbeurier
1726 1752 2091 1841 o #1%
1820 1864 2873 1936 — Der bekannte münchener Theaterprozeß Meß¬
1786 1912 2899 1985 thaler contra Bluhm und Häule dürfte in erster¬
1821 1980 2873 2019 Instanz gegen Ende dieses Jahres sein Ende erreichen.
1817 2003 2866 2062 Die zahlreichen Zeugen= und Sachverständigen=Ver¬
1809 2058 2877 2119 Fehmungen gehen heute dem Abschluß entgegen. Wir
1809 2092 2870 2154 brachten s. Z. die Notiz, daß Meßthaler in diesem
1808 2138 2874 2187 Prozeß Beweis dafür anbot, der Theaterscandal am
1809 2179 2863 2241 29. October 1896 sei von seinem Directionsnachfolger
1807 2207 2872 2274 Herrn Victor Naumann in Scene gesetzt gewesen.
1818 2249 2867 2301 Herr Victor Naumann erklärte in eine Erwiderung,
1808 2293 2874 2354 Meßthaler's Behauptung für eine unrichtige. Die in
1818 2324 2874 2382 dieser Sache vernommene Zeugin sagte am 19. April er.
1811 2367 2875 2448 unter Eid aus: „der Theaterscandal ging aus, wie ich
1817 2410 2869 2468 weiß, von Herrn Victor Naumann, Graf Alfred zur
1824 2460 2874 2515 Lippe, Baron Otte von Blohme; wenigstens weiß ich,
1822 2505 2874 2564 daß diese drei Billets gekauft und diese in großer An¬
1822 2531 2876 2599 zahl gekauften Billets verschenkt haben.“ Ueber eine
1818 2575 2862 2640 frühere Opposition, die gegen Meßthaler in Scene
1817 2621 2869 2679 gesetzt war äußerte ein anderer beeidigter Zeuge,
1828 2665 2877 2715 „daß das Stück „Liebelei“ auf vorherige Be¬
1823 2690 2888 2774 stellung“ ausgezicht würde. Am Vormittag vor
1837 2733 2876 2792 der Aufführung des Stückes wurde eine Anzahl
1831 2777 2869 2848 Billets vertheilt an Leute, welche dies Auszischen be¬
1830 2821 2879 2888 sorgen sollten. An diesem Austheilen waren in erster
1826 2869 2883 2915 Linie betheiligt der Beklagte Bluhm und der Redacteur
1831 2899 2871 2967 des „Münchener Tageblatts“ Otto von Breckwitz.“
1833 2933 2881 3002 Eine andere Zeugin äußerte unter Eid: „Meßthaler
1841 2977 2884 3045 hatte während seiner Theaterleitung sehr viele Feinde,
1841 3045 2884 3088 und zwar glaube ich, weil er wenig zugänglich und
1801 3064 2880 3140 Setwas barschswar. Hinter seinem Rücken wurde sehr
1712 3085 1808 3155 Für
1794 3104 2901 3183 1# viel über ihn geschimpft, aber mir ist nicht erinnerlich,)
1788 3151 2887 3214 20(daß ihm persönlich gegenüber das Personal es an dem
1777 3195 2876 3275 500nöthigen Respect und Gehorsam hätte fehlen lassen.“.
1750 3236 2877 3305 „ 1000Herr Director Meßthaler weilt z. Z. in Berlin und
1814 3277 2874 3348 beabsichtigt kommende Saison wieder eine Direction
1700 3341 2722 3410 Abonnezzu übernehmen. Scsmmmte Zeitdauer bégrenzt:
1694 3381 2878 3462 Abonnenten frei die aufgegebenen Themen zu ergänzen oder)
3035 3292 3178 3458 20
