3532 4256
513 167 720 241 Lieb
349 150 1479 286 5.ei bos 12//7
700 699 1486 833 Wien, I., Congordlaplas
771 776 969 859 öT13 10
1317 801 1622 883 schrichten
1124 843 1421 929 Amnburg.
760 1025 1300 1108 Theaker und misi.
506 1100 1642 1164 CA.P. „Liebelei“ im Deutschen Schauspielhause. Grüeß' Ihnen
441 1133 1647 1228 Col Herr von Eger, „lebeln“ Sie a noch? Langt Ihre kostbare
546 1198 1651 1262 Er einen kleinen Diskurs? — Ah' des is lieb von Ihnen. Ja,
471 1239 1652 1293 asi ngen wollt: freilich, freilich 's liebeln is alleweil gar so viel
444 1278 1653 1322 kommoder und a bloße Liebelei laßt sich auch a bisserl kurzweiliger
450 1322 1644 1362 # alsa richtige Lieb'. Aber gehn's, Herr von Eger, is' wirklich
421 1369 1650 1411 fbahr, was die Leut' sag'n? San Sie a nix anders als so a Schlau¬
423 1402 1652 1454 Bergerl und ir Ihr Verhöltnis zu unserm Schauspielhaus am
423 1441 1652 1493 End' bloß u ordinäre, u theatralische Liebelei? Freilich, freilich,
430 1469 1643 1518 die Leut' san gar so viel schlimm und lassen an ihren Mitmenschen
432 1515 1640 1575 ka gut's Haar. Aber, Herr von Eger, Hand aufs Herz, können Sie's
434 1558 1638 1618 Ihnen verdenk.n, wenn sie allmählich die Köpf' z'sammenstecken und
432 1597 1638 1647 flüstern: Was is denn mit unserm Herrn von Eger, was will der
429 1638 1651 1675 neue Direktor eigentlich? Den andern überlaßt er alleweil die großen,
427 1676 1678 1753 die frischen Stück' und für sich reserviert er bloß die altbackenen
695 1732 747 1795 88
460 1792 1687 1864 aus Wien? Steckt vielleicht doch noch a Geheimnis dahinter, grad'
464 1830 1673 1890 so wie die dämonische, schwarze Dam' im Stück selber, von der man
463 1866 1680 1940 in einem fort red't, aber ihren Namen traut sich keiner aus¬
459 1908 1684 1982 sprechen. Gehn's Herr von Eger, Sie san doch noch zu jung, um
465 1946 1673 2022 sich gleich von Anfang an aufs Diminutiverl zurückzuziehen.
459 1992 1682 2066 Da meinen die Leut' halt, es wär' Ihne bloß darum zu tun, daß
453 2023 1675 2087 der Schnitzler Arthurl morgen im Kaffechaus beim Schwarzen
450 2066 1681 2139 den Müller Hansel, und übermorgen der Müller Hansel beim
450 2110 1683 2184 Gullasch dem Zweig Steffel sagen möcht': „Schaut's Freunderl, der
454 2137 1680 2201 Eger in Hamburg is doch ar so a liebs Mandel; er führt alle
452 2188 1668 2259 ünsere Stück' auf, ganz mu cht, ob sie alt oder neu, ob sie gut oder
443 2226 1677 2301 schlecht sind. So a Direktorl im Westentascherl können wir brauchen
450 2265 1677 2338 an unserm Burgtheaterl und an bessern finden wir halt in ganz
446 2296 821 2350 Österreich nit ....
820 2310 1668 2378 Ja, das war's, glaub i, was i so im Vorüber¬
436 2347 1675 2421 gehen noch schnell hab diskurieren wollen. Nix für ungut, Herr
436 2387 1676 2458 von Eger. Im übrigen mach i mein Kompliment für'n gestrigen
444 2418 1667 2484 Abend. S war halt gar so schön traurig! Wenn bloß das ver¬
443 2454 1663 2531 flixte Diminutiverl nit g’wesen wär'. Das Schauspiel von unserm
445 2503 1660 2577 Schnitzler Arthurl is gar a herziges Stückerl. Freilich a bisserl
440 2529 1675 2621 winzig is 's schon, man kann fast sagen, is ka rechte Dichtung, mehr
435 2581 1670 2643 so a. „Dichtelei“, und Herr von Eger, für'n Spielleiter, wie Sie
435 2619 1670 2694 aner san, is's doch bloß a Spielerei auf dem Theater. Warum san
434 2649 1664 2734 Sie denn auch gar nit a bisserl stolz. Freilich, freilich, i kunnt's ja
427 2686 1652 2775 begreife, wenn's um die Schauspieler wär'. Aber schau''s Herr
427 2731 1663 2812 von Eger: das Fräulein Trude Wessely is ein gar lieb's
429 2769 1655 2854 kleins Dingerl. Doch i mein', zur Christin', zum süßen Mäderl,
429 2825 1654 2894 da fehl's ihr noch a bisserl an Süßigkeit, und wissen's, mit Süßig¬
426 2846 1660 2920 keit meini halt Sinnlichkeit. Nix für ungut! Mir is sie alleweil
420 2894 1650 2964 vorkommen wie so ein verflogenes Vogerl aus'm Cottageviertel.
421 2916 1662 3018 Aber nur nit auslassen. S wird schon noch was werden! Fräulein
429 2969 1654 3039 Olla Bauer, die is fein fesch und plauscht Weanerisch, daß es
427 3008 1655 3084 a Freud' is, aber die Schlager Mizi hab' i mir alleweil a bisserl
426 3065 1652 3132 runder vorgestellt, so a bisserl molleter. Na Sie wissen halt schon,
419 3093 1652 3159 wie i's mein. Den Herrn Konrad Gebhard aber machen's
425 3128 1651 3211 sein Lebtag nit zum Wiener Frücht'l. Wenn er sich Müh' gibt,
421 3171 1650 3254 wird's bloß noch sentimentalischer. Aber guat hat er g’spielt! Die
410 3208 1648 3289 Verwirrtheit vor'm Duell hat er immer dadurch ausgedruckt, daß er
422 3247 1635 3330 sich alleweil versprochen hat. Sakra, sakra, war des realistisch!
420 3294 1641 3368 Herr Lang hat den Theodor g'’spielt, sehr fesch, sehr flott, das
421 3326 1645 3407 mußi sagen, aber's kommt mir halt so vor als sei er schon a bisser!
416 3377 1647 3443 aus der Roll' herausg'wachsen. Und Herr Wagner spielt den alten
421 3404 1639 3470 Weiring. Nein, so a überraschung. Brav hat er sein' Sach' g. macht.
416 3440 1645 3523 des muß ihm der Neid lassen. Aber der alte Herr Weiring spielt
418 3483 1637 3564 doch die Violin am Josefstädter Theater, und Herr Wagner hat an
420 3522 1633 3618 unserm Theater an die zwanzig Jahr' alleweil so n##t wie die
410 3561 1633 3643 Baßgeig'n g'strichen. Wenn er sich jetzt auch zusammenducktund
408 3597 1636 3687 a bisserl weicher und zittriger redt, es gibt doch halt noch immer
407 3650 1633 3723 a andre Musik. Herr Wagner is aber a Wiener pom reinsten
404 3677 1630 3750 Donauwasser und er hat noch die besten, die allerbesten Be¬
404 3722 1618 3788 ziehüngen ... Also, Herr von Eger, b’hlet Ihnen Gott, „lebeln“
404 3749 703 3826 S#e##h
2614 1581 2855 1654 OTE81970
2282 1607 3041 1739 Hamburger Correspondens
2453 1711 2837 1821 Hamburg
2207 1753 2287 1836 7
1921 1817 2867 1898 ##/II/I Deutichee Schaufpielbaue.
2171 1879 2845 1962 Neu insieniert: Literatur.
1942 1947 3140 2018 Aus der Herbe der „Liebelei“ melancholisch umwölkt, hebt
1864 1976 3149 2055 die Plauderkunst dieses Einakters mit keckem Schwunge. Der
1883 2024 3151 2094 Bogen ist zwar auch hier nicht sehr weit gespannt, aber er um¬
1882 2068 3130 2121 schließt doch so viel dramatisches Leben, so viel Typisches der Er¬
1884 2115 3135 2184 scheinung, daß man die Lücken der Struktur nicht bemerkt. Schnitz
1879 2153 3117 2214 ler wandelt das Thema Weib in seiner Margarethe durchaus
1878 2185 3151 2253 lustspielmäßig ab, mit einer Grazie der Empfindung, die einmal
1884 2226 3125 2294 sein Persönlichstes war, mit einem kristallhellen Dialogschliff, der
1880 2266 3123 2342 ihm heute vielleicht selbst nicht mehr zu eigen ist. Um eine Fegur,
1874 2314 3145 2383 wert, in Wedekinds Bezirken geboren zu sein, stellt er das Männ¬
1874 2343 3134 2425 liche in amüsanter Kontrastwirkung, scharf gerändert und
1877 2385 3157 2471 beinabe schon satirisch getroffen. Zusammenklang dreier Stim¬
1872 2437 3148 2515 men, aus deren heiterer Verschlingung der bewegliche, leichte, die
1873 2472 3135 2539 Dinge schwebend berührende Geist des Anatoldichters spricht.
1875 2512 3135 2584 Ein dramatisches Scherzo, das mit vielerlei Mitteln gespielt wer¬
1876 2551 3061 2609 den kann: zur Komödie hinauf und zum Schwank hinunter.
1941 2598 3132 2677 Hermann Wlach trieb das Tempo bis tief in den Schwank.
1863 2631 3132 2707 Das verstärkte den Lustspieleffekt und schwächte die seinen Ko¬
1874 2683 3133 2753 mödienwendungen. Gewinn und Verlust zu gleichen Teilen.
1877 2727 3091 2790 Paula Silten war eine sinnlich umrissene, weibchenhaft ge
1866 2765 3163 2846 spielte Margarethe, noch in Aeußerlichkeiten typisch Kobler ein
1891 2805 3130 2879 virtnos erfaßter, seiner Tragikomik unbewußter Gilbert, Lans
1864 2841 2327 2916 ein Elemens von Welt.
2946 2858 3100 2934 E. K.
2348 2867 2641 2962 44-1
