3436 4224
366 144 794 234 Liebelei
905 146 1360 253 box 11/2
196 152 792 276 3. LELSIEE
1366 1717 3345 1791 erinnert mich so an einen getragenen Wiener Aufzuge ganz prachtvoll, das geflüsterte „Fri#
529 1733 1259 1837 Gastspiel Hausi Niese.
1391 1777 2429 1833 Walzer. Sentimentale Heiterkeit, lächelnde, schalk¬
2415 1773 3341 1848 schütternd. Auch die Stelle mit dem bitt#
372 1811 1403 1871 „Liebelei“. Ein Schauspiel in 3 Aufzügen. „Abschieds¬
1389 1819 2204 1882 hafte Wehmut, das ist so ihr Wesen.“
2414 1822 3340 1889 „Alle sagen, daß Du mich verlassen willst, D
353 1856 1410 1912 souper“. Komödie in einem Aufzuge. Beide von Artur
1448 1875 3330 1927 So ist auch die Christine in der „Liebelei“. es nicht, Fritz!“ griff wunderbar ans Herz.
386 1910 1405 1992 Schnitler. Zur Aufführung im Stadttheater am
1397 1916 3332 1977 Leise lächelnd träumt sie einen süßen Traum und Höhe der Leistung lag im dritten Akt. Als
694 1932 1073 2021 22. Jänner 1907.
1384 1957 2445 2039 schauert doch schon vor dem Erwachen. In der
2422 1971 3341 2030 stine den Tod des Geliebten erfährt, mußte
422 2006 2431 2069 Kein ungetrübtes, rauschartig leidenschaftliches Freude ahnt sie schon deren Flüchtigkeit, ahnt sie
2415 2017 3334 2076 vergessen, daß man im Theater saß. Das
354 2065 2430 2132 Genießen ist den Männern und Frauen Artur schon das Vorübergehende des ihr gewährten
2414 2063 3337 2127 sprach hier mit seinen erschütterndsten Töne
363 2115 2431 2174 Schnitzlers eigen. über allem Glück liegt ihnen Glü#es. Und die leise Trauer um die entschwin¬
2415 2116 3330 2175 mittelbar auf den Zuschauer ein. Der Vater
341 2153 3346 2231 Jeine leise Wehmut. Die Ahnung vom Entsagen= denden Freuden adelt die Liebkosungen, die sie an stinens kann nicht schlicht genug gespielt w
331 2217 3344 2262 müssen breitet sich todeskalt über alle Freuden, die den Geliebten verschwendet. Jeder Kuß ein Ab= Je weniger weinerlich, umso besser. Herr Lip
351 2247 3346 2340 Zhnen die Liebe schenkt. Die Frau, die sich vom schied, jedes Umarmen ein schmerzliches Entsagen. wunde der prächtigen Figur auf das beste g#
351 2295 3338 2374 Manne wegsehnt, mit dem sie einmal vor dem Wie wunderbar die Szene, da der Geliebte bei ihr Namentlich die schöne Stelle von der Vereinsa
358 2359 3337 2415 Altar den kalten goldenen Reif tauschte, sieht an der in der Wohnung erscheint; er, der Verwöhnte, der in glückloser Tagend alternden Mädche
358 2412 3334 2464 Seite des Geliebten immer schon die drohende Ge=Reiche, bei dem armen Mädchen. Welche feinfühlige lang ihm gut. Herr Dr. Krauß hatte zu
364 2460 3340 2517 stalt des Rächers: In den Adern der MenschenZärtlichkeit, als er den bescheidenen Hausrat über= ungesuchte Weichheit in seinem Wesen. Da
360 2511 3343 2568 Schnitzlers rauscht das Blut zu wenig leidenschaft= blickt, der sie umgibt. Wie Faust, als er in derwienerische Färbung in der Redeweise fehlte
364 2567 3340 2610 lich, zu wenig stürmisch, um die warnenden Stim= kleinen Stube Gretchens Umschau hält: einen heili= zu verschmerzen. Das Steife, Nüchterne #
362 2600 1399 2659 men des Gewissens, die ruhigen Erwägungen der
1398 2603 3344 2674 gen Frieden genießend und zugleich zerstörend.Zärtlichkeit störte am meisten, besonders im #
361 2649 1406 2710 Vernunft in heißem Brausen stürmisch zu über¬
1451 2650 3341 2710 Frau Niese besitzt wenig von den nötigen Akte in der Wohnung des Mädchens. Hier
352 2698 3339 2766 täuben. Alle stehen sie ein wenig über ihren Ge=läußeren Eigenschaften, um die zarte Mädchenhaftig= die tiefe Sehnsucht nach dem schönen Frieden
360 2750 3343 2811 fühlen, sehen klar in sich hinein, zergliedern sich, keit der Christine deutlich zu machen. Aber noch mehr er sich verscherzte, in heißer Gefühlsaufwa
350 2795 3341 2858 wissen am Anfang immer schon das Ende, dem sie als die Erscheinung bildet das satte Organ der heraustreten. Im ersten Akte ist viel Gewich
352 2843 3336 2921 mit wehmütigem, schmerzlich entsagungsvollem Künstlerin ein die Illusion hemmendes Moment. die unheimliche Ahnung des Kommenden zu
355 2899 3335 2962 Lächeln entgegensehen. Diese melancholische Art des Wie ihren Bewegungen, fehlt auch ihren weichsten Die Besorgnisse der treulosen Frau, von
360 2952 3340 3018 Genießens gibt allen Figuren des Dichters den Tönen der Ausdruck zartester Hingebung. Daß das Fritz spricht, können hier ebenso packend wirke
361 3010 3344 3059 eigentümlichen, unsagbaren Reiz. Sie gibt seinen geistige Bild, das die Darstellerin von der Christine in der vielleicht glänzendsten Novelle Schn#
351 3044 3349 3100 Mädchengestalten die wunderbare Weichheit, besitzt, in jedem Zuge einwandfrei ist, kann nicht „Die Toten schweigen“. Fräulein Braun
356 3091 2439 3155 nimmt ihnen auch im Genuß jeden rohen und der= bestritten werden, und vieles davon vermag sie
2414 3078 3307 3155 sehr wenig Wienerin, aber den Ton des
351 3144 3335 3204 ben Zug. Nicht umsonst läßt Schnitzler einmal im auch, wie es ihr vor Augen steht, wiederzugeben. Mädels, dem das Lieben im Gegensatze zu
362 3194 3350 3280 „Anatol“ von einem „süßen Mädel“ sagen: „Sie So war der Abschied von dem Geliebten im zweiten stine Genuß= und nicht Gefühlssache ist, tr
