3436 4352
454 189 841 265 Liebelei
956 188 1410 288 bos 10/1
259 196 853 314 5. Lezsler
1285 1321 2333 1404 shäufes ausgearbeitel und in Berathung genommen werden."
2310 1348 3352 1436 Döbler senior; das Haus Liechtensteinstraße Nr. 94 an
879 1359 1285 1448 Wien, 11. October.
1270 1387 2325 1453 — Während der Abwesenheit des Marktdirectors Kainz
3208 1404 3344 1464 Haus
2315 1412 3221 1453 Franz Ellinger von Johanna Adler; das
347 1404 1301 1511 Gestern Nachmittags fand unter dem Vorsitze des
1289 1429 2324 1511 wird Inspector Neßler die Leitung des Marktamtes
2322 1443 3344 1509 Pelikangasse Nr. 14 an Helene Chrobak von Dr. Adolph
266 1456 1091 1542 Grasen Badeni wieder ein Ministerrath statt.
1286 1476 1551 1543 übernehmen.
2324 1491 2469 1546 Exner.
269 1588 1286 1645 sehen, und nun überrascht er den Elenden bei einer Orgie
1292 1582 2315 1643 mälde, das als parallel laufende Ergänzung des ersten
2315 1589 3344 1633 die der Dichter vornimmt, sondern um ein klägliches Opfer
260 1631 1301 1685 mit leichten Dirnen. Das mag ihn bestimmen, etwas um¬
1308 1623 2324 1702 Actes diesem zur Seite tritt. Der handelnde Drama¬
2326 1625 3355 1697 des Intellects, um ein bedauernswürdiges Beispiel menschlicher
259 1669 1298 1733 ständlicher mit dem ihm Verfallenen zu verfahren, und er
1297 1680 2313 1739 tiker muß dabei dem Novellisten und Lyriker häufig
2320 1682 3342 1735 Hinfälligkeit und Schwäche. Es würde sich verlohnen,
256 1729 1288 1784 spart sich ihn zum Zweikampf für den übernächsten Tag auf.
1291 1722 2323 1786 das Feld überlassen, aber die poetische Kraft des
2322 1729 3345 1779 die Geschichte auch dieses „Armen Spielmannes“ zu schreiben;
258 1773 1290 1832 Fritz muß in Folge dessen die verlängerte Qual eines zum
1296 1782 2313 1839 Dichters hält zusammen, was auseinander zu fallen droht,
2320 1775 3349 1831 das Orchester im Vorstadttheater, die Schubert=Büste auf
263 1817 1302 1875 Tode Verurtheilten ertragen; er weiß, daß er fallen wird;
1302 1826 2315 1883 und wir empfinden kaum den Stillstand der Handlung. Auch
2318 1823 3347 1883 dem Ofen, das unvollständige Conversationslexikon im
259 1862 1291 1926 der Beleidigte hat sich tausendsach an ihm gerächt. Wohl
1302 1871 2315 1925 hier heimelt uns an, was wir sehen und hören, noch mehr
2322 1868 3348 1928 Bücherkasten, das nur bis zum Buchstaben G reicht, ein paar
255 1893 1300 1974 lernt er begreifen, daß ihn eigentlich nichts an das Leben
1297 1912 2313 1975 als im ersten Acte, weil ein Gefühl der Sympathie die
2321 1925 3350 1976 verblichene Photographien und wohl auch — das Bierhaus
256 1961 1298 2024 bindet; denn Leben ist Lieben, und er hat niemals eine
1291 1957 2320 2027 Beobachtung durchwärmt, dessen wir uns selbst da nicht er¬
2310 1952 3342 2025 und die Schnapsboutique würden darin vorkommen. Dann
264 2009 1303 2067 Person oder einen Gegenstand wirklich geliebt. Weder seine
1294 2006 2314 2070 wehren können, wo wir es verurtheilen müssen. Einen
2316 2010 3348 2069 würden wir den Mann völlig begreifen und entschuldigen,
261 2051 1299 2111 Wissenschaft, noch seine Eltern, noch einen seiner Freunde,
1293 2054 2318 2110 wunderlicheren Vater, als den alten Hans Weiring haben
2318 2044 3347 2114 der seine selige Schwester auf den Knien um Verzeihung
264 2096 1296 2160 noch das Weib des Andern, noch die kleine Christine, das
1303 2104 2323 2164 wir wohl noch nicht auf der Bühne erlebt. Er weiß nicht
2322 2103 3344 2160 bitten möchte, daß er „sie so gut behütete vor allen Ge¬
258 2149 1296 2209 Musikantenkind aus der Vorstadt, das ihm sein Commilito
2317 2129 3343 2208 fahren und vor allem — Glück“! In der bei sonstiger Ge¬
1298 2147 2314 2198 nur, daß sich seine Tochter an einen reichen Studenten weg¬
266 2194 1298 2251 Theodor zur Zerstreuung zugeführt hat. Für ihn gab es
1301 2195 2317 2251 geworfen hat, sondern er unterstützt und beschönigt auch das
2328 2185 3345 2257 nauigkeit des Details im Großen und Ganzen doch skizzen¬
266 2229 1298 2301 nut die fashionable Liebelei, die seiner Eitelkeit und
1302 2244 2322 2303 unsaubere Verhältniß und citirt obendrein den Geist seiner
2320 2242 3342 2302 haften Form seines Dramas konnte Schnitzler nicht immer so
264 2283 1289 2341 seinen Sinnen schmeichelte, um allmälig sein besseres Selbst
1301 2290 2318 2357 Schwester, einer tugendhaft verstorbenen alten Jungser, um
2321 2281 3353 2351 deutlich werden, wie er sein wollte, und wir rechnen ihm das
262 2334 1297 2388 zu zerstören. Trotzdem wird es ihm schwer, Abschied zu
1299 2341 2322 2398 sich in seinen verkehrten Ansichten zu befestigen. „Sagen Sie
2321 2336 3347 2396 gewiß nicht zum Lobe an. Sache des Schauspielers wäre es
266 2382 1301 2439 nehmen; ein Rest unverbrauchter Lebenskraft regt sich in
1303 2388 2316 2438 mir, Frau Binder,“ fragt er eine Nachbarin, „ist denn ein
2320 2377 3345 2441 gewesen, dem Dichter beizuspringen und ihn über seine eigenen
261 2426 1296 2483 ihm angesichts des Todes, und er klammert sich an das
1290 2426 2319 2488 so blühendes Geschöpf wirklich zu nichts Anderem da, als
2328 2427 3348 2487 Absichten arfzuklären. Eine ähnliche Lücke zeigt der im
255 2474 1294 2543 einzige Geschöpf, von dem er sich geliebt weiß, ohne dieses
1306 2476 2319 2531 sich dem ersten besten anständigen Menschen in die Arme zu
2327 2463 3356 2532 Uebrigen höchst liebevoll und sorgfältig ausgeführte Charakter
267 2514 1292 2583 heiligende und entfühnende Gefühl erwidern zu können. Ihre
1291 2522 2316 2582 wersen, der zufällig eine fixe Anstellung hat? Ist denn das
2323 2520 3352 2580 Christinens, oder wäre es gar ein Bruch? Daß ein Mädchen
266 2552 1301 2627 rührende, selbstlose Hingebung läßt ihn eine Stunde lang
1297 2569 2316 2626 Leben wirklich lang genug, daß man seine jungen Jahre
2319 2565 3351 2637 aus Liebe sich wegwirft, ohne im Rausche der Leidenschaft
256 2607 1292 2677 glauben, daß sein Heil in ihren Armen ruhe, ihre leiden¬
1291 2616 2326 2667 so einfach zum Fenster hinauswerfen darf? Steht das
2319 2619 3351 2667 nach der Zukunft zu fragen, entspricht der natürlichen Er¬
256 2661 1298 2727 schaftliche Empfindung ist so stark und innig, daß sie ihn wie
1300 2666 2313 2725 wirklich dafür? Und was hat denn so ein armes Geschöpf
2318 2650 3347 2716 fahrung. Daß aber ein tugendhaftes Mädchen, das eine so
254 2711 1295 2772 eigene Wärme überrieselt; aber, losgelöst von ihrem treuen
1294 2706 2326 2756 schließlich von dem ganzen großartigen Bewußtsein ihrer
2323 2708 3355 2771 adelige Seele besitzt, wie Christine, sich mit kalter Ueber¬
255 2756 1296 2813 Herzen, erkennt er fröstelnd auch diese letzte jammervolle
1300 2761 2320 2816 Tugend, wenn schon nach jahrelangem Warten richtig der
2320 2753 3355 2816 legung wegwerfen soll, indem sie die ausgesprochenste Ex¬
1295 2799 2317 2862 Strumpfwirker kommt?“ Kein schlauer Verführer könnte
256 2803 1294 2857 Täuschung und bietet, angeekelt von seiner vergeudeten
2317 2799 3352 2859 klärung abgibt, sie wisse, daß sie nicht geliebt und daß ihr
269 2856 1295 2913 Jugend, die ihm am Rande des Grabes einen neuen Früh¬
1300 2848 2320 2908 sophistischer zu dem Mädchen reden, das er zu Falle bringen
2319 2852 3357 2899 Freund sie vielleicht schon morgen verlassen werde, klingt
272 2895 1291 2955 ling vorlügen möchte, seine Brust der Kugel des Gegners
1301 2903 2321 2957 will. Und der eigene Vater? Welche Summen von
2317 2901 3342 2945 doch etwas unwahrscheinlich und erinnert an die frauen¬
260 2946 1298 3012 dar. Wenn der erste Act des Stückes ein keckes Lustspiel ist,
1291 2948 2323 3004 Kränkungen und Demüthigungen muß der Unglückselige er¬
2314 2938 3356 3008 mörderische Unwiderstehlichkeit, die Schnitzler seinem Weiber¬
268 2988 1293 3048 das zur Noth für sich bestehen könnte, obwohl es zuletzt
1291 2993 2317 3046 fahren haben, welches Uebermaß von Kummer, Noth und
2316 2992 3357 3036 helden in „Anatol“ verliehen hat, dessen Typen von vor¬
260 3037 1289 3093 gleichsam tragisch geköpft wird, so will uns der zweite das vom
2316 3027 3361 3090 bildlicher Bedeutung für „Liebelei“ gewesen sind. Der Scenen,
1304 3035 2324 3098 Leid der schwersten Art muß über ihn ausgeleert worden
264 3088 1289 3145 Titel verheißene Schauspiel nachliefern. Wir werden von dem
1291 3089 2323 3145 sein, ehe er so tief im Schlamme der Gemeinheit versinken
2325 3083 3357 3149 in denen Christine unbewußt die Schätze ihrer Seele vor.
271 3129 1294 3192 Dichter in die Häuslichkeit des Wiener Vorstadtkindes ge¬
1286 3120 2324 3196 konnte! Hier handelt es sich beileibe nicht etwa um eine „Um¬
2313 3127 3353 3222 ihrem scheidenden Geliebten ausschüttet, brauchte sich kein¬
260 3175 2806 3251 führt und erhalten auch hier ein in sich abgeschlossenes. Ge¬] werthung“, d. h. Verfälschuug sittlicher Begriffe à la Nietzsche, großer Dichter zu schämen.
