3436 4352
444 129 795 195 iebelei
950 118 1367 213 box 10/1
247 130 889 241 3. A nne
1116 285 1250 350 tinue
738 290 877 364 ptan
297 306 631 387 t ciété, qui# ton
1249 333 1423 380 français
356 347 1250 412 une intrigue avec une femme au monde. La jenne
364 368 1424 447 grisette n’est pour Jui qu'un passe-temps amou- internat
1285 405 1428 449 Le go
362 436 497 486 reuz.
1250 435 1430 491 bien vor
392 439 1240 505 Mais le mari trompé surprend le secret de sa
1262 469 1444 519 ganisati
368 474 1240 542 femme ci vient demander raison à l’amant. Avant
1250 505 1423 556 cucants
366 507 1251 581 dese rendre sur le terrain, car un duel a été dé¬
278 530 357 589 or-
1263 538 1445 586 Vincenn
372 543 1247 614 cidé, le jeune homme va voir une dernière fois,
1266 575 1444 634 régublie
374 585 1246 643 chez elle, la jeune ouvrière, dont, ä ce moment eri¬
279 596 352 663 16-
368 614 1252 681 tique, il comprend tout l'amour. Dans le modeste
376 640 1259 709 logement ou elle habite avec son père, il comprend
1296 668 1444 723 Comn
378 681 1261 743 quel fort il a eu de ne pas rompre avec toutes les
1258 706 1430 761 d’Hliver
367 714 1179 774 intrigues; ici, il aurait trouvé un amour vrai.
1265 733 1445 797 nera pe
397 737 1243 803 Il est trop tard. Le jeune hiomme est tué en duel,
1267 784 1440 826 cliste au
373 790 1247 845 et la jeune fille, à qus il n'avait pas dit qu’il se
1272 817 1446 872 ganise 1
365 816 1252 889 battait, n’est pas prévenue de sa mort, qu’elle n'ap¬
263 830 369 878 Au¬
378 843 1253 914 prend que par hasard. Sa douleur éclate. terrible;
280 869 373 919 vé.
370 890 1260 950 Thomme qu’elle aimait s’est tué en se battant pour
376 918 1257 979 une antre femme. Folle de désespoir, elle court au
384 951 1266 1012 cimetière. Va-t-elle se tuer sur la tombe de son
273 986 348 1034 ou-
376 990 1105 1046 amant? Le rideau tombe sur cette sortie.
1282 991 1460 1073 INFC
296 1023 368 1072 de
416 1009 1260 1071 Ces trois actes, serrés, pleins d’émotions drama¬
384 1068 1275 1106 tiques, ont été supéricurement joués par Mme
383 1102 1195 1158 Sandrock, MM. Sonnenthal, Mitterurrzer, etc.
264 1075 369 1146 res¬
407 1114 1266 1171 Le soir de la première, le jeune auteur, M. Ar¬
270 1137 374 1185 int¬
384 1154 1274 1222 thur Schnitzler, a été forcé, a dix reprises, de pa¬
258 1173 379 1231 and
382 1199 741 1264 raitre sur la scène.
1283 1259 1402 1300 courst
275 1260 378 1323 ym¬
600 1263 1049 1330 PETTTES NOUVELLES
1284 1289 1412 1335 lions
414 1302 1287 1368 Le concert du Pré-aux-Clercs (85, rue du Bac),
289 1331 1397 1415 mi- qui, pour des travaux obligatoires, s’était trouve! portg
1134 1367 1446 1418 #nrich ##ern
514 1390 978 1452 #sait de sommenm
909 1857 1571 1938 Luden gewann Morgenstern!!.
293 1862 669 1945 igenen Ge¬ Den
294 1926 534 1989 ind Spitzen
547 1909 1525 1987 und Ruzicka's „Susie D“ (Totalisateur 42
1500 1968 1577 2029 S
559 1970 1504 2025 für 5). Den Preis von Linz Schmatzens „Donau¬
287 1973 533 2031 nge Bauer,
553 2016 1520 2090 perle“, das Handicap Dau Mac Phee's „Golden
287 2019 543 2081 nd einmal
283 2062 1578 2131 elen wollte. Lumps“ (Totaliseur 53 für 5). und das Ida=b
540 2113 1223 2179 Handicap Hauser's „Princesse“.
777 2180 1357 2268 E
294 2191 554 2267 r=Erlebnisse
1521 2259 1575 2313 2
291 2246 553 2316 gungen zu
687 2257 1352 2342 Rrich der Schmmkr.
298 2303 553 2366 Waren Sie
287 2349 547 2414 ogramm?“
627 2347 1556 2405 Die Theatersaison ist in vollem Gange, ja
299 2397 540 2462 Singhalese,
536 2399 1568 2456 hielt doch schon das Hofburgtheater seinen ersten 2
338 2445 1565 2509 der auf Novitäten=Abend, an dem Giacosa's einactiges'n
294 2490 536 2566 umspringt,
545 2507 1560 2559 Schauspiel Rechte der Seele" und Arthur Schnitz=#
556 2541 1530 2607 ler's Liebelei“ mit dem üblichen Achtungser=
296 2546 542 2601 #ten Leiter
553 2596 1518 2651 folg in Scene gingen. Die Vorführung ersteren
311 2593 540 2658 bietet, zu
294 2641 548 2714 Haut mit¬
558 2633 1553 2697 Stückes an dieser Stätte rechtfertigte theilweises?
554 2693 1559 2747 Frau Hohenfels durch ihre glänzende Darstellung je
344 2747 1562 2804 daß die der unverstandenen Frau. Ebenso bemühten sich:
354 2787 540 2842 Amerika
558 2783 1558 2850 Frl. Adele Sandrock, Herr Kutschera, und Herr c
343 2848 1559 2910 erhalten. Sonnenthal in einer Episode dem zweitensd
292 2900 1506 2949 lieder hier Stück, dem Werke eines talentirten Anfängers
554 2936 1509 2988 einen bescheidenen Platz im Repertoire zu sichern.
294 2934 533 3000 re Purzel¬
296 2980 549 3053 für Amerika
630 2982 1552 3038 Das Hosoperntheater bereitet, nachdem die:
547 3024 1519 3076 Opernnovität Massenet's „Das Mädchen von
328 3029 546 3101 in New¬
326 3086 404 3133 w.
553 3080 1510 3133 Navarra“ und das neue Ballet „Amor auf
408 3086 532 3145 gegen
288 3127 543 3192 000 Francs
555 3123 1521 3193 Reisen“ mehr Arbeit gekostet als damit Erfolg
279 3175 538 3243 II man sich
552 3180 1518 3241 erzielt wurde, das erprobte „Rothkäppchen von
292 3228 1540 3287 n pfiffiger Boieldien zur Aufführung für den 19. November
284 3265 1514 3333 ten wilden vor. Dann wird die Oper „Walther von der
278 3325 1458 3379 #if die Idee, Vogelweide“ von Albert Kauders einstudirt.
639 3371 1536 3426 Das Deutsche Volkstheater bringt dens
292 3369 554 3434 iach Europa
555 3417 1508 3483 „Regentag“ von J. J. David gleichzeitig mit
290 3468 532 3530 eibern und
552 3468 1520 3533 dem einactigen Lustspiel Die Prüfung“ von
553 3525 1517 3581 Lothar Clemens. Im Raimundtheater geht am
293 3515 535 3578 assen. Die
336 3564 1563 3639 Aufsehen 15. d. M „Mein Leopold“ von L'Arronges!
275 3610 1557 3674 #i sehen sein. und als nächste Novität Karl Hauptmannsss
273 3655 1263 3738 #e und der Schauspiel „Waldleute“ in Scene.
280 3710 467 3779 zählen.
2024 258 2252 338 Cn
2310 266 2766 352 Theater.
2304 344 2754 422 Hafburatheater.
2042 403 3131 463 H—e. Im Burgtheater ist die zweite Aufführung einer No¬
3145 424 3250 485 Alle
1927 456 3124 502 vität manchmal entscheidender als die erste. Ist der Autor des Stückes
3146 463 3235 515 der
1937 491 3133 535 zufällig ein Wiener, so besetzen bei der Première seine Freunde,
3145 498 3237 548 sie
1938 519 3132 572 seine Verwandten und Bekannten das Haus und machen nach den
3145 541 3240 590 Kitt
1941 566 3131 630 Actschlüssen einen Lärm, als ob ein zweiter Schiller oder Goethe
3142 581 3245 632 zitte
1941 611 3131 659 erstanden wäre. Bei der zweiten Aufführung fehlt diese Claque. Ein
3144 619 3238 665 Gul
1939 654 3132 692 unparteiisches, kaltkritisches Publicum sitzt da, das wenig nach dem
3146 653 3236 702 ihn
1942 682 3130 726 Autor frägt und das neue Stück lediglich nach dem Eindrucke be¬
3154 692 3246 744 tüch
1933 719 3136 762 handelt, den es davon empfängt. Verhindert, der Première von
3148 736 3246 783 Reg
1930 766 3126 816 Schnitzler's „Liebelei" und Giacosa's „Rechten der
3143 773 3254 824 dav
1931 799 3135 852 Seele" beizuwohnen, sah ich mir die beiden Komödien bei der zweiten
3141 801 3238 861 mar
1942 842 3125 888 Aufführung an. Und siehe da, die „Liebelei“, die nach den Zeitungs¬
3144 853 3238 901 dun
1931 876 3129 925 berichten am Abend vorher dem Verfasser so stürmischen Beifall und
3154 893 3239 941 gan
1934 917 3138 961 ungezählte Hervorrufe eingetragen hatte, wurde so kühl aufgenommen,
3156 931 3243 978 uni
1942 954 3131 995 daß man beinahe von einer sanften Ablehnung sprechen konnte. Der
3160 969 3246 1015 mite
1936 994 3140 1036 erste Act gefiel, der zweite hielt sich kaum über Wasser und der
3160 1007 3248 1059 solch
1933 1028 3137 1086 dritte fiel ganz ab. Ein merkwürdiges Stück, diese „Liebelei“. Man
3164 1048 3259 1096 erob
1938 1066 3131 1128 kann sich kaum etwas Reizenderes denken, als das improvisirte Früh¬
3156 1085 3248 1128 wier
1943 1107 3142 1156 stück der beiden Grisetten mit ihren studentischen zwei Verehrern.
3155 1122 3241 1168 Kitt
1945 1147 3133 1195 Der liebenswürdigste Humor, der noch dazu von echter Wiener Art
3159 1161 3244 1211 Pr.
1936 1188 3138 1244 ist, belebt die zwanglose Unterhaltung. Und doch fällt dabei nicht
3151 1193 3251 1266 heit
1950 1230 3147 1281 Ein Wort, welches die feine Gesellschaft, die sich im Burgtheater zu
1945 1264 3154 1308 versammeln pflegt, verletzen könnte. Wie treffend sind die beiden
1945 1297 3157 1354 Liebespaare charakterisirt! Die leichtlebige Modistin Mizi und ihr
1946 1342 3156 1388 Galan, der gutmüthige, fidele Theodor Kaiser und als Gegen¬
1937 1379 3149 1434 stück die sentimental angehauchte, mit leidenschaftlicher Gluth liebende
3155 1388 3255 1448 eine
1940 1422 3142 1467 Musikantenstochter Christine und der edel geartete, in ein Liebes¬
3159 1438 3238 1478 va
1948 1455 3256 1524 abenteuer mit einer verheirateten Frau verstrickte Fritz Lobheimer. Siti#
1945 1506 3265 1562 Aber mit diesem vorzüglich gelungenen ersten Acte, bei dessen Abschluß Son
1946 1535 3142 1583 das Schicksal in der Person des von Fritz betrogenen Gatten mehr
3164 1549 3261 1603 Feh
1950 1575 3140 1619 komisch als tragisch anklopft, ist auch die Schaffenskraft des jungen
3155 1593 3268 1653 Fra
1940 1615 3145 1668 Autors erschöpft. Der zweite Act führt uns in Christinens Heim,
3166 1634 3249 1682 ihn
1944 1652 3145 1708 die hier den Besuch ihres so heiß geliebten Fritz empfängt. Sie ahnt
3165 1670 3248 1716 verst
1938 1689 3139 1738 nicht, daß es sein Abschiedsbesuch ist! Die vollständige dramatische
3170 1710 3231 1753 im
1946 1729 3140 1776 Leere dieses Actes wird von Gesprächen ausgefüllt, die manche treffende
3165 1748 3256 1795 Als
1945 1768 3147 1813 Bemerkung enthalten. Recht gut ist hier Christinens heiße, ungestüme
3165 1785 3248 1837 Dar
1957 1814 3151 1864 Leidenschaft charakterisirt. Sie will Alles wissen, was ihren Fritz betrifft.
3169 1815 3250 1884 neß
1946 1846 3145 1885 Sie hört nicht auf, ihn zu fragen. Ganz verfehlt aber ist ihr Vater, der
3173 1864 3236 1916 sic
1946 1885 3155 1934 alte Theater=Musikant, gezeichnet. So spricht kein Vater, der ein Ehren¬
3167 1910 3232 1950 ve
1956 1930 3150 1989 mann ist und etwas auf seine Tochter hält. Und nun der tragische Schluß¬
1956 1972 3157 2019 act. Fritz ist im Duell mit dem von ihm betrogenen Ehemann gefallen.
3176 1991 3224 2028 U
1946 2001 3163 2060 Mit Zittern und Zagen bringt Christinens Vater ihr die Hiobspost bei.
3197 2008 3244 2070 91
1952 2038 3267 2098 Fritz todt! Was könnte Christine bei dieser furchtbaren Nachrichescheut
1944 2079 3153 2127 Anderes thun, als wie vom Donner getroffen niedersinken und in einen
3166 2100 3257 2153 liche
1948 2115 3148 2167 Strom von Thränen ausbrechen! Weit gefehlt. Daß Fritz todt ist,
1948 2166 3152 2210 das scheint für Christine eine Nebensache zu sein. Sie ärgert sich nur
3165 2171 3257 2227 ließ
1954 2201 3150 2248 darüber, daß er im Duell für eine Andere gefallen ist, und
3160 2211 3268 2266 Tite
1948 2236 3147 2285 daß er ihr nicht einmal geschrieben oder etwas zum Andenken ge¬
3167 2254 3264 2308 bere
1953 2280 3152 2345 schickt hat! Unwillkürlich denkt man an Frau Marthe's Ausruf:
3171 2295 3261 2342 Seit
1961 2313 3151 2362 „Was, kein Schaustück, kein Geschmeide?“ Hier hätte sich der echte
3161 2326 3267 2384 dras
1951 2359 2380 2425 Dichter zeigen müssen.
3165 2372 3275 2437 nach
2074 2385 3156 2440 Aber noch ein anderer, noch viel wichtigerer Einwand gegen
3178 2414 3266 2460 die
1948 2431 3160 2485 die „Liebelei“ drängt sich dem Zuschauer auf. Die tragische Wendung
3175 2453 3278 2500 Carl
1947 2476 3154 2526 des Stückes wird nämlich keineswegs dadurch herbeigeführt, daß
3175 2491 3261 2540 sehr
1948 2509 3160 2558 Fritz sein Verhältniß zu Christine nicht ernsthaft nimmt und es
3170 2531 3269 2579 aber
1952 2554 3159 2600 blos als eine „Liebelei“ auffaßt, während sie ihm ihr ganzes Herz
3164 2563 3279 2620 Frä¬
1955 2585 3158 2642 geschenkt hat und mit wahrer, tiefer Liebe an ihm hängt. Seine
3169 2608 3267 2658 behe
1958 2626 3154 2683 „Liebelei“ mit Christine steht mit der Ursache seines Todes und der
3170 2644 3291 2705 Berl
1958 2667 3157 2715 dadurch herbeigeführten Verzweiflung Christinen's in gar keinem
3169 2687 3253 2736 das
1955 2703 3166 2751 Zusammenhange. Damit aber fällt das ganze Stück, dessen Thema
3166 2719 3267 2770 gewe
1962 2743 3158 2804 doch offenbar sein sollte, zu zeigen, was für Unheil aus den „Liebe¬
3168 2762 3281 2817 Pub
1952 2786 2373 2847 leien“ entstehen kann.
3175 2805 3275 2856 hera¬
2070 2811 3155 2865 Die Aufführung, sonst in fast allen Partien glänzend, litt unter
1964 2859 3161 2898 einem schweren Besetzungsfehler. Wie kann Frl. Sandrock die
1961 2893 3165 2944 Christine spielen, das „blühende“ Geschöpf? Christine muß vor allen
3184 2887 3292 2974 2
1950 2941 3159 2983 Dingen jung und frisch sein, wie die Schlager=Mizzi, ihre Freundin.
1960 2976 3157 3032 Durch eine entsprechende Christine würde das ganze Stück ein
3172 2992 3245 3065 25.
1956 3014 3158 3068 anderes Gesicht bekommen haben. Fräulein Sandrock sah aus wie
3167 3050 3251 3099 im (
1954 3050 3147 3105 Mizzi's Mutter, nicht wie ihre Freundin. Aber auch ihre Kunst ließ
3178 3085 3272 3142 wid:
1964 3087 3154 3132 sie in der Verzweiflungsscene im Stiche. Das waren nicht die Töne,
3169 3130 3279 3182 Dire
1959 3134 3150 3178 die aus dem Innern kommen, das war nicht Wahrheit, sondern
3165 3168 3276 3216 glück
1966 3167 3157 3220 Komödianterie. Vortrefflich war Fräulein Kallina als Mizzi.
3177 3202 3272 3256 und
1967 3200 3158 3251 So viel Natürlichkeit, so viel Humor; es fehlte nur ein wenig Dem¬
3173 3244 3267 3292 bal
1966 3236 3162 3296 perament. Als Strumpfwirkersfrau gab Fräulein Walbeck wieder
3134 3318 3266 3398 dem
2147 3355 2261 3425 W0.
2318 3353 2820 3453 #g
2940 3435 2995 3490 7
3074 3436 3245 3512 Oiärtet
1782 3468 3060 3535 kein ein wahres Cabinetsstück. Solche Rollen spielt ihr Niemand nach
3081 3503 3247 3551 und zwe
1883 3514 3058 3581 Die Herren Kutschera und Zeska gaben die beiden Studen¬
3077 3539 3235 3588 Diensta
1783 3540 3065 3595 löl, ten sehr gut. Man konnte da sehen, was für eine ausgezeichnete Kraft
3077 3575 3247 3627 28. Jän
1783 3584 3067 3669 irm die Burg an Herrn Kutschera gewonnen hat. Zeska's Humor war
3078 3617 3228 3667 halb 8
1893 3614 3068 3691 nur etwas zu zahm. Den alten Weiring adelte Herr Sonnenthal,
1784 3637 1885 3696 vie
3078 3651 3242 3718 demnäch
1885 3669 3074 3731 so daß man die Gesunkenheit dieses „Vaters“ eigentlich gar nicht merkte.
3082 3694 3240 3748 täten. 2
1900 3701 3065 3769 Herr Mitterwurzer wirkte als in's Haus gefallener Rächer seiner
3083 3733 3242 3781 handlun
1883 3746 2755 3811 Ehre komisch, und das sollte er doch wohl nicht.
3093 3772 3261 3828 Composi.
1792 3792 1884 3845 ien
1986 3785 3070 3841 Das einactige Schauspiel „Rechte der Seele“ von
3083 3807 3256 3862 Fratze
1795 3814 3078 3887 en [Giacosa macht mit seiner ausgeklügelten Dialectik einen sehr
3089 3846 3252 3907 allen Co
1887 3860 3075 3926 unbehaglichen Eindruck. Ein Ehemann zermartert sich den Kopf dar¬
1794 3885 1891 3932 en
3080 3883 3252 3941 Im Ra
1802 3894 3073 3974 ci= über, ob seine Frau den Freund, der sich als ihr unerhörter Ver¬
3092 3924 3223 3975 „Mein
1891 3938 3078 3993 ehrer erschossen hat, nicht doch geliebt habe und dadurch bringt er
3089 3954 3252 4019 Schil.
1803 3968 3076 4025 en die gequälte Frau zu dem Geständnisse, daß es wirklich so ist. Daß
3093 4000 3259 4053 Niese
1817 4018 3070 4086 in=sie nun dem Manne die Schuld derau zuschiebt und sich als die
2151 4022 3284 4113 asandene“ Frau gerirt, das macht sie keineswegs Aufführ:
