3344 4256
486 92 821 168 iebelei
990 96 1423 186 box 11/2
291 94 847 214 5. L a
1852 498 3060 563 stand, gehört einer merkwürdigen Uebergangsperiode an: Noch
623 511 1823 578 persönlichen Wucht, wie sie der älteren Schule eignete, vereinigt.
1852 552 3063 615 hat Ibsen, der von der Geschichte zur Gegenwart den Weg findet,
638 573 1829 622 Er war schen als Just in einer Wiederholung der „Minna von
1851 604 3055 659 sich nicht auf sich selbst zurückgezogen, nicht den Schwerpunkt in
636 610 1836 658 Barnhelm“ vor's Publikum getreten; aber da fehlte ihm der
1844 642 3059 692 der eigenen Natur gefunden — noch ist ihm nicht das Innen¬
631 641 1835 699 plebejisch=brutale Zug, der an diesem köstlichen Kraft= und Ge¬
1853 687 3061 734 leben der Menschen das Wichtigste; er interessiert sich noch für
631 684 1830 738 fühlsmenschen unentbehrlich ist, und so lernte man mehr allge¬
1848 718 3059 771 Politik, für das kleinstädtische Treiben der Liberalen und Kon¬
633 731 1841 779 meine schauspielerische Vorzüge als das treffliche Bemühen des
1843 758 3067 808 servativen in seiner Heimat und betrachtet es doch schon mit einer
640 766 1835 818 Charakteristikers kennen. Als Kurfürst war er ganz in seinem
1849 813 3055 855 satirischen Ueberlegenheit, die von höherer Zinne auf die Par¬
636 817 1838 862 Element: die abgeschlossene, in sich ruhende Hoheit, die Selbst¬
1838 856 3067 899 teien hinabblickt. In der Natürlichkeit der Darstellung glaubt
637 853 1829 905 beherrschung, durch die die innere Arbeit des Geistes und des
1850 888 3059 934 er schon Großes erreicht zu haben, wenn er den Monolog und
634 892 1827 941 Gemüts hindurchblitzt, die eherne Entschlußkraft, hinter der die
1839 925 3070 981 die Apartes ausschaltet; dabei stecki er noch stark in der Si¬
637 926 1841 983 Liebenswürdigkeit wie Sonnenglanz über zusammengeballten
1846 967 3064 1020 tuationskomik, in den konstruktiven Scherzen Holbergs und des
630 979 1836 1027 Wolken emportaucht — all das war so sicher und natürlich ge¬
1848 1009 3061 1057 jüngeren französischen und deutschen Lustspiels. Sprache und
623 1016 1839 1069 bracht, daß die Zuschauer wie die Menschen auf der Szene mit
1854 1050 3065 1100 Szenenform erhalten erst später aus den inneren Problemen
639 1062 1843 1110 Spannung an den Blicken, Mienen und Worten des geborenen
1839 1086 3063 1140 heraus ihre imponierende Selbständigkeit, ihre bedeutsame
632 1098 1831 1154 Herrschers hingen. An diesen Kurfürsten reichte freilich auch im
1851 1141 3061 1191 Knappheit. Aber in der Charakteristik der Hauptfiguren bricht
626 1136 1832 1185 künstlerischen Sinne kaum eine zweite Gestalt des Darstellungs¬
1852 1162 3063 1230 schon das Genie hervor: der rücksichtslose Strever, der schlaue
634 1178 1840 1230 bildes heran — etwa ausgenommen die Sandrock, die ohne Auf¬
1855 1216 3061 1270 Konservative, der ihn durch kluge Schein=Nachgiebigkeit über¬
637 1223 1843 1263 dringlichkeit die jäh wechselnden Affekte in der großen Szene der
1856 1252 3063 1308 trumpft, der kurzdenkliche Aristokrat von wahrhaft vornehmer Ge¬
633 1260 1837 1317 Kurfürstin mit aller Kraft der Tragödin brachte. Kayßlers etwas
1848 1288 3064 1350 sinnung sind lebendige Gestalten, die in das nach alter Mode
637 1292 1839 1355 schroffes und schweres Naturell paßt nicht für den Prinzen von
1853 1328 3061 1389 lustig abgezirkelte Spiel hineingestellt sind. Das Stück konnte
630 1349 1845 1403 Homburg, und so war die Arbeit einer tüchtigen Intelligenz, die
1855 1385 3066 1435 vor Jahren nicht Wurzeln schlagen und hat diesmal einen ge¬
638 1383 1837 1435 er an die Rolle gesetzt hatie; vergebens. Aus dem sieghaften
1856 1425 3064 1474 radezu überraschenden Erfolg gehabt; ein Teil des Publikums
637 1422 1845 1472 Schwärmer, um dessen Naturell nur der träumerische Zug einen
1854 1467 3065 1513 fühlte sich gerade durch die Mache alten Schlages vertraulich an¬
635 1468 1846 1509 leichten Schleier spinnt, wurde ihm ein schwerblütiger Melancho¬
1845 1502 3065 1573 gezogen, ein anderer erfreute sich an der Art, wie die Genialität
629 1503 1838 1564 liker, ein Jüngling voll herber Todesahnungen, und dadurch wuchs
1856 1531 3072 1605 mit ihren Ketten spielt. Die Gesamtwirkung konnte nur durch
636 1550 1845 1595 auch die vielbesprochene Szene der Furcht zu einer falsch Be¬
1848 1586 3061 1631 eine Aufführung erzielt werden, die den historischen Zug und
638 1579 1842 1647 deutung empor; sie wirkte nicht wie der Ausbruch jugenolicher
1848 1630 3059 1678 Stil aufs glücklichste wahrte und auf der anderen Seite das Be¬
634 1627 1833 1683 Naivität, die jedem starken Impuls bis ans Aeußerste folgt, son¬
1850 1660 3070 1716 deutende der Charakteristik scharf, sicher, aber ohne Uebertreibung
635 1678 1848 1723 dern wie ein Verrat der innersten Natur. Auch Wegeners Kott¬
1848 1715 3074 1769 herausholt. Das Brahm'sche Ensemble zeigt nach beiden Rich¬
632 1716 1847 1768 witz war unfertig und die Natalie der Heims wohl liebenswürdig,
1857 1741 3075 1816 tungen hin Meisterschaft. Bassermann zeichnete den Streber in
640 1756 1842 1796 aber um einen Grad zu weich. Es war also keine Mustervor¬
1857 1781 3079 1849 genialen Strichen, Reicher den konservativen Fuchs mit großer
631 1792 1838 1859 stellung, aber doch im ganzen eine von so gutem Geist erfüll :
1860 1822 3062 1880 Feinheit, Meinhardt den giftigen Schwätzer und Oskar Sommer
634 1837 1843 1886 Aufführung, daß der Erfolg sich ungemein lebendig gestaltete.
1863 1870 3060 1920 den Patrizier mit voller Sicherheit. Und im ganzen lebie und
640 1879 1841 1930 Zwei „Kammerspiele“ des Deutschen Theaters haben weniger
1847 1904 3060 1967 webte ein satirischer Humor, dem man sich mit Behagen hin¬
637 1922 1852 1971 Befriedigung hinterlassen. „Fräulein Julie“ von Strindberg
1847 1943 3067 2013 gab. Es war jedenfalls der bedeutendste Abend der wiedereröff¬
644 1954 1834 2006 ist gewiß eine merkwürdige psychologische Studie, nicht ohne Fein¬
1854 1998 2196 2061 neten Spielzeit.
643 1997 1844 2059 heit und unheimlichen Stimmungsreiz, aber es ist zuletzt doch
637 2041 1838 2095 eine Tragödie ohne Tragik, ein Bild der Gesunkenen, nicht des
1938 2044 3061 2099 Mit einer glücklicheren Neuheit ist bisher nur das „Kleine
638 2087 1842 2132 Sinkens, ein Stück Psychologie des Skandals, nicht des inneren
1847 2081 3046 2138 Theaser“ hervorgetreten. Es holte sie sich als „Fremdentheater“
635 2129 1848 2174 Kampfes. Die Kammerspiele sollen eine ganz besonders stilvolle
1859 2129 3067 2181 im Sinne der Dichtungen, die es bringt, aus Dänemark, aus der
639 2167 1847 2217 Fassung für die literarischen Kleinodien geben und „Fräulein
1854 2156 3067 2226 Sphäre der sanfteren nordischen Psychologen. Das Stück, eine
639 2209 1845 2261 Julie“ ist ein Stückchen Glimmer — kein Edelstein. Selbst dann
1863 2201 3076 2261 Komödie, betitelt „Die Stimme der Unwürdigen“, hat den fein¬
632 2239 1843 2291 nicht, wenn die kleine Aristokratin mit ihrem Gemisch von Sinn¬
1859 2247 3070 2306 sinnigen Sven Lange zum Verfasser. Das halb heitere Motiv bildet
640 2292 1841 2341 lichkeit, Bestialität und Hochmut eine so virtuose Darstellerin wie
1851 2270 3080 2338 der kindliche Argwohn eines ganz jungen Mädchens, das den ver¬
639 2325 1843 2381 die Eysoldt findet, die in der Versinnlichung solcher halb tierischer,
1862 2330 3071 2382 meintlichen Liebhaber der Mutter ohrfeigt, obgleich zu einer
635 2378 1839 2423 halb dämonischer Gestalten unvergleichlich ist. Schnitzler's
1857 2367 3063 2429 solchen Injurie ein Anlaß nicht gegeben ist. Aber die ahnungs¬
646 2416 1843 2457 „Liebelei“ ist des kostbaren Rahmens der Kammersviele weit wür¬
1855 2407 3066 2466 volle Kinderseele hat doch in gewissem Sinne recht; denn zwischen
642 2451 1846 2505 diger. Aber für dieses beste und echteste aller tragischen Spiele
1864 2454 3074 2506 den Eltern schwebt eine unausgesprochene Verstimmung, und der
644 2492 1837 2542 von Schnitzler hat Reinhardts Ensemble nicht die geeigneten
1862 2485 3075 2548 Zwischenfall führt dazu, die Eheleute durch eine Entladung ihrer
638 2534 1844 2579 Kräfte. Es fehlt die Wiener Lokalfarbe, die hier nicht aufge¬
1856 2535 3064 2584 Gemüter einander näher zu bringen. Die Komödie enthusias¬
643 2571 1849 2628 schminkt ist, sondern vom Blute herkommt; die Höflich mimt die
1857 2577 3066 2626 mierte nicht; aber sie fand, im ganzen gut aufgeführt, den Bei¬
643 2622 1844 2667 Christine zu ausgesprochen tragisch, zu schwer von Anfang an.
1867 2625 2182 2692 fall der Hörer.
645 2659 1842 2708 Das ist nicht das kleine süße Mädchen, das erst durch ein großes
1942 2654 3065 2730 Im „Neuen Theater“ griff eine Wiederholung des
632 2691 1840 2750 Gefühl und ein starkes Schicksal zu einer Art von Heroismus
1864 2717 3072 2769 Schauspiels „Ueber den Wassern“ von Georg Engel nicht tief,
642 2732 1839 2797 hingetrieben wird. Ausgezeichnet war Pagay als alter Musikus;
1858 2756 3078 2816 und die Novität „Ihavatatra“, ein phantastisches indisches Spiel
641 2792 1845 2831 aber das ließ um so stärker empfinden, daß die Anderen aus ver¬
1855 2794 3077 2856 von Julius Berstl, konnte auf diesem Boden nur als Probe
638 2817 1849 2867 schiedenen Gründen den rechten Ton nicht fanden, Reinhardt,
1868 2844 3074 2892 eines noch nicht ausgereiften Talentes interessieren. Dagegen
648 2862 1848 2910 der entschieden ein sehr beachtenswerter Regiekünstler ist und der
1862 2877 3077 2950 hat auch hier ein Däne, Gustav Wied, mit seinem Einakter
649 2901 1844 2955 über eine Anzahl ungewöhnlicher Kräfte verfügt, wird, um
1856 2920 3066 2976 „Liebe“, der mit einem Anfluge von Molisre'schem Humor die
639 2939 1847 3000 den hochgespannten Erwartungen zu entsprechen, dauernd daran
1865 2961 3069 3029 romantischen Neigungen ungeschlachter Bauerndirnen verlacht,
647 2985 1844 3032 arbeiten müssen, von innen heraus ein Ensemble zu bilden, eine
1854 3008 3069 3055 einen entschieden freundlichen Erfolg erzielt, nicht zuletzt durch
640 3027 1846 3081 Kunstgemeinde von innerem Einverständnis, von Stilgemein¬
1862 3043 3068 3090 die komische Charge des Schauspielers Christians, der neuer¬
645 3070 1842 3118 schaft, von jener geistigen Vertraulichkeit, in der eine Figur die
1863 3069 3069 3153 dings mit seinen drolligen Sonderlings=Figuren mehr Glück hat
638 3111 1837 3157 andere hebt. Daran gebricht's bei ihm. Mit dem Aufkaufen von
1857 3128 2330 3193 als mit seinen Helden.
647 3143 1842 3207 soundsoviel Modeschauspielern und umworbenen Kräften ist's
1937 3176 3065 3237 Im ganzen ist die Ernte an Neuheiten, auf die alle Theater
643 3188 1845 3242 nicht getan; so kommt nichts zusammen, was ineinandergepaßt ist
1861 3219 3076 3278 lauern, bisher eine geringe; dagegen gewinnt das Bemühen, die
639 3226 1848 3267 und sich gegenseitig ergänzt. Das entsteht nur dort, wo die star¬
1858 3250 3074 3324 gegebenen Literaturschätze weiteren Kreisen zugänglich zu machen,
639 3271 1851 3337 ken Talente wachsen, wo sie sich im rechten Klima entwickeln, nicht
1866 3316 3075 3353 immer mehr an Raum. Das neuentstandene Friedrich
641 3315 1667 3383 ausschließlich durch Verpflanzungen und Umsetzungen.
1853 3334 3075 3396 Wilhelmstädtische Schauspielhaus (in den Lokali¬
732 3350 1826 3398 Otto Brahm ist es gelungen, auf dem Boden des
1858 3382 3069 3439 täten des ehemaligen Schillertheaters N.) macht mit einer ganz
652 3388 1849 3444 Lessing=Theaters ein Ensemble von künstlerischer Einheit
1860 3418 3070 3479 leidlichen Aufführung der Heb#el'schen „Nibelungen" volle
650 3441 1856 3493 zu erhalten. Er begrenzt sein Wirken scharf, aber er bietet Voll¬
1864 3458 3077 3526 Häuser. Im kleinen Hause in der Köpenickerstraße hat sich ein
645 3474 1856 3519 gediegenes innerhalb dieser Grenzen. In der letzten Zeit kon¬
1866 3496 3073 3570 „Theater an der Spree“ aufgetan, das die Pflege des
650 3520 1850 3569 zentriert er — von den Auffrischungen einiger Hauptmann'scher
1858 3537 3071 3609 alten Berliner Volksstückes auf sein Programm gesetzt hat; eine
642 3564 1846 3618 Stücke abgesehen — seine ganze Kraft auf die Vorbereitung eines
1861 3587 3074 3654 Auffrischung des „Aktienbudikers“ von Kalisch fand do ein froh
642 3597 1853 3652 großen Ibsenzyklus, der den Erneuerer des bürgerlichen Schau¬
1857 3622 3074 3685 genießendes Publikum. Ob aber die Hoffnung des neuen Direk¬
650 3634 1847 3686 spiels in seiner ganzen Entwicklung vorführen soll. Auf die
1864 3667 3080 3732 tors Spandow, das Genre durch die Produktion neu zu beleben,
641 3670 1856 3737 Musteraufführung der „Stützen der Gesellschaft“ ließ er jetzt die
1863 3711 3074 3769 erfüllbar ist, das scheint in dem weltstädtischen Berlin von heute,
645 3715 1856 3777 noch ältere Komödie „Der Bund der Jugend“ folgen, in der Ibsen
1870 3761 3067 3822 das nur noch wenige Spuren der alten Sitte und Ueberlieferung
651 3760 1850 3816 zum erstenmal reale Verhältnisse in realistischer Form auf die
661 3793 2482 3873 Szene brachte. Das Stück, das Ende der sechziger Jahre ent= aufweist, als eine offene Frage.
