3436 4224
409 141 635 217 Liebe
221 150 908 257 5. Amse1
908 138 1354 246 box 10/3
1368 1248 1496 1382 2
904 1394 2006 1492 Max Karfunkel's Nachrichten-Bureau „, Argus“
979 1489 1958 1567 Berlin C., Poststrasse 29. Telephon V, 1227.
996 1536 1650 1633 London. New-Vork.
1754 1538 1932 1624 Paris.
914 1620 2027 1680 (Liest alle Zeitungen der Welt und liefert aus denselben
1109 1673 1811 1739 Ausschnitte über jeden Gegenstand.)
1381 1823 1607 1924 Amzeiger,
1485 1959 1866 2064 NC
1006 2039 1712 2179 N000 Hannever.
1065 2206 1488 2337 D
1522 2227 1888 2357 25FEB.9R
1074 2342 1936 2431 Einen guten Erfolg hat „Liebelei“ von Arthur
1036 2403 1855 2471 Ihnitzler=Wien bei Herrn Brahm errungen.
1030 2446 1857 2502 ber Herr Schnitzler ein Moderner? Vielleicht,
1098 2465 1942 2539 icht aber auch nicht, und ehe diese Frage nicht
1007 2512 1934 2579 entschieden ist, möchte ich diesen Erfolg auch nicht auf
997 2548 1946 2613 das Gewinnkonto der Modernen setzen. Das Stück
1202 2590 1951 2647 durchaus nicht über jeden Zweifel
1008 2614 1133 2664 selbst
1009 2628 1948 2693 erhaben, es bringt Figuren und Situationen, die mit
1007 2671 1942 2732 dem wirklichen Leben nichts zu thun haben. Aber es
1059 2702 1951 2775 auch frei von den Unmanieren, mit denen die
1015 2740 1955 2815 Berliner in den letzten Jahren vollgestopft, worden
1014 2788 1982 2851 sind, und gerade deshalb hat es vielleicht die Gunst
1000 2830 1956 2884 des Publikums errungen. Dieses scheint nachgerade
1001 2877 1958 2933 an dem „Alkoholismus“ auf der Bühne genug zu
996 2904 1968 2958 haben und ist es müde geworden, sich das stumpf¬
1017 2948 1981 3029 sinnige Gestotter und Gestammel halber Idioten au¬
1129 3010 1308 3077 .
993 3001 1080 3084 zuh
