3392 4320
429 188 814 268 Liebelei
892 197 1411 288 box 11/4
269 182 823 324 5. 1
1086 1319 1444 1420 Telephon 12.801.
430 1474 564 1573 aen
581 1418 1211 1574 „OBSERVER“
358 1553 1457 1629 I österr. behördl. konz. Unternehmen für Zeitungs-Ausschnitte
509 1617 1331 1690 Wien, I., Concordiaplatz 4.
692 1692 1125 1758 Vertrefungen
369 1747 1458 1805 in Berlin, Budapest, Chicago, Christiania, Genf, Kopen¬
363 1792 1462 1845 hagen, London, Madrid, Mailand, Minneapolis, New-Vork,
404 1834 1425 1887 Paris, Rom, San Francisco, Stockholm, St. Petersburg.
701 1876 1142 1940 (Quelienangabe ohne Gewähr).
361 1921 738 2008 Ausschnitt aus:
719 1938 1245 2086 Aungertevie Retorme.
363 2045 514 2103 vom:
716 2032 1213 2160 —Esver, Ungern
1050 2178 1531 2265 20. „JAN. 1992—
600 2235 1561 2308 „Szerelmeskedés“. Donnerstag wird die
507 2276 1543 2365 Premiere zu Arthur Schnitzler's., Schauspiel „Sze¬
501 2352 1555 2414 reimeskedes“ (Liebelkl) gegeben, welches in der
505 2400 1550 2471 tzweiten Dezemberhälfte im Nationaltheater mit
508 2448 1091 2513 sgroßem Erfolge aufgeführt
1099 2444 1553 2511 wurde. Schnitzler ist
511 2495 1551 2564 seiner der hervorragendsten Wiener Dramatiker,
504 2557 1548 2617 weshalb sein Stück im Volkotheater einen solch'
508 2589 1544 2656 seasationellen Erfolg hatte, daß es alsbald auch
496 2654 1547 2704 vom Burgtheater auf das Repertoir genommen
496 2698 1552 2762 wurde. Von dort trat es seinen Triumphzug nach
510 2742 1553 2799 Budapest, Berlin und sämtlichen europäischen
509 2788 1536 2855 Bühnen an. Die Rolle der Christine wird Micz
502 2835 1559 2922 Haraßthy, jene des alten Musikanten Weiring
494 2890 1156 2963 aber wird Szeghö spielen.
2625 411 3020 490 Telephon 12801.
1846 543 2987 637 R Whnn
1855 618 2991 728 G l. österr. behördl. konz. Unternehmen für Zeitungs¬
2329 702 2599 758 Ausschnitte
1893 765 1940 828 2
2025 740 2903 831 Wien, I., Concordiaplatz 4.
2267 823 2665 887 Vertretungen
1834 849 2996 940 „ in Berlin, Budapest, Chicago, Christiania, Genf, Kopen¬
1917 922 3011 974 hagen, London, Madrid, Mailand, Minneapolis, New Vork,
1890 957 3006 1027 9 Paris, Rom, San Francisco. Stockholm, St. Petersburg.
2278 997 2910 1104 Heuenburger Zeitung
1834 1054 2538 1145 in Ausschnitt auß: Ppibe
1908 1157 2066 1210 vom:
2249 1303 2596 1411 Theater.
2052 1401 2916 1468 „Tiebelei.“ Schauspiel in 3 Akten von
1907 1452 2913 1532 Arthur Schnitzler, ins Ungarische über¬
1916 1497 2532 1576 tragen voll Franz Révéß.
2036 1558 2905 1612 Schauspiel nennt es der Verfasser, Lust¬
1904 1589 2924 1672 spiel unser Theaterzettel, am besten aber könnte¬
1905 1634 2913 1723 man es wohl als Milieustück bezeichnen, was
1910 1709 2646 1770 uns da gestern vorgeführt wurde.
2032 1746 2906 1808 Sie wollen den Inhalt wissen, verehrte
1919 1798 2912 1861 Leser? Ja, das ist sehr schwer, wir stehen da
1911 1856 2920 1912 vor einem neuem Genre, das wir, wie gesagt
1905 1900 2911 1945 am besten als Milieustück taufen können und
1911 1949 2766 2000 das überhaupt keinen Inhalt hat.
2024 2003 2903 2054 Liebelei — es wird drei Akte hindurch
1910 2053 2912 2119 „geliebelt“ und dann fällt der Vorhang und
1909 2098 2911 2159 das Publikum frägt verwundert: „Ja, was
1914 2150 2897 2230 will der Verfasser eigentlich sagen oder be¬
1912 2179 2108 2255 weisen:
2016 2272 2890 2357 Das, liebe Leser, weiß wahrscheinlich der
2285 2325 2898 2400 nicht, Schnitzler hat sich,
1898 2328 2246 2409 Verfasser selbst
1908 2375 2895 2441 wie soviele andere seiner Wiener Kollegen trotz
1914 2429 2899 2498 hohen Talentes ganz und gar in die in den
1907 2483 2890 2549 letzten Jahren modern gewordene „Süße
1908 2524 2898 2607 Mädel“ Manier verrannt, aus der er den
1908 2582 2900 2641 Weg zur Natürlichkeit nicht mehr finden kann.
1911 2618 2896 2701 Die schwierigste Aufgabe fiel wohl Frl Har¬
1911 2660 2910 2744 sänyi zu, denn die Rolle der Christine läßt
1911 2714 2896 2795 ebensoviele Auffassungen zu, als sich Dar¬
1909 2766 2905 2847 stellerinnen für dieselbe finden. Vilma Med¬
1907 2810 2903 2891 gyaßay hatte im Budapester National¬
1911 2862 2907 2941 theater die Rolle leichtsinnig, sozusagen im
1921 2917 2902 3004 „Kabaretstile“ aufgefaßt — die Meinungen
1918 2956 2910 3034 waren geteilte, Frl. Harsänyi nahm sie
1924 3012 2910 3086 sentimental und auch darüber ließe sich streiten,
1919 3060 2899 3140 jedenfalls muß man an Frl. Harsänyi das
1925 3102 2902 3185 eine rühmen, daß sie sich an keinerlei Vorbild
1934 3155 2907 3225 anlehnte, es sei denn in der Maske, die leb¬
1929 3213 2914 3282 haft an die Medgyaßay erinnert, ansonsten
1927 3249 2925 3320 aber war ihre Auffassung der Rolle eine rein
1930 3299 2907 3383 individuelle, das ist, glauben wir, das
1929 3360 2737 3437 höchste Lob, das wir erteilen können.
2042 3408 2911 3492 Als würdiger Partner fungierte Herr
1923 3484 2920 3536 Földes, der wie gewöhnlich in Salonrollen,
1936 3511 2919 3591 voll und ganz in seinem Elemente war. Das
1930 3561 2926 3630 zweite „liebelnde“ Paar wurde durch Frl.
1939 3610 2921 3680 Sägi und Herrn Székely gut zur Dar¬
1935 3634 2938 3742 stellung gebracht. Gut wie immer waren auch,
1938 3711 2706 3783 Frau Nädasy und Herr Nagy.
2052 3727 2914 3825 Das Haus war trotz des Kinderligaballes
1943 3801 2921 3886 ziemlich gut besucht und zeichnete besonders
1944 3854 2930 3935 Frl. Harsanyi, die gestern ihr Venefitz hatte,
1932 3906 2819 4013 durch Beifall und Blumenspenden aus.
