3392 4256
839 154 1288 259 box 13/6
283 162 583 250 Liebel
284 168 719 285 St 1e 1
588 714 2806 915 und einen typisch vienerischen Gasthausgarten hat das Theater eine
589 845 2790 997 wohlabgestimmte Szenerie aufgestellt ebenso mit dem bunten Volks¬
595 992 2767 1112 Teben und der lustigen Mode der 80 er Jahre, was ja immer sovohl
606 1065 2807 1234 das Publikum als auch die Schauspieler freut und da besonders die
600 1200 2833 1313 Damen. Auch fällt die bürgerliege Gemüt lichkeit der Stube Weyrings
608 1284 2733 1425 noch heute mit der vaude ville-Stimmung zusammen. Die Drehbühne
604 1382 2794 1529 schnurrt lebhaft die bekannten Singspielbi lder herunter. Eazu der
613 1493 2825 1690 ernsten Christine himmlische Liebe, die Freundin, die mehr erdnahe
607 1622 2748 1760 ausgelassene Mizzi, währ end nette Schlager und lebhafte Tanzvor¬
602 1725 2717 1872 führungen sich abwechseln. Aber dann vird es traurig und matt,
614 1877 2897 2000 klingt in nichts aus, weder Oscar Straus, noch Schnitzler. Christine
608 1956 2799 2102 bekommt natürlich, nachdem sie vom Tode ihres Geliebten im Due11
611 2062 2866 2220 erfahren hat nicht die Erlaubnis, Selbstmord zu begehen; sie findet
611 2154 2758 2315 Trost in den Armen ihres alten Vaters. Ob nicht der verhältnis¬
613 2278 2831 2413 mässig glückliche Ausgang des Singspieles vor einen unglücklichen
607 2373 2822 2539 retten kann. Das Spel ist, wie gesagt, untadelig. In Else Jarlbak
617 2488 2875 2648 hat Kopenhagen offenbar die Operettendiva, die man lange vermisste.
627 2647 2923 2782 Die junge Sängersin hat an Freiheit gewonnen, nimmt sich in Chripti¬
626 2708 2733 2885 nes Tornure Kostüm gut aus und singt mit einer jungen frischen
633 2817 2735 2971 Stimme, welche sie befähigt, viel grössere Partien zu meistern
632 2923 2795 3105 als die von der hier die Rede ist. bie hat besonders bedeutenden
623 3036 2792 3212 Erfolg im Quartett, welches sie zusammen mit Erling Schröder und
626 3162 2887 3306 Henry Schmidt (der zweite Offizier) und Klara Oestö (eine ungestüne
632 3268 2784 3436 und verschmitzte Mitzi — eine Rille die nun nochmals das Talent
636 3384 2886 3537 dieser kleinen lebhaften Schauspielerin unteratreichen so11) singt.
959 3491 2878 3641 Ausgezeichnet ist auch Holger Renberg als Vater, der den
633 3651 2930 3746 alten Musiker mit solchem Einleben darstellt, eine sanfte Innerlich¬
646 3739 2944 3842 keit der Gefühle zeigt, der diese Bühnenfigur zu einer der schönsten
635 3818 2146 3898 macht, die Renberg seit vielen Jahren schuf.
1875 3884 2427 4034 Georg Viinblad
