3484 4256
469 183 892 255 Liebelei
978 181 1458 264 box 10/3
314 182 893 298 3. LeLSTET
1486 842 1705 923 r
3097 850 3276 929 per S.
1892 866 3104 936 #beschlossen worden. Hergestellt wurden 260 199 Tonnen (289 217 T.)
659 876 1376 959 befindliche Frauen ertranken.
3102 906 3270 953 Zucke
1899 924 3118 972 und abgesetzt 268 200 T. (271714 T.). Für 1896 seien die Aus¬
3108 935 3273 986 88% R
1908 952 3278 1038 sichten sowohl hinsichtlich der bereits gethäthigten Abschlüsse als auchper Mi
3102 993 3277 1054 per De
1911 998 2958 1047 bezüglich der gebesserten Preise gute. Dividende 7½ (6½).
1895 1092 3278 1146 hältniß mit Fritz nicht als eine amüsante Liebelei auf, wie lent i
830 1097 1756 1180 Theater, Kunst und Literatur.
1900 1130 1992 1178 es
1973 1138 3118 1203 Mizi und deren leichtlebiger Galan erwartet hatten.
3100 1136 3244 1190 volle
1904 1165 3107 1217 Sie ist ihrem Fritz verbunden mit der ganzen aufzehrenden Leiden¬
3105 1157 3288 1228 gebietet
1088 1166 1510 1233 Deutsches Theater.
3108 1215 3271 1266 sie als
1901 1212 3114 1251 schaft der ersten Liebe. Da die beiden jungen lebensfrohen Paare
754 1201 1908 1269 * Kleist's „Zerbrochener Krug“ eröffnete die inter¬
1897 1252 3287 1312 liebesselig bei Fritz soupiren, tritt der betrogene Gatte herein. Er von fra
673 1244 1899 1310 essante Dienstag=Vorstellung. Dieses köstliche, von Goethe so wiß¬
1905 1287 3250 1346 verlangt von Fritz Rechenschaft. Im 2. Akt kommt Fritz werk,
678 1291 1894 1345 achtete Lustspiel, diese wohl freieste und reifste Gabe des unglücklichen
1900 1319 2178 1381 zu Christine
2234 1328 3114 1385 ihn erfüllt schon die Ahnung des jähen
3108 1310 3267 1379 wird
680 1341 1905 1386 Dichters ist diesmal nur etwa in der ersten Hälfte zu seiner vollen
3100 1360 3276 1429 Die Le
1903 1366 3112 1419 Endes. Der nächste Akt bringt die Nachricht von seinem
677 1378 1893 1428 Wirkung gekommen. Dann verblaßte es mehr und mehr — man
1894 1397 3107 1455 Tode. Christine, die erkennt, daß sie ihm nur ein Spiel¬
3116 1404 3291 1462 einen g
681 1414 1893 1466 hatte überraschender Weise eine stark und ungelenk verkürzende Be¬
3111 1439 3296 1499 behrt d
1890 1445 3106 1499 zeug gewesen, während er für eine Andere in den Tod gegangen,
676 1439 1898 1508 arbeitung zur Darstellung gewählt, infolgedessen wurde die dra¬
1907 1487 3107 1556 stürzt davon — sie will sein Grab aufsuchen. „Sie kommt nicht
3107 1477 3295 1553 trag in
684 1495 1906 1547 matische Steigerung der Dichtung jäh abgebrochen. Hierzu
1905 1520 3005 1579 wieder!“ stöhnt Christinen's Vater — und der Vorhang fällt.
685 1530 1900 1582 kam die wenig angemessene Darstellung. Herr Müller freilich ist
1968 1543 3116 1611 Der alte Vater ist eine rührend schöne, dichterisch empfundene
679 1556 1894 1626 ein vortrefflicher Dorfrichter Adam, den er mit höchst wirksamer
1897 1582 3113 1650 Gestalt. Er grollte seinem Kinde nicht, daß sie sich verloren hat
679 1608 1901 1665 Komik, mit einer dieser Gestalt sehr zu Gute kommenden feisten
1895 1624 3288 1686 an einen Mann, daß sie hat glücklich sein wollen. Soll sie immer! führung
684 1644 1913 1707 Drastik ausgestaltet — eine Leistung, die volle Anerkennung verdient.
1902 1677 3272 1723 ehrbar und ehrbar sein, ihre jungen Jahre verkümmern lassen und brachte
682 1689 1905 1740 Aber leider waren Herr Müller und allenfalls noch Herr
1904 1717 3106 1772 froh sein, wenn sie dann ein Strumpfwirker heimführt? An
3108 1714 3267 1772 Franz
681 1723 1897 1783 Fischer als Schreiber die einzigen, die den rechten Ton trafen.
1896 1743 3105 1799 seiner Schwester hat er's gelernt, diese aufrührerische Philo¬
3106 1755 3278 1810 mußte
679 1777 1907 1816 Marie Meyer ist als Frau Marthe keineswegs ersten Ranges.
1908 1791 2046 1843 sophie
2089 1786 3108 1841 sie war bei ihm geblieben. Jugend und Schönheit
3104 1795 3297 1844 erschein
678 1803 1907 1854 Ihre Eigenart paßt so gar nicht für diese Rolle, die in Frau
1898 1827 3104 1880 schwand ihr, die Runzeln kamen und das Alter; dann ist sie ge¬
3100 1832 3294 1881 lichen *
671 1849 1906 1905 Schmittlein eine derb resolute, behäbig charakteristische, vorzügliche
1906 1875 3106 1920 storben — was Glück ist, hat sie nie erfahren. Und der alte Grau¬
3101 1869 3295 1938 stattfind
681 1875 1910 1945 Darstellerin gefunden hätte, während Frau Meyer mit ihrer spitz
1907 1910 3103 1962 kopf, der in einem kleinen Orchester resignirt die Geige streicht —
669 1930 1900 1981 charakterisirenden Art dieser Figur nicht gerecht werden konnte. Für
1896 1947 3102 2003 einst hat er hoffnungsfroh komponirt und auch von den Fittigen des
3114 1941 3291 2009 wie vor
666 1959 1898 2012 das Evchen wäre Fräulein Lehmann die geborene Darstellerin.
1904 1989 3117 2045 Erfolgs und des Glücks gestreift sein wollen — sieht jetzt sein!
3111 1997 3302 2050 Beric
680 2003 1899 2053 Warum Fräulein Staglé bemühen, deren Individualität doch nach
1904 2028 3110 2078 Lebensglück nur noch in seiner Tochter. Er grollt ihr nicht, daß ihr
3095 2017 3296 2086 Der Gr
668 2032 1903 2090 ganz anderer Richtung geht? Fräulein Corbach kann u. A. auch
1907 2063 3109 2112 junges Blut abseits vom Wege sich das bischen Liebesglück gesucht
3105 2065 3309 2126 steller C
681 2074 1906 2131 die Nachbarin nicht spielen — das wäre eine dankbare Aufgabe für
1909 2097 3108 2155 hat. Aber er hat sie bergen mögen an seiner Brust und bricht zu¬
3106 2112 3300 2171 abgen
674 2102 1893 2178 Frau Wilbrandt gewesen. Auch in den übrigen Rollen und der
1900 2146 2693 2210 sammen, da sie davon geht — in den Tod.
3100 2153 3300 2207 spielend
672 2162 1907 2223 ganzen Inscenirung kam der Grundton des Stückes, die breite
1968 2172 3103 2239 Schnitzler, als feiner Novellist und psychologischer Dichter längst
3101 2196 3295 2244 und kai
675 2195 1900 2240 Genremalerei des Ganzen leider nicht zur Geltung. Für das
1902 2217 3102 2271 gewürdigt, hat hier eine übesraschende Bühnengewandtheit erwiesen,
3103 2228 3310 2284 im Uebt
670 2228 1906 2296 Meisterwerk eines Kleist sind die allerersten Darsteller gerade gut
1898 2255 3104 2312 die doch niemals auf Kosten literarischer Qualitäten zur Geltung
3098 2269 3272 2323 wurde
680 2264 1896 2346 genug — es wäre dringend zu wünschen, daß uns die Dichtung bald
1897 2302 3103 2357 kommt. Und deshalb ist der undestrittene starke Erfolg seines Schau¬
3103 2301 3298 2364 sämmtli¬
670 2313 1548 2381 einmal in verbesserter Auflage vorgeführt wird.
1891 2342 3103 2393 spiels um so erfreulicher. Es geht ein gut realistischer Zug durch
3102 2349 3309 2404 nannt n
755 2340 1903 2402 Was diese Bühne darstellerisch vermag, zeigte die glän¬
1894 2378 3103 2430 das Stück, in dem sich diskrete, auf äußerliche Effekte verzichtende
3108 2387 3299 2440 Klage g
668 2397 1900 2452 zende Vorführung von Arthur Schnitzier's Schau¬
1893 2417 3108 2475 Künstlerschaft ausspricht. Man darf auf die weitere Entwickelung.
3105 2415 3299 2479 Wünsche
1119 2422 1894 2475 Da war mit den Damen Sorma,
669 2433 1046 2490 spiel „Liebele
1901 2459 2575 2523 dieses großen Talents gespannt sein.
2894 2458 3069 2520 Ph. St.
3087 2465 3297 2519 auch B.
675 2464 1900 2528 Schneider, Meyer, den Herren Jarno Reicher, Rittner
3100 2497 3304 2557 tung
683 2494 1902 2566 und Nissen ein allererstes Ensemble geschaffen. Frau
2330 2526 2684 2597 Singakademie.
688 2537 1906 2607 Sorma, in letzter Zeit vielfach falsch beschäftigt, und Herr
1965 2564 3106 2626 * Mit dem Philharmonischen Orchester im Bunde trat mir zu
3110 2573 3295 2642 spiele
672 2599 1900 2646 Jarno, der so lange überhaupt nicht zur Geltung gekommen,
1905 2612 3110 2671 Beginn dieser Saison die junge Wiener Geigerin Frl. Rosa Hoch¬
674 2634 1893 2689 zeigten hier ihre volle Künstlerschaft in ganz prächtiger Entfaltung.
3105 2624 3298 2681 Fräulein
2697 2653 2745 2689 ach
1902 2659 3101 2710 mann zum ersten Male entgegen. Die noch nicht zur Reife ge¬
684 2662 1900 2736 Allen Darstellern des interessanten Stückes gebührt uneingeschränkte
3097 2670 3295 2726 glückliche
1888 2690 3106 2764 langte Kunst der zierlichen kleinen Dame hatte mir damals, den
3104 2705 3299 2761 spieler so
677 2710 974 2775 Anerkennung.
1899 2739 3105 2791 vielversprechendsten Ankündigungen zum Trotze, eine ziemliche Ent¬
3103 2744 3300 2798 musikalis
761 2730 1902 2793 Die Handlung des Stückes ist ganz minimal, aber nur, wer der
1895 2773 3097 2828 täuschung bereitet. Als eine völlig Andere, ich muß das rundweg
3101 2789 3305 2851 vansch
676 2783 1892 2844 naiv brutalen dramatischen Kraft Wildenbruch's widerstandlos ver¬
1900 2816 3109 2879 bekennen, erschien mir Fräulein Hochmann bei ihrem Concert am
3104 2818 3308 2882 schrieben
681 2828 1900 2870 fallen ist, kann sie langweilig finden. Der erste Akt ist ein humor¬
1890 2851 3106 2903 Dienstag, das sie im bescheideneren Rahmen, ohne den schweren Orchester¬
3109 2859 3316 2916 stattfinde
684 2858 1896 2921 erfülltes, in prickelnder Kleinmalerei vorgeführtes Genrebild, das
1894 2900 3103 2953 apparat veranstaltete. Die ganze Phyßognomie ihrer Kunst schien mir
688 2895 1901 2948 allein schon den Erfolg des Abends entschied. Eine Szene dieses
3105 2899 3308 2957 natürlich
1899 2940 3105 2988 von Grund aus verändert. Der Ton klang dieses Mal voll und
683 2945 1886 2988 Aktes, ganz knapp und in verhaltener Leidenschaft, zeigt die dichterische
3109 2944 3319 3014 Frau I.
1892 2970 3110 3025 rund, ein warmes inneres Empfinden strömte aus dem Spiel und hier
681 2980 1896 3040 Macht Schnitzler's bereits in hohem Grade. Mit großer Kühnheit
1895 3018 3101 3063 und da ließ sich sogar eine wirkliche künstlerische Individualität unter¬
677 3018 1892 3070 ist der 2. und 3. Akt ganz auf psychologische Handlung angelegt.
3092 3020 3322 3087 verein
1892 3047 3110 3112 scheiden. Auch die Technik erschien in der verhältnißmäßig kurzen
682 3048 1904 3126 Fritz trägt schwer an den Ketten seiner Liebe zu einer verheiratheten
3100 3070 3303 3128 unter den
1896 3097 3105 3149 Spanne Zeit um ein Bedeutendes gereift. Es wickelt sich ja noch
838 3094 1909 3152 Sein Freund will ihn befreien durch eine Liebelei
690 3100 826 3156 Frau.
3104 3112 3282 3162 am 22.
1905 3134 3107 3183 nicht Alles glatt ab, aber das, was ich am Dienstag hörte, bestärkt
681 3125 1897 3198 mit einem frischen Wiener Kind, mit der Musikerstochter
692 3153 3304 3238 Christine. Aber Christine faßt das schnell geschlossene Ver=1 mich in der Ueberzeugung, daß hier ein schönes, vielverheißendes Ta= dem Kaise
1019 3259 1127 3434 1
1498 3281 2408 3497 Giel der Gugs
2461 3344 2570 3498 (1
