3436 4320
431 148 640 221 Lieb
270 154 833 262 9. Senen
913 138 1399 236 box 10/5
1529 161 1644 259 70
1544 391 1721 478 jeschenkt
1548 464 1724 520 heftiges
1568 498 1725 552 davon
1556 540 1687 591 nach de
1557 576 1736 632 ancholie
1571 620 1733 671 sich der
1577 658 1735 714 Irren¬
1589 697 1732 749 wurde
1586 737 1726 793 in die
1567 776 1733 829 Aerzte,
1557 813 1735 866 as auch
1573 859 1722 906 an von
1558 891 1726 948 e ihres
1540 932 1731 992 m Auf¬
1591 972 1721 1023 Leiden
1585 1011 1727 1065 Köchin
1578 1051 1730 1099 herab¬
1560 1087 1728 1148 h Frau
1560 1132 1732 1181 wartete
1562 1167 1739 1219 1. Die
1555 1206 1730 1258 tte und
1573 1247 1737 1297 immten
1575 1286 1742 1343 n nicht
1570 1327 1735 1378 er von
1622 1362 1741 1417 Herr
1567 1403 1733 1456 eib in
1584 1443 1739 1501 rechten
1576 1481 1734 1534 den die
1563 1525 1737 1572 eolver.
1581 1565 1743 1612 bereits
1581 1603 1744 1659 Leiche
1584 1641 1734 1699 3 einen
1581 1683 1735 1734 der im
1569 1723 1700 1773 rde. —
1580 1758 1732 1811 Jold¬
1576 1796 1726 1855 Nr. 24,
1584 1829 1738 1899 n den
1619 1878 1732 1932 — Der
1659 1918 1722 1967 in
1589 1923 1746 2014 Wicht
1599 1998 1736 2051 n ihn
1604 2037 1741 2097 häus¬
1574 2085 1739 2172 Polizei¬
1598 2155 1735 2206 Ober¬
1596 2195 1748 2243 Wien
1587 2233 1745 2290 Bertha
1583 2271 1744 2326 ls von
1572 2310 1747 2374 mannte
1638 2355 1737 2406 eine
1579 2361 1641 2405 t,
1576 2392 1752 2450 manten
1588 2434 1742 2483 rothem
1576 2470 1738 2541 ekleidet.
1603 2518 1741 2568 wasser¬
1692 2560 1746 2623 he
1687 2721 1749 2761 er
1644 2756 1743 2817 Die
1580 2892 1668 2977 r.
1574 3012 1739 3099 nvis.
1601 3178 1745 3248 Publi¬
1589 3234 1743 3308 eister“,
1597 3290 1747 3351 Ifreude
1596 3339 1741 3391 n das
1594 3378 1744 3449 an die
1606 3430 1758 3494 Jeg zu
1607 3482 1755 3544 te Be¬
1600 3532 1757 3605 4 den
1616 3576 1753 3635 Was
1596 3622 1758 3694 nikern
1592 3658 1753 3739 zorstes
1602 3717 1760 3789 #s der
1611 3767 1748 3832 tschei
1609 3813 1747 3898 pr sich
1603 3891 1742 3987 vis
1616 3970 1756 4032 immer
1620 4015 1751 4080 hthat.
1615 4069 1761 4135 #ettos.
1745 386 2975 478 perament. Sie kommt den Abend über kaum von der Szene und
1743 461 2969 527 wurde zurückgerufen, so oft sie ging. Frl. Komäromi
1750 516 2976 581 (Jeanette) war ihre würdige Partnerin und mußte sich gleichfalls zu
1739 554 2971 620 Repetitionen verstehen. Zwei Einlagen, die sie sang (aus einer
1747 602 2961 664 Messager'schen alten Operette und Carmela von Curtis) machten Effekt.
1749 653 2966 723 Herr Tollagi (Müller) trug die Kosten des Heiterkeits=Erfolges. Erwar
1751 710 2957 769 komisch, ohne sich viel um den Charakter seiner Rolle zu scheeren, und
1749 751 2963 818 hatte die Lacher für sich. Sehr hübsch sangen Frau Bärdi und
1751 800 2965 855 Herr Mihälyi im zweiten Akte. Herr Solymosi (Timoleon)
1748 849 2964 913 fand sich mit der wenig dankbaren Aufgabe, die ihm zugewiesen war,
1761 903 2958 964 sehr tüchtig ab. In kleineren Rollen bewährten Frau Csatai, die
1749 959 2965 1011 Herren Kassai und Ujväri ihre Zuverlässigkeit. Am Diri¬
1761 1011 2964 1064 gentenpulte saß Herr Konti. Das allein verbürgte die Hälfte des
1761 1046 2963 1113 Erfolges, und es erscheint geradezu unbegreiflich, daß das Volkstheater
1759 1098 2973 1172 in der Zukunft auf den besten Dirigenten, den es jemals gehabt, ver¬
2801 1147 2931 1203 —ser.
1751 1154 1999 1221 zichten will.
1880 1218 2957 1301 Im Vigßinhäz setzte heute die Wiener Burg¬
1757 1300 2973 1353 theater=Gesellschaft ihr Gastspier mit konstantem
1753 1341 2974 1414 Erfolge fort. Sehr interessant ist die Vorführung deutscher Novitäten,
1750 1391 2972 1454 die hier gänzlich unbekannt waren und unsere Vorstellungen von der
1757 1431 2982 1508 benachbarten Produktion bedeutend korrigiren und erweitern. Heute
1763 1492 2971 1550 wurden wir mit einem sehr begabten jungen Wiener Autor, Arthur
1760 1544 2962 1603 Schnitzler, bekannt, dessen dreiaktiges Schauspiel: „Liebeleien“
1757 1579 2976 1647 alle Aufmerksamkeit verdient. Schnitzler hat sich eine Einfachheit und
1747 1639 2969 1707 Reinheit des Styls angeeignet, wie sie nur wenigen deutschen Schrift¬
1753 1690 2972 1744 stellern eigen ist. Endlich reden die Menschen wieder einmal, wie
1758 1732 2994 1801 Menschen, jeder gemäß seinem Stande, seinem Berufe, nuch seinen
1759 1792 2988 1854 gewohnten Gedankenkreisen. Und dabei ist der Dialog keineswegs hohl
1761 1839 2989 1898 und leer, sondern durchaus markig, man spricht von Liebe, Ehebruch,
1755 1888 2986 1952 Pflichten, Lebenszwecken, Musik, Theater, die großen Verhältnisse der
1770 1934 2984 2002 Gesellschaft werden mit geschickten Lichtern gestreift. Dagegen werden
1761 1981 3011 2032 keine Sermone gehalten, kein faisches Pathos, keine Redeblumen ver¬
1763 2030 2974 2103 schwendet. Dabei ist der Wiener Volkston brillant getroffen. Eir.
1762 2095 2971 2152 Dichter mit einem solchen Dialog gehört schon zu den bedeutenderen
1762 2139 2971 2204 Persönlichkeiten der deutschen Literatur. Schnitzler gehört zur
1765 2179 2982 2242 abgeklärten Schule der Naturalisten und wetteifert mit Sudermann
1758 2225 2970 2287 und Hauptmann in der Diktion. Ebenso abgeklärt ist auch die
1755 2282 2977 2341 dramatische Ferm Schnitzler's, er verschmäht jeden falschen Effekt
1759 2319 2973 2385 und bemüht sich, das Leben zu schildern, wie es ist, ohne seinen Stoff
1760 2379 2986 2438 durch pikante Zusätze zu verderben. Er stellt in den „Liebeleien“ eine
1761 2437 2975 2489 alte Geschichte dar, aber sie wirkt wie neu. Zwei Wiener Kavaliere
1767 2474 2981 2535 genießen ihr Leben in der charmantesten, liebenswürdigsten Weise,
1762 2522 2976 2594 indem sie mit zwei Vorstadtschönen einen, allerdings nicht für ewige
1758 2567 2981 2635 Dauer berechneten Bund flechten. Theodor ist der Vernünftigere von
1759 2634 2975 2688 Beiden, er lebt auf das heiterste dem Augenblicke, ohne sich in
1767 2677 2986 2734 Komplikationen einzulassen. Seine Erkorene, mit ihrem frischen
1769 2724 2976 2783 Wiener Blute, paßt ganz zu ihm. Ganz anders ist Fritz, er schleppt
1772 2766 2983 2838 die Kette einer Liaison in der guten Gesellschaft mit sich und kann
1770 2830 2977 2880 darum zu keiner rechten Freude mit seinem lieben, reizenden Kinde.
1773 2870 2984 2932 der Tochter eines Vorstadtmusikanten, gelangen. Mit wunderbarer
1776 2919 2978 2972 Einfachheit und Richtigkeit werden die Konsequenzen aus der
1771 2963 2989 3029 falschen Situation Fritzens gezogen. Sein Verhältniß mit
1763 3005 2980 3078 der vornehmen Frau wird verrathen und er fällt im
1763 3068 2980 3129 Duell mit dem betrogenen Gatten. Während der erste Akt vie heitere
1782 3113 2987 3168 Seite der Vorstadtliebeleien in meisterhafter Weise zeigt, behandeln die
1764 3167 2983 3224 beiden letzten Aufzüge in der stimmungsvollsten Art das Erwachen
1778 3208 2981 3279 und rasche Entfalten der echtesten, wahrsten, heftigsten Liebesleiden¬
1773 3256 2982 3322 schaft in dem einfachen Mädchen Christine, das mit jedem Worte, jeder
1770 3303 2986 3369 Thräue, jedem Aufschrei immer mehr Sympathien uns abringt. Das
1772 3351 2984 3421 holde Kind Christine hätte das wahre Lebensglück Fritzens begründen
1769 3408 2995 3488 können, welches dieser einem galanten Abenteuer opferte und dadurch
1775 3462 2398 3534 auch Christinens Dasein vernichtete.
1876 3485 2986 3566 Die Darstellung war eine vortreffliche und brachte
1771 3549 2993 3614 manche Ueberraschungen. Fräulein Kallina war von reizendem
1766 3602 2983 3677 Naturalismus als fesches Wiener Modistenmädchen. Fräulein
1771 3652 2985 3712 Medelsky war von einer unerwarteten Innigkeit und Gluth
1766 3698 2984 3758 der Empfindungen, blieb dabei immer einfach und natürlich und
1765 3753 3004 3813 steigerte ihre Heldin bis ins Hochsentimentale hinauf, so daß in den
1761 3790 2984 3852 letzten Szenen kein Auge im Anditorium thränenteer blieb. Einen
1769 3844 2982 3909 wohlthuenden Humor brachte Herr Zeska in die Vorstellung, Herr
1846 3895 2990 3957 mann charakterisirte den Alten, Herr Gimnig den Ehegatten
1765 3950 2992 4003 seyr richtig, doch waren Beide um einen Grad zu pathetisch. Gut
1778 4001 2981 4053 vervollständigte Frau Röckel das Ensemble. Herr Franker
1765 4042 2988 4113 (Fritz) wurde vom hiesigen Publikum als alter Bekannter sympathisch
2330 4091 2978 4133 Besangenheit nicht ablegen konnte.
3118 178 3207 255 860
3062 183 3141 279 12
