3344 4224
313 95 620 169 Liebele
838 90 1253 188 box 13/5
150 89 693 220 5 Sa1
865 464 1257 608 GRATIS
581 554 1050 665 Vidensky Tjsenik
630 674 1136 841 26 Ulli 1934
497 844 1325 941 Zhudebnéné „Milkováni“. Oskar Straus
449 915 1320 983 zhudebnil Schnitzlerovu známou hru „Milko¬
446 961 1307 1023 väni“, kterou pro operetu upravili dr. Fritz
451 982 1316 1064 Löhner a Pavel Knepler, Premièra bude ve
453 1038 1312 1128 videnském Raimundové divadle dne 15. zufi
440 1082 728 1149 „tohoto roku.
699 1175 1065 1312 GRATE
381 1291 1198 1439 „OBSERVER'
465 1378 1148 1468 I. österr. behördl. konzessioniertes
421 1442 1177 1538 Unternehmen für Zeitungs-Ausschnitte
480 1482 1109 1579 WIEN, I., WOLLZELLE 11
562 1550 1031 1629 TELEPHON R-23-0-43
358 1660 736 1756 Ausschnitt aus:
612 1780 1260 1915 Neues Wiener Journal, Wien
332 1879 488 1964 vom:
761 1936 1265 2090 27.UUN 1934
276 2109 1392 2167 Zu unserer Nachricht über die Uraufführung des musikalischen
171 2115 337 2203 Schaupspi
442 2146 1398 2208 liebelei“ nach dem Schnitzlerschen Werke mit der
162 2187 1397 2226 Musik von Oskar Straus wird uns ergänzend mitgeteilt, daß die
169 2223 1400 2276 Bewilligung zur Bearbeitung des Schnitzlerschen Schauspiels durch
171 2266 1411 2333 Direktor Heinz Saltenburg von den Erben des Dichters er¬
174 2306 1393 2358 worben wurde, und daß jener, gemeinsam mit Paul Knepler, die
171 2343 1398 2406 Umarbeitung des Schauspiels hergestellt hat. Heinz Saltenburg hat in
169 2385 1395 2437 früheren Jahren bereits die Texte für die Operetten „Die törichte
174 2418 1395 2491 Jungfrau“ und der Tanz um die Liebe“ von Oskar Straus verfaßt.
417 2445 1086 2500 ## osterr. benordt. konzessioniertes“
371 2502 1133 2547 Unternehmen für Zeitungs-Ausschnitte
454 2548 1070 2621 WIEN, I., WOLLZEILE 11
513 2610 988 2668 TELEPHON R-23-0-43
330 2738 693 2817 Ausschnitt aus:
552 2899 1067 2989 Ktrere Volkareesung, Me
314 2949 505 3044 vom:
646 3004 1153 3118 27. JUN 1934
434 3155 1224 3235 „Liebelei“ ars Singspiel. Imi
313 3189 1218 3277 Raimundtheater wird im Herbst die
317 3249 1207 3311 Bearbeitung von Artur Schnitzlers
325 3285 1204 3366 „Liebelei“ als musikalischesp
318 3341 1229 3413 Uraufführung gelangen. Die Musik schrieb!
307 3389 1206 3457 Oskar Straus, die textliche Bearbeitung
322 3456 1215 3509 hat Paul Knepler besorgt, die Liedertexte
322 3498 1220 3552 Dr. Fritz Löhner=Beda verfaßt. Von
322 3537 1212 3598 der Besetzung steht nur fest, daß Ludwig
315 3586 1209 3642 [Stössel den alten Weyring und Lotte
315 3627 1203 3688 [Lang die Schlager=Mizzi spielen wird. Mit
318 3679 1207 3725 Bassermann schwebe Verhandlungen
316 3714 1194 3776 wegen Uebernahme des „Fremden Herrn“
311 3755 1207 3819 Die Inszenierung wird Direktor Barnay
315 3799 1212 3869 leiten. Die musikalische Einstudierung leitet
312 3840 1204 3911 Oskar Straus selbst, die Bühnenbilder ent¬
317 3887 849 3963 wirft Professor Strnad.
2012 719 2840 846 „OBSERVER
2107 824 2786 893 I. österr. behördl. konzessioniertes
2077 885 2824 947 Unternehmen für Zeitungs-Ausschnitte
2148 928 2748 1007 WIEN, I., WOLLZEILE 11
2213 993 2679 1052 TELEPHON R-23-0-43
2031 1122 2403 1204 Ausschnitt aus:
2079 1259 2736 1353 Ostrauer Morgenzeitung
2530 1338 2592 1423 1
2032 1350 2184 1416 voni:
2396 1434 2475 1514 N
2579 1451 2727 1540 934
2301 1468 2577 1568 Vgiebelei.
1975 1533 2930 1619 Arthur Schnitzlers Werk als musikalisches Schauspiel.
2023 1589 2933 1671 —##Raimund=Theuter in Wien, das durch den
1965 1656 2922 1723 Erfolg der Schurek=Saßmannschen „Straßenmusik
1974 1672 2941 1767 aller Sommersorgen überhoben ist und wahrscheinlich
1975 1723 2958 1802 als einziges Wiener Theater den ganzen Sommer
1979 1759 2957 1835 hindurch spielen wird bereitet für die erste Hälfte
1982 1793 2959 1857 der Spielzeit, vielleicht schon für den Herbsttermin
1983 1836 2951 1916 vom 15. September eine Premiere vor, nämlich die
1997 1875 2951 1945 Uraufführung der Bearbeitung von Arthur Schnitz¬
1996 1925 2958 1991 lers „Liebelei“ als musikalisches Schauspiel, zu dem
2001 1967 2958 2030 Oskar Straus die Musik geschrieben hat. Die text¬
2000 2012 2959 2068 liche Bearbeitung ist im Einverständnis mit dem Er¬
2000 2022 2959 2102 ben Arthur Schnitzlers durch Paul Knepler und
1992 2070 2968 2145 Dr. Fritz Löhner erfolgt, der die Liedertexte verfaßt
2007 2142 2085 2192 hat.
2067 2137 2965 2224 „Liebelei“ repräsentiert sich in der neuen Fassung
1999 2187 2967 2266 als ein musikalisches Lustspiel in acht Bildern, das
1997 2228 2962 2305 vom Original hauptsächlich dadurch abweicht, daß an
2016 2261 2960 2339 Stelle des tragischen Schlusses ein psychologisches
2008 2302 2968 2371 Happyend gesetzt ist. Fritz wird in dem Duell mit
2008 2350 2959 2420 dem Gatten seiner Geliebten nicht getötet, sondern
2006 2380 2971 2465 nur schwer verwundet und bleibt am Leben, Christine
2007 2421 2967 2484 aber begeht keinen Selbstmord, sondern findet sich in
2007 2474 2980 2545 Resignation damit ab, daß Fritz nicht mehr zu ihr
2031 2550 2971 2597 zurückkehren dürfe. Die Handlung zerfällt in acht Bil¬
2032 2585 2974 2632 der, wobei die drei ersten vollkommen neugeschaffenen
2030 2622 2975 2674 Bilder die Vorgeschichte behandeln und in den restli¬
2029 2665 2978 2711 chen fünf Bildern das Schauspiel Schnitzlers erst vom
2040 2706 2979 2755 vierten Akt an verwendet ist. Die einzelnen Bilder
2028 2730 2987 2789 spielen unter anderem beim Rennen in der Freude¬
2035 2775 2987 2832 nau, in einem Nachtlokal im Stil des Tabarin, beim
2027 2816 2979 2882 Heurigen und in den Wohnungen des Musikers Wey¬
2034 2860 2979 2909 ring und des Fritz. „Liebel“ ist in dieser Bearbei¬
2036 2902 2958 2961 tung ein Wiener Schauspit mit Musik geworden.
2101 2937 2988 2981 Bezeichnend für das “ eresse, das dem neuen!
2029 2968 2981 3016 Werk von Oskar Straus antgegengebracht wird, ist
2035 3010 2990 3061 der Umstand, daß „Liebelzi“ schon vor der Wiener
2027 3048 2984 3119 Uraufführung von den Verlegern der meisten Staay
2026 3098 2682 3155 ten des Auslandes erworben wurde.
