3484 4352
439 205 748 281 Liebele
272 191 1410 318 5.1 box 12/6
409 939 750 1023 sschnlit aus:
811 984 1310 1088 Der Tag, Berlin
389 1038 486 1100 m.
533 1003 1040 1140 12 FPRlL 1913
394 1093 729 1149 Wmmkie
601 1154 940 1232 #####tvern und u. B##
429 1192 1298 1292 an. Im Theater am Rollendorspft san
428 1257 1302 1313 stern (Freitag) abend zugunsten beseunter den
437 1299 1296 1346 krotektorat der Kaiserin stehenden Deutschen
433 1329 1303 1394 auenvereins vom Roten Kreus für die Kolo¬
494 1382 1318 1475 eine Aufführung von Arthur#
404 1406 1075 1470 desaktigem Schauspiel „Liebelei“
384 1449 1303 1513 hätte erwarten sollen, daß bei einer Veranstal¬
386 1496 1308 1553 tung, bei der der Logenplatz 50 M. und der Par¬
382 1527 1308 1594 ketlplatz in den vorderen Reihen 20 M. kostete,
380 1575 1306 1624 ein geschlossenes gesellschaftliches Bild zu erzielen
384 1618 1304 1666 gewesen kare. Doch war leider nichts davon zu
393 1641 1303 1709 spüren. Nur wenige Damen waren in Gesell¬
390 1686 1304 1746 schaftsrobe und nur vereinzelte Herren im Frack
390 1724 1310 1785 erschienen, im übrigen herrschten Smoling und das
390 1758 1300 1824 sogenannte gute Kleid vor, doch konnie man im
380 1803 1317 1864 Parkett auch Herren im grauen Straßenanzug
613 1851 1296 1901 den Logen Damen im, sagen
371 1874 1291 1949 wir, Straßenkostüm sehen. Um so einheitlicher
374 1928 1293 1978 war das Bild, das sich von der Bühne bot¬
358 1948 1292 2018 Eine Anzahl vortrefflicher Künstler hatte sich in
372 1974 1304 2056 den Dienst der guten Sache gestellt und führte ihre
379 2023 1299 2089 Aufgaben mit voller Hingabe an das Werk durch.
373 2069 1307 2136 Allen voran Agnes Sorma, deren Christine als
380 2103 1305 2174 eine Meisterleistung längst bekannt und gewürdigt
380 2145 1296 2210 ist und die auch gestern wieder mit ihren echten
371 2199 1310 2249 Herzenskönen tief zu rühren und zu erschüttern
381 2230 1300 2284 wußte. In der Rolle des Fritz war auch Kurt
386 2263 1300 2325 Stieler kein Neuling mehr, und es bleibt deshalb
372 2300 1292 2356 nur übrig, zu sagen, daß er auch diesmal ein vor¬
381 2346 1288 2405 treffliches Charakterbild dieses im Berne ehrlichen,
370 2378 513 2427 aber
572 2389 1291 2445 seiner inneren Schwäche zugrunde
374 2418 1299 2476 gehenden jungen Offiziers schuf. Der Gewinn
380 2457 1281 2510 des Abends war Fritzi Massarys ganz ausgezeich¬
365 2490 1290 2547 neie Mizi. Es zeigte sich hier, welch einen
367 2540 1288 2590 Jonds echten Künstlerkums in dieser Darstellerin
389 2577 1278 2642 steckt die ihre besten Kräfte leider in seichten
366 2609 1289 2661 Soubre##nrollen erschöpfen muß. Und eine nicht
343 2633 1313 2726 wenigek angtnehme Ueberraschung waren der
346 2783 1303 2848 Eschlichte und ergreifende Weinig Max Pallenberg##
346 2807 1311 2897 4 und Karl Pfauns diskret und vornehm durch
370 2854 936 2914 geführter Theodor Kaiser. In
934 2854 1286 2924 en kleinen Episo¬
359 2897 1293 2963 den der Frau Binder und des Barons fügten sich
368 2935 1295 3006 Rosa Baietti und Franz Blei dem vorzüglichen
367 2980 1295 3037 Ensemble wirkungsvoll ein. Das sehr zahlreich
364 3013 1259 3067 erschienene Publikum lohnte die Vorstellung, die
361 3045 1299 3140 sicher auch einen reichen klingenden Ertraft####
352 3087 839 3164 u#efert hat, mit starkem
1702 650 2097 725 Ausscahitt aus:
1882 706 2188 829 12 JpN
2178 724 2902 846 e Preussische Zeitung, Barlie
2192 783 2356 875 19
1709 858 2867 982 Zugunsten des Deutschen Frauenvereins vors Roten Kreuz
1578 898 2510 991 #für die Kolonien veranstaltete am Freitagabend
2595 955 2838 1024 Theater
1610 957 2833 1062 Im Nellendorfplatz eine einmalige Aufführtg des Schau¬
1612 989 1823 1046 siels „L##
1879 1003 2395 1082 lei“ von ArthuzSchul
2491 1035 2848 1100 „Das dichtbesetzte
1603 1033 2839 1131 Haus sah eine interessante Vorstenung-AS# spielte die
1597 1060 2833 1165 Thristine. Um einen Schein zu wenig süß und zu wenig fesch¬
1592 1118 2827 1217 sentimental, überhaupt etwas mehr norddeutsch als wienerisch und
1587 1151 2834 1249 auch im ganzen nicht mehr naiv jugendlich genug, sondern schon
1586 1200 2819 1292 ein wenig als Dame. A### im Grunde stellte sie doch eine Leistung,
1582 1221 2831 1318 an deren Anlage und Durchführung höchste künstlerische Reise und
1577 1251 2824 1374 Wärme des Gefühls gleichen Anteil hatten. Den Fritz Lobheimer
1576 1314 2825 1402 gab Kurt Stieler schlicht und gut, die übrigen Rollen waren von
1578 1345 2826 1438 eder Operette des Hauses besetzt — am besten der alte Weiring, in
1574 1390 2824 1497 Wen Rolle Max Pallenberg fast ebenso viel diskreten Geschmack
1570 1426 2823 1523 # überlegene, gehaltene Cherakterisierungskunst an den Tag
1573 1471 2820 1564 brachte. Der derben Mizzi Schlager gab die Massary einen leisen
1572 1498 2827 1609 Hauch von Kurfürstendamm, im übrigen aber recht viele fesche
1570 1550 2828 1631 und resche Munterkeit. Carl Pfann ließ seinen Theodor Kaiser
1566 1577 2826 1696 aus den leise betränten Augen der waschechten Wiener Operette
1571 1620 2817 1734 lächeln, und das Publikum, das bei dieser Wohltätigkeitsvorstellung
1567 1654 2809 1763 ja ein Stück Hauptsache war, freute sich an der gediegenen Unbe¬
1569 1695 2812 1799 kümmertheit, mit der das Zusammenshiel einen slotten Ton fest¬
1562 1738 1686 1794 hielt.
1821 2110 2132 2212 12 é 1913
2098 2101 2920 2374 Feichs Anzeier, Berlis
2015 2379 2493 2448 Theater und Musik.
1941 2414 2586 2501 Theater am Nollendorsplatz.
1725 2482 2811 2551 Zugunsten des unter dem Protektoral Ihrer Majestar
1656 2521 2842 2612 Saiforin und Konigin stehenden Deutschen Frauenvereing vom Roten
1650 2563 2834 2641 ##eut für die Kolonien fand gestern im Theater am Mollendor¬
1780 2605 2142 2652 eine Aufführung
2181 2616 2843 2668 on Arthur Schnitzlers drei¬
1643 2624 2028 2696 gltigem Schauspiel
2102 2638 2266 2700 iebelei“
2470 2656 2568 2706 R
1638 2683 2799 2739 versloßsen, seitdem das Stück zuerst bler in Berlin##ersch
1650 2716 2861 2779 ung auf mebreren hiesigen Böhnen ist es uns inzwischen begegnern
1856 2765 2322 2814 Jahren sogar als Oper
2324 2764 2828 2825 Die gestrige Aufführungwar
1643 2786 2865 2865 Tie# gltein wegen ihres wohltätigen Zweckt von Interessesondern
1624 2822 2123 2891 hm ihrer Besetzung willen.
2155 2844 2847 2901 anes Soma, die merist in Verl¬
1662 2874 2845 2942 die weibliche Hauptrolle der Christine gespielt hat, gab sie auch gestern
1608 2893 2831 2977 Jund man konnte bei diesem ebenso willk emenen wie und
1624 2930 2420 3017 verhofften Wiederseben nur feststellen,
2457 2960 2544 3015 daß
2560 2959 2851 3020 ihre Leistung
1635 2998 2844 3060 an Feinheit der Charakterzeichnung sowie an Tiefe und Junigkeit
1630 3032 2856 3079 nichts eingebüßt hat Es ging von ihrer Darstellung immer noch die
1630 3077 2865 3140 gleiche suggenive Kraft echter Empfindung aus wie früberAuche
1639 3111 2859 3189 sonst war die Besetzung bemerkenswert, insofern als in anderen
1634 3151 2832 3217 nichtigen Rollen Künfter beschäftigt waren, deren Tätigkeit für ge¬
1629 3183 2848 3242 wöhnlich auf ganz anderen Gebieten liegt; so spielte Fritz Massary,
1731 3230 2838 3300 man bisher nur in der Operette zu seben gewöhnt war, die
1582 3236 2836 3331 I leichtlebige Mizi Schlager mit einer Natürlichkeit in Von und Be¬
1614 3307 2834 3365 wegung, die Bem#derung erwecken mußten. Auch bei dem tragischen
1629 3342 1766 3404 Schtu
2085 3351 2839 3408 ein Beweis dafür, daß eine echte Künstler¬
1627 3400 2806 3455 natur sich in jede Stimmung einzuleben vermag Weniner eissannlt
1630 3419 2819 3479 war es, daß Mar Pallenberg, der unwierstehlich komische
1644 3459 2836 3522 Jupiter aus „Orpheus in der Unterwelt“, die schlichte Warmherzigken
1633 3498 2842 3568 für den alten Vater Christinens aufbrachte; denn er ist, wie er schon
1622 3544 2831 3606 früher bewiezen hat, auch im Schauspiel zu Hause. Karl Pfann,
1616 3574 2841 3645 der Opern= und Operettentenor, traf ebenfalls als Theovor Kaiser den
1566 3625 2828 3686 rechten natürlichen Sprechton. Für die Rolle des Fritz Lobheimer
1612 3652 1920 3715 war Kurt St
2005 3672 2756 3726 vom Lessingtheater gemonne worden, der
1626 3690 2741 3761 eindrucksvoll durchführte. Rosa Valetti und Franz Blei
1608 3738 2857 3815 vollständigten in den kleineren Aufgaben das gute Zusammenspiel.
1612 3767 2672 3837 Die Aufführung fand lebhaften und wohlverdienten Beifall.
