3436 4192
167 140 720 222 5. Liebelei
902 146 1169 232 box 12
342 189 727 262 — I —    —
259 1182 693 1264 Ausschnitt aus:
730 1229 789 1285 en
816 1239 1209 1336 tenblatt, Wien
631 1270 932 1381 4371913
269 1280 423 1353 vom:
512 1357 1296 1449 Chrater und Runst.
315 1433 1602 1501 (Volksoper.) Der Reigen der tiefwinterlichen Opernnovitäten
178 1484 1603 1535 wurde von der Volksoper mit der „Liebelei“ von Franz
179 1533 1597 1582 Neumann eröffnet. Das Werk des in Frankfurt wirkenden Kapell¬
187 1581 1606 1645 meisters, eines gebürtigen Mährers, wagt nichts Geringeres, als
187 1629 1610 1706 Schnitzlers gleichnamiges Drama, wie es liegt und steht, ein paar
193 1673 1627 1728 Kurzungen abgerechnet, mit Haut und Haar in Musik zu setzen. Dies
197 1718 1608 1788 ist denn auch mit unleugbarem Geschick geschehen. „Liebelei“ ist also
186 1773 1613 1835 eine deutsch=veristische Dialogoper. Freilich nur ein Beweis mehr für
196 1817 1612 1885 die ästhetische Unhaltbarkeit des Experiments, ein als Dichtung seinen
195 1892 1604 1946 Zweck schon erfüllendes Drama noch mit Musik zubekleiden.
199 1923 1602 1982 Aber die Art, wie Neumann das Unzweckmäßige versucht,
193 1978 1600 2039 verrät Talent, Geschick und künstlerischen Ernst. (Wir kommen auf das
196 2015 1602 2082 Prinzipielle der Saché noch ausführlicher zurück.) Die Aufführung
196 2082 1614 2130 unter Herrn Kapellmeister Dietl war gut vorbereitet und die Damen
200 2114 1604 2176 Engel und Rocder nebst den Herren Sußmann, Brand
185 2174 1605 2230 und Klein boten in ihren Rollen Tüchtiges. Fehlte der von Herrn
197 2208 1612 2281 Markovsky gut inszenierten Vorstellung nur eines: der spezifisch
187 2258 1605 2318 wienerische Ton, den niemand von den Mitwirkenden beherrschte und der
187 2298 1614 2360 auch in der Partitur eigentlich mehr gewollt als erreicht ist. Das
197 2352 1606 2414 Publikum nahm die Novität mit lautem und lebhaftem Beifall auf
202 2404 1612 2479 und rief nach jedem Aktschluß Autor und Mitwirkende zur Parade
1409 2447 1560 2518 R. B.
194 2453 702 2530 oftmals vor die Rampe.
309 2504 346 2537 63
698 2479 1113 2556 4r a
2501 754 2843 853 eitung. Wien
2283 791 2337 884 2
1906 802 2265 889 Lusschnitt auf
1925 932 2046 1002 vom
2510 1020 2553 1098 u
2640 970 2686 1106 —
2862 1018 2940 1110 k.
2197 1198 2334 1254 Oper
2259 1279 2298 1331 1s
2512 1285 2552 1327 ri
2256 1403 2292 1440 □00
2449 1483 2489 1530 ist
2452 1596 2492 1651 el
2537 2001 2576 2048 ri
2012 2028 2070 2082 weg
1990 2111 2070 2157 der
1991 2143 2106 2200 bißche
1976 2193 2070 2239 erfä
1976 2230 2123 2284 Christin
1977 2265 2187 2325 das Mäde
1976 2306 2155 2366 verschaffe
1977 2349 2162 2405 und teile
1979 2386 2230 2448 kann es nich
1978 2430 2258 2484 den Tod gega
1966 2471 2289 2525 zu seinem Grab
1963 2512 2307 2578 Boden und jamn
1970 2549 2246 2610 nicht wieder!"
2049 2589 2555 2662 Dieses Drama benützte de
1956 2624 2746 2698 änderter Form. Die Vertonung strebt darn
2964 2645 3057 2708 Stück
1956 2674 2705 2739 beherrschenden Konversationston möglich
2867 2696 3038 2752 zu werden
1958 2722 2800 2782 manche Themen können wohl als Leitmot
2826 2731 3064 2789 e bezeichnet
1965 2774 3077 2825 werden, die Hauptsache liegt jedoch in der Untermalung der
1967 2797 3079 2872 einzelnen Szenen, welche vorgüglich gelungen ist und sich bei
1957 2849 3062 2918 gesteigertem Ausdruck, wie zum Beispiel bei der Schilderung
1963 2878 3066 2954 der hingebenden Liebe Christinens, des herannahenden Um
1955 2931 3065 2999 heiles, des Abschiednehmens und der Verzweiflung
1953 2973 3071 3039 Christinens auch zu dramatischer Wirkung erhebt. Die Dar¬
1951 3016 3074 3055 steller waren mit liebevollem Eifer bemüht, den Intentionen
1949 3061 3070 3127 des Dichters und des Komponisten vollauf gerecht zu werden.
1961 3087 3069 3145 Fräulein Engel verkörperte die weibliche Hauptrolle der
1947 3140 3071 3206 Christine und brachte deren sentimentales Wesen zu vor¬
1952 3184 3064 3246 trefflichster Geltung; nicht minder gut war Fräulein Roeder
1944 3223 3063 3278 in der Gestalt der Mizzi, einem echten Wiener Mädel. Die
1946 3259 3067 3333 Herren Lußmann (Fritz und Brand (Theodor) paßten sich
1953 3296 3066 3352 ihnen glänzend an; sie erfreuten das Publikum nicht nur
1944 3334 3066 3393 durch ihr charakteristisches Spiel, sondern auch durch ihre ge¬
1942 3399 3060 3462 radezu prächtigen Stimmen. Die übrigen Typen waren durch
1948 3432 3066 3496 die Herren Bandier (Vater Weiring), Klein (Ehemann),
1944 3471 3069 3534 Schneeweiß (Diener), Fräulein Macha, Frau eines Strumpf¬
1950 3512 3064 3560 wirkers) bestens vertreten. Die Zuhörer verfolgten mit
1941 3559 3065 3623 Spannung den von Herrn Mariowsky inszenierten und von
1938 3592 3052 3656 Herrn ittel geleiteten Abend und belohnten alle Beteiligten
1941 3644 3056 3705 durch den reichsten Beifall. Direktor Rainer Simons aber
1957 3681 3048 3739 zebührt besondere Anerkennung für die Vorführung des
1956 3706 3058 3795 nteressanten Werkes, das sich auch schon an auswärtigen
1959 3758 2678 3835 sühnen eines großen Erfolges erfreute.
2976 1156 3100 1221 ging
2926 1203 3089 1257 nann in
2971 1247 3087 1302 gleich¬
2997 1290 3075 1337 ittel¬
2987 1329 3088 1384 imer;
2933 1315 2974 1368 bh
2967 1369 3074 1417 erhält¬
2996 1406 3060 1461 itte
3019 1448 3077 1496 soll
