3484 4224
498 137 863 210 Liebelei
319 143 880 246 5. Snene a.
1002 133 1455 218 box 10/4
1957 143 2317 222 Max-Kurianner
2090 213 3013 300 Ausstellung, grosse Rotunde. Eigenen Suspuee.
1918 228 2086 297 Berlin
2076 263 3028 327 IN. 37, Saarbrückerstr. 5. Telephon VII, 4096.
2029 307 2645 396 London. New-Vork.
2641 332 2908 413 Paris.
1912 381 3029 469 (Liest alle Zeitungen der Welt und liefert aus denselben
2126 448 2805 510 Ausschnitte über jeden Gegenstand.)
2522 588 2687 738 Breidee
2321 763 2784 894 Hamburg.
2502 953 2712 1070 4%
2322 1077 2711 1144 Thalia=Theater.
1857 1116 3178 1209 Zum Benesiz für Frl. Lotte Witt: „Liebelei“, — Schahspiepin 3 Aften
2314 1169 2709 1224 von Arthur Schnitzler.
1913 1194 3145 1271 Wenn man den Titel dieses Schauspiel liest, so liegt die Vemuthung
1847 1227 3146 1299 hahe, daß uns der Dichter in die Welt des Oberflächlichen und Seichten
1871 1294 3143 1356 führen will, unter Menschen, deren Wesen die Bildung nicht erhöht
1863 1339 3152 1384 und vertieft, sondern abgeplattet und gleichgültig gemacht hat,
2893 1373 3163 1437 die ihren
1865 1385 2883 1424 sodaß aus großen und starken Empfindungen,
1863 1404 3076 1478 Träger beherrschen, Scheinempfindungen und Empfindelelen
1871 1438 3150 1498 worden sind, die man zu beliebigem Gebrauch am Schnürchen!
1868 1497 3142 1568 hat. In dieser Welt, wo aus Gefühlen kleine Nervenerregungen, aus
1877 1542 3137 1583 energischem Wollen kleinliche Gelüste, aus Liebe Liebelei geworden ist,
1868 1569 3147 1614 dürfte aber ein ernsthaftes Schauspiel unmöglich sein. Denn wo die
1877 1610 3153 1657 Ursachen klein und unbedeutend sind, da müssen es auch die Wirkungen
1875 1651 3157 1710 sein, und aus lächerlichem Plunder kann man kein Götterbild formen.
1868 1708 3154 1739 Dem Titel „Liebelei“, — es ist jetzt an der Tagesordnung, den Dramen
1872 1737 3162 1802 abstrakte Titel zu geben — widerspricht also die Gattungsbezeichnung
1869 1768 3151 1822 „Schauspiel“. Man sollte meinen, daß durch Liebelei nur ein Lustspiel,
1872 1815 3151 1864 vielleicht mit stark satirischem Beigeschmack, oder eine Posse gefüllt
1865 1838 3168 1893 werden könnte. Aber dieser Titel ist ebenso wenig prägnank,
1879 1891 3159 1945 wie alle anderen abstrakten Titel; richtiger würde es schon heißen,
1881 1926 3171 1981 „Liebelei und Liebe“, denn nur dadurch, daß sich in den
1866 1958 3162 2020 Kreis der Leichtsinnigen und Leichtfertigen Jemand mischt, der echter
1873 2009 3168 2056 und unverfälschter Liebe fähig ist, wird die Sache ernsthaft und nach
1866 2033 3166 2100 dem ersten Akte ein zweiter und dritter überhaupt möglich. Dem
1868 2078 3157 2130 dramatischen Fortschreiten jedoch wird durch die bereits im ersten Akte
1872 2118 3159 2163 völlig abgeschlossene, und mit liebevollster Detailmalerei ausgeführte
1874 2164 3159 2212 Charakterzeichnung eine starke Beschränkung auferlegt, deren Bruch im zweiten
1872 2198 3163 2238 und dritten Akt nicht ganz wahrscheinlich wirkt. Vielleicht lag es auch
2424 2238 3162 2284 die Leidenschaftsausbrüche und der,
1872 2240 2428 2302 an der Darstellung, daß
1876 2273 3158 2319 wie es scheint, tragische Schluß des letzten Aktes nicht „als
1873 2316 3157 2365 nothwendige Folge der gegebenen Situationen und Charaktere
1875 2352 3166 2415 wirkten und geradezu lächerlich zu werden drohten. Die Schwächen
1873 2383 3167 2448 dieses Stückes dürfen aber nicht abhalten, seine hohen Vorzüge anzu¬
1876 2423 3166 2482 erkennen: die natürliche, leicht fließende, und mit zierlichen Pointen
1886 2468 3162 2508 reich ausgestattete Diktion, die der Natur mit großer Sorgsalt
1883 2511 3155 2560 abgelauschte Miniaturmalerei bei allen Figuren und das Geschick,
1876 2543 3169 2598 mit dem der Dichter auch bei einer stagnirenden Handlung
1876 2586 3166 2637 immer noch zu fesseln weiß. Arthur Schnitzler gehört zu der Schule
1879 2637 3160 2680 Ibsen's und Hauptmann's; er erstrebt, wie alle „Modernen“, den Schein
1885 2663 3172 2721 äußerster Lebenswahrheit. Er geht aber darin zu west und verletzt das
1880 2703 3162 2767 Gebot klarer Verständlichkeit, die vom Kunstwerk überall gefordert werden
1888 2731 3174 2792 muß. Die Motive der Handelnden würden leichter begriffen werden,
1882 2775 3169 2836 wenn sie ihre Motive deutlicher kundgäben. Dem Dichter und seinen
1890 2814 3167 2870 Personen muß ein Gott gegeben haben, zu sagen, was sie leden
1889 2862 3159 2913 und überhaupt erleben; Räthsel errathen ist ebenso wenig die Aufgabe
1877 2907 3144 2960 des Zuschaners, wie es die Aufgabe des Dichters ist, Gelegenheit zu
1885 2926 3173 2990 Mißverständnissen zu geben. So klar und dentlich z. B. der erste Akt
1890 2976 3167 3033 zunächst erscheint, so sieht man doch später, daß man sich in manchen
1888 3016 3165 3066 Stücken geirit hat. Christine erscheint im ersten Akt durchaus nicht von
1889 3056 3167 3102 so abgrundtiefer Innerlichkeit, wie sie sich später darstellt. Ein Mädchen,
1885 3097 3167 3147 das, wie es scheint, in den Tod geht, als sie bemerkt, daß sie sich an
1879 3130 3168 3181 einen Unwürdigen weggeworfen hat, mußte nach unserer Ansicht schon
1888 3167 3179 3217 von vornherein anders auftreten und anders gezeichnei sein. Doch wie;
1891 3213 2830 3278 greisen der Angabe des sehr einfachen Inhalts vor.
1947 3227 3168 3303 Fritz Lobheiner, ein reicher älterer Wiener Student, ist ein junger
1878 3276 3169 3334 Elegant wie alle andern, vielleicht ein wenig tiefer angelegt und ernst¬
1890 3329 3159 3375 hafter denkend, als der Durchschnitt, aber im Großen und Ganzen ein
1881 3361 3161 3410 Mann der holden Mittelmäßigkeit, in der sein Freund Theodor Kaiser
1878 3388 3168 3448 bereits gänzlich versunken und versumpft ist. Die beiden jungen Herren
1878 3436 3169 3499 haben Geld und Langeweile. Um Beides los zu werden, sind Liebeleien
1876 3475 3161 3520 ein gutes Mittel. Der Ernsthaftere von Beiden hat zwar zugleich, wie
1888 3513 3164 3562 er meint, eine große Leidenschaft für eine verheirathete Frau, aber diese
1873 3547 3165 3606 noble Passion ist für einen Mann von seiner Natur wohl nur ein noblerer
1877 3592 3172 3647 Zeitvertreib und ein solcher, der seiner Eitelkeit etwas mehr schmeichelt, als
1883 3630 3168 3674 die Liebelei, die er mit Christine, der Tochter des Violinspielers Weiring
1885 3670 3163 3716 auf Zureden seines Freundes Theodor anfängt, angeblich, um sich von
1874 3705 3158 3765 seiner „großen Leibenschaft“ zu kurtren, in Wahrheit aber wohl deshalb,
1895 3747 3167 3795 weil ihn auch das ehebrecherische Verhältniß langweilt. Im ersten Akt
1880 3786 3163 3843 wird uns nun ein gemüthliches Beisammensein von vier Personen auf
1890 3824 3162 3873 der „Bude“ des Herrn Fritz Lobheimer mit aller Kunst einer virtnosen
1886 3863 3150 3918 Kleinmalerei geschildert. Fritz Lobheimer empfängt seine Christine, und
1884 3899 3161 3957 Theodor Kaiser, wohl auch ein Student in höheren Semestern, hat seine
1890 3941 3149 3992 kleine Freundin Mizi Schlager mitgebracht. Die beiden Letzten sind lockere
1886 3991 3164 4027 Vögel mit gleichem Gesieder, zur ernsthaften Liebe nicht geschaffen, sondern
1878 4017 3169 4065 nur zur leichtfertigen Liebelei. Christine dagegen zeigt sich bereits hier
1894 4053 3163 4105 von einer andern Seite, aber wie gesagt nicht in dem Maße, daß man ihr
2816 4094 3150 4134 ranüaten Abend des
