3392 4320
394 282 769 350 Liebeler
219 275 770 382 8. 1
856 275 1366 362 box 11/4
1516 275 2251 354 THE AFTERNOON THEATRE.
1536 345 2258 412 On Friday afternoon, May 14, 1909, was
1526 397 2252 446 produced st His Majesty’s by the Alter¬
1516 428 2222 476 noon Theatre Seeiety the drama, by
1502 464 2263 513 JArthur Schnitzler, Zirbelei, in an English
1846 492 2246 547 ets, by G. Valen¬
1524 504 1972 576 AARNRren e
1755 558 2041 609 Ligkt o Lore.
1525 573 2257 637 Fritz Lobheimer Mr. Henry Ainley
1532 615 2261 654 Hans Weiring .. Mr. H. R. Hignett
1522 640 2246 692 Theodor Kaiser Mr. Charles Mande
1579 670 2249 722 Gentleman Mr. James Hearn
1524 692 2244 748 Christine Miss Margaret Halstan
1535 723 2251 762 Mizl Schlager. Miss Margaret Bussé
1520 751 2237 793 Lina Miss Hetty Kenyon
1522 786 2239 822 Katherine Bhiler Miss Sydney Fairbrother
1543 810 2245 850 Act one.—Pritz’s Chambers. Act to.—Chris¬
1526 839 2248 886 tine's Room. Act three.--Chriseine's Room, ino
1524 868 2161 912 days later. Time.—The present.—Vienna.
1544 879 2264 936 Dr. Schnitzler'’s Viennese drama, Liebelei,
1524 938 2246 974 has been spoken of as of t#e human docu¬
1532 963 2249 1003 ment“ kind of play, but to the Englich
1534 1003 2247 1039 eye it secms little else than a bit of#ckly#
1530 1009 2261 1079 and toarful theatricality. No doube. in
1519 1064 2245 1102 Vionna—uere it was ploducedas long ago
1530 1091 2235 1125 as October 9, 1895, at the Burg Theater—
1529 1112 2248 1172 it bas u meacure of actualltr by reason of
1535 1152 2247 1199 the strength of military caste in Austria.
1524 1182 2256 1235 Fritz Lobheimer is a young lieutenant of
1521 1220 2251 1273 Dragoons, and his liaison with Christine
1536 1254 2254 1297 Weiring, a girl ofthe people, could ne#.
1521 1283 2241 1328 in üho general point of vew there, be aug¬
1528 1315 2241 1361 thing more than a liaison. That fact may
1524 1348 2239 1388 not help the character of Christine at all.
1530 1382 2243 1414 Uhristine must have known that Austrian
1526 1411 2247 1455 officer do not, unless at the saerifice of
1528 1446 2258 1487 their carcers, marry girls of her class.
1531 1478 2260 1517 But the fact may make the character of
1532 1507 2259 1547 Fritz a little less objectionable. If he has
1532 1539 2252 1578 led Chritine astray, she, au well as he,
1520 1568 2253 1621 knew ihe conditions of his love. This
1527 1610 2257 1650 point of view, however, erarcely appealt
1522 1640 2258 1678 to an Englich audience, and moreover the
1536 1665 2249 1709 way in which the parts of Fritz and
1539 1699 2259 1733 Christine are played by Nr. Henry Aioley
1527 1736 2255 1771 and Miss Margaret Halstan decs noi sug¬
1524 1764 2260 1812 gest at all a Lothario nor a girl who would
1528 1798 2254 1845 oe likelv to be, caught in the toils-of an
1530 1831 2244 1885 affair of thes kind. Neither this Fräz nor
1537 1867 2251 1912 this Christine is of the nature of ä light o
1524 1899 2254 1947 Jove, a term würch wich ue has come to
1518 1927 2263 1977 have only a feminine reference. From
1528 1965 2256 2002 reality, then, to say nothing of very wry
1518 1989 2252 2029 ethics, the author forces us back on dra¬
1524 2022 2249 2078 matio treatment. Here one must allon
1522 2054 2259 2107 for some loss in translation, but Dr.
1532 2090 2204 2142 Sohnitzler, whatever his repute as
1518 2120 2261 2168 dramatist in Austria and Germany, does
1529 2155 2261 2199 not impress one as any weaver of subtle
1532 2193 2259 2231 pick, any master of situation. His method
1529 2228 2244 2266 is thin and sketchy; he is fond of sug¬
1528 2253 2241 2293 gestion. The sudience hoars of the lady
1530 2291 2265 2326 in black velvet, -but does not see her. The
1527 2316 2241 2358 audience suspcots that Fritz P off to fight
1522 2344 2239 2397 a duel when he bids good-bye to Christine,
1523 2380 2241 2415 but there is no proos of it. The news of
1520 2414 2244 2464 Fritz’s desth is a surprise for which the
1522 2453 2224 2489 audience has not been prepared—and there
1522 2480 2225 2519 1s almost alwaye something incomplete and
1522 2511 2236 2551 znartistie about sudden surprises of tine
1524 2546 2241 2582 sort on the stage. Then what becomes of
1530 2576 2236 2610 Christine? She runs out, half.demented,
1518 2600 2239 2650 to find Fritz’s grave. She never will
1525 2637 2217 2686 comne back, says che old father. The
1530 2671 2232 2718 audience is to assmmmne that she will com¬
1524 2706 2218 2740 mit suieide. But it docs not know. And
1528 2739 2232 2773 what is it to make of the father’s phil¬
1522 2768 2225 2817 osophy? He tells the suspicioue Kathe¬
1533 2794 2225 2846 rino Binder of what he regards as the
1532 2832 2235 2873 tragedy of his dead sister’s life. He saw
1522 2859 2253 2917 the rich womanhood of his sister pass
1536 2895 2241 2945 away, and found a withered old main at
1524 2928 2236 2970 his side. The inference is fairly clear;
1535 2961 2235 3004 and when Christine has confessed every¬
1529 2987 2218 3039 thing to her father he has no reproof te
1522 3026 2240 3068 make; on the contrary, he says that he
1533 3054 2236 3109 knew what was happening all the time.
1530 3092 2229 3138 But if Ohristine en-s her life on the grave
1526 3125 2238 3167 of her faithlees lover, Hans Weiring’s
1512 3159 2224 3201 philosophy does not work out very well.
1570 3185 2237 3236 Of inundemt Light o' Love has for a
1528 3220 2242 3263 üiree-act play almost a minimum. Im ühie
1531 3254 2239 3295 first act Fratz and his friend Theodor
1531 3281 2236 3331 Kaiser are having a Bohemian little sup¬
1527 3320 2224 3355 per at tihe dornner’s rooms, with Chmstine
1523 3352 2230 3394 and her very unesirable companion Mizi
1526 3379 2230 3427 Schlager present. The rather forced
1534 3407 2238 3444 merriment of che party—for Christine ie
1533 3444 2233 3484 doubeful abouc che lady in black with
1533 3473 2237 3514 wührom ele has seen Fritz and presses him
1529 3505 2228 3554 wuth questions—is ümterrupted by dhe en¬
1521 3543 2209 3587 trance of ühe husband of che lacky. Th
1541 3568 2227 3607 husband has found out tihe intrigue which
1521 3595 2225 3644 Fritz cannot denny wien he is confronted
1527 3636 2237 3678 wich a bundle of bis own jettere, and be
1521 3669 2231 3710 eumply says that ho is at tihe otbier’s gec¬
1528 3707 2227 3745 wice at amy täme. The eccond act is de¬
1518 3730 2232 3769 voted, apart from ühe epeious philosophis¬
1518 3761 2227 3804 Ings of Hane Weining, to dhie rather mys¬
1529 3796 2236 3842 tertous farewvell that Fritz tukes of Chras¬
1531 3837 2233 3871 tine. Glurssthne ftürinks ichat he wüll only be
1536 3861 2214 3904 awway a. day or two; bat wirem two day#
1536 3893 2214 3929 hawe passel she mnale Derr confession #
1522 3924 2220 3959 her father Tere de a. geod deur #f aniet
1522 3948 2230 3998 soarolung pattos in fiins act, especiallly in
1522 3982 2228 4027 ühe scene between facher and daughter,
1528 4012 2235 4044 but the handling of the closing ecenes,
1527 4048 2237 4088 though it gives eome most poignant
1526 4083 2222 4118 moments, is not altogetiher satisfactory.
1526 4106 2227 4146 The entrance of Tcodor Kaiser, dressed
1524 4138 2225 4179 in black, is, im itself, a swift dramatäc
1528 4169 2233 4212 stroke. The cnuelty of Christine's posi¬
1525 4203 2244 4249 tlon is also driven home, dhe more 5o #s
