3392 4320
290 165 809 250 5. Liebele
464 169 1420 258 . box 11/5
648 908 1298 995 „ODSERTER
454 988 1470 1040 1österr. behördl. konz. Unternehmen für Zeitunge-Ausee.
626 1032 1379 1114 Wien, I., Concordiaplatz 4.
850 1096 1170 1158 Vertretungen
445 1137 1548 1193 in Berlin, Basel, Budapest, Chicago, Cleveland, Christianla,
451 1191 1551 1250 Genf, Kopenhagen, London, Madrid, Mailand, Minneapolis,
447 1230 1555 1273 New-Vork, Paris, Rom, San Francisco, Stockholm, St. Peters¬
850 1268 1159 1319 burg, Toronto.
767 1307 1236 1376 (Oselienangahe Oüme Doudarh.
441 1361 940 1443 Ausschnltt aus:
744 1422 1506 1552 —FMuae Hanosio Kabhtfhiät
753 1484 808 1547 7
454 1504 595 1556 VDNT·
538 1520 980 1605 K
709 1599 1162 1657 ubtung gelungen.
509 1624 1430 1711 H.Fränkfurter Opernhaus. Man schreibt uns: Ar
463 1675 1423 1748 mi Schnitzlers „Liebelei“ in der Vertonung von
464 1720 1429 1790 Frmanfand bei der hiesigen Uraufführ¬
466 1760 1425 1827 ung, wie bereits schon telegraphisch gemeldet, einen
463 1797 1429 1867 außergewöhnlich starken Erfolg. Es ist ein merkwür¬
459 1841 1417 1896 diges Zusammentreffen, daß das wirkungsvolle Wie¬
462 1887 1421 1942 ner Drama seinerzeit gleichfalls in Frankfurt seine
458 1921 1415 1982 allererste Aufführung erlebte, damals im Schauspiel¬
467 1962 1424 2003 haus und jetzt die Premiere des gleichen Werkes als
461 2006 1413 2062 Oper hier gegeben werden konnte. Franz Neumann,
454 2047 1420 2107 ein Oesterreicher, wie Schnitzler, ist seit einigen
463 2080 1417 2143 Jahren bei uns als Kapellmeister tätig und hat in
469 2118 1421 2172 dieser Stellung sich schon häufig ausgezeichnet. Er
453 2167 1414 2206 ist auch bereits mit kleineren Arbeiten vor die Oeffent¬
459 2201 1415 2255 lichkeit getreten und hat sich dabei als bemerkenswer¬
465 2234 1412 2302 tesTalent bewiesen. In seiner Oper hält er sich wörtlich
467 2280 1412 2338 an den bekannten Text der „Liebelei“, indem er den
454 2331 1405 2380 Dialog instrumental untermalt. Diese Instrumentier¬
451 2364 1409 2409 ung zeigt uns den feinsinnigen Musiker von seiner
459 2390 1422 2457 besten Seite, dessen besonderes Können in den
448 2445 1401 2497 zartgetönten Lyrismen sich offenbart. Doch auch für
460 2467 1409 2533 das Magische, das wie eine düstere Ahnung immer
457 2513 1415 2559 wieder durch die Komposition gleitet, findet Nau¬
447 2557 1411 2598 mann den rechten Ausdruck. Im Stil den Werken der
452 2578 1402 2639 Jung=Italiener, speziell Puccini sich anlehnend,
455 2639 1406 2692 ohne die persönliche Note außer acht zu lassen, ist die
454 2666 1409 2730 Novität entschieden ein interessantes Musikdrama,
446 2710 1415 2774 das seinen Weg mit Erfolg über die Bühnen machen
450 2753 1413 2812 wird. Die Aufführung unter Dr. Rottenbergs
455 2795 1411 2849 Leitung — die Regie führte mit Geschmack Inten¬
458 2823 1403 2886 dant Jensen selbst — war eine recht gute. Fräulein
462 2866 1410 2917 Sellin ist eine Spezialität für Rollen wie die der
452 2909 1412 2970 „Christine“ und ihr Partner, Herr Geubner, sang
452 2954 1406 3008 und spielte den „Fritz“ mit warmer Empfinbung.
444 2982 1395 3031 Das dicht besetzte Haus wurde nicht müde, den Kom¬
445 3029 1397 3080 ponisten mit dem Solopersonale, den Kapellmeister
432 3059 1416 3147 und den Intendanten zu rufen. Ganz zum Schluß,
482 3176 1428 3236 mußte selbst Artur Schnitzler seine Balkonloge ver¬
469 3219 1433 3256 lassen und auf der Bühne erscheinen. — Dex Klavier¬
478 3246 1441 3332 auszug ist in eleganter Aufmachung bei Schott
468 3285 860 3352 (Mainz) erschienen.
517 3322 1417 3402 Madame Aino Ackté von der Großen Oper in
476 3356 1427 3438 Paris gastiert bereits zum zweiten Male in die¬
492 3412 1432 3467 sem Jahre als Salome bei uns. Die kinderhaft
480 3458 1424 3514 liebliche Erscheinung, das faszinierende Spiel und
469 3494 1423 3553 die prachtvoll geschulte Stimme, die selbst den größ¬
474 3521 1429 3590 ten Anforderungen des von Kapellmeister
469 3575 1427 3616 Schilling =Ziemssen glänzend geführten
469 3604 1424 3671 Riesenorchesters mit Leichtigkeit folgte, lassen Frau
472 3647 1438 3710 Ackté als die berufenste Vertreterin der Salome
477 3675 704 3748 erscheinen.
2727 474 2843 522 Aeu,
2454 479 2670 533 J, Pians.
1847 503 1971 559 Geni,
1825 506 2915 590 New-Vork, #u Scn Pancisco, Stockhiolm, St. Peters
2228 563 2546 624 burg, Toronto.
2147 600 2613 683 (Quelienangabe ohne Gewäer).
1835 681 2222 760 Ausschnitt aus:
1975 664 2788 836 Venslache Zeitung. Porl¬
2349 801 2647 865 & 9. 1910
1838 823 2070 903 Kam
1782 892 2950 947 „Liebele.“ Frankfurt a. M., 18. September. (Eig. Ber.)
1750 922 2947 982 Die erste Premiere der Wintersaison im Opernhaufe war die
1743 967 2946 1018 Oper in drei Akten „Liebelei“ vom Kapellmeister an der Opern¬
1743 1000 2946 1049 bühne Franz Neumann. Es ist unseres Wissens das erste
1747 1041 2949 1098 größere Werk des noch jungen Komponisten. Mit einer gewissen
1760 1093 2952 1138 Kühnheit, die aber sympathisch ist, hat Neumann ein Schauspiel
1757 1117 2950 1169 vertont, das auf den deutschen Bühnen ein Heimatrecht
1751 1157 2948 1213 erworben und besonders in der Schilderung des Miliens
2266 1199 2960 1257 ArtbunSchnitzler darf mit
1758 1206 2233 1259 seine Hauptstärke hat.
1758 1230 2961 1290 den Komponisten seiner „Liebelei“ gewiß zufrieden sein. Es ist
1749 1284 2958 1335 geradezu erstaunlich, mit welcher Feinheit und Zartheit Neumann
1764 1329 2968 1367 dem Dichter gefolgt ist, wie er den Grundton der tragischen Liebelei
1755 1361 2961 1406 in Noten festzuhalten wußte und so die Einheitlichkeit auch in seiner
1760 1398 2954 1444 Oper wahrte. Die Anderungen und Kürzungen sind sehr geschickt er¬
1762 1428 2955 1489 folgt. Das Erfreulichste ist aber wohl, daß Neumann ein Erfindungs¬
2846 1473 2954 1519 Ein
1757 1482 2842 1520 genie — man darf diesen Ausdruck wirklich gebrauchen — ist.
1762 1504 2965 1569 reicher Born entströmt seiner musikalischen Begabung, befruchtet selbst
1767 1550 2964 1610 weniger wirksame Rollen des Schauspiels. Auch in technischer Be¬
1766 1579 2959 1645 ziehung zeigt sich schon der Meister. Die „Liebelei“ ist die Oper
1769 1629 2968 1675 eines Kapellmeisters, aber keine Kapellmeisteroper, unter der man
1759 1659 2962 1721 im allgemeinen eine tüchtige, durchaus korrekte, aber nicht befriedigende
1760 1703 2957 1760 Arbeit versteht. Wie schwer ist es zum Beispiel, den flotten Dialog,
1762 1755 2964 1801 der manchmal ganz Nebensächliches enthält, in musikalischen Fluß
1774 1782 2959 1837 zu bringen. Um nur gleich den Beginn der ersten Szene anzu¬
1767 1813 2966 1875 führen: Also es war niemand da? Nein, gnädiger Herr. — Den
1762 1867 2972 1913 Wagen könnten wir eigentlich wegschicken? Natürlich. —
1771 1905 2962 1958 Anfangs muteten diese musikalischen Gespräche etwas eigenartig an,
1764 1941 2968 1994 sie geraten auch leicht ins Monotone, weil es geradezu unmöglich
1764 1981 2971 2029 ist, stets hierfür Abwechslung zu finden. Doch das sind Bedenken,
1761 2014 2970 2064 die dem Ganzen nicht im mindesten Eintrag tun können. Die
1766 2044 2975 2117 lyrischen Partien sind prächtig geraten. Ein. Melodienreichtum, wie
1766 2093 2978 2145 er selten ist, durchzieht alle drei Akte und erinnert an Puccini. Zu
1770 2132 2975 2200 den schönsten Abschnitten müssen das lustige Abendessen, das Liebes¬
1762 2187 2973 2229 geständnis Christines im ersten Akt, der Abschied Fritzens
2314 2210 2970 2266 der tragische Schluß gerechnet
1763 2224 2296 2270 von der Geliebten und
1768 2252 2972 2300 werden. Dem Orchesterpart hat der Komponist begreiflicherweise
1775 2288 2972 2344 die größte Aufgabe gestellt. Die Instrumentation ist in allen Teilen
1764 2330 2971 2380 geschmackvoll und modern, ohne ins Übermoderne zu verfallen. Mit
1779 2363 2970 2428 Vorliebe wurden Harfenglissandi verwendet, wie überhaupt das
1781 2414 2976 2458 Weiche und Sentimentale ganz im Sinne der Dichtung vorherrscht.
1768 2442 2974 2496 Das Vorspiel zum 2. und 3. Akt verriet ein bedeutendes Können,
1782 2491 2965 2547 und der dramatische Abschluß der Liebelei erhebt sich auch im
1782 2533 2963 2578 musikalischen Teil zu imposanter Größe. Alles in allem: ein
1777 2568 2988 2617 höchst erfreuliches Werk, das sicher seinen Weg machen
1774 2604 2987 2659 dürfte, wenn die eine Hauptbedingung erfüllt wird: erst¬
2429 2637 2989 2695 Solopartien stellen große
1775 2645 2415 2694 klassige Besetzung, denn die
1775 2689 2983 2730 Anforderungen an den Einzelnen. Die Frankfurter Aufführung
1779 2713 2982 2771 war glänzend. Intendant Jensen hatte die Oper inszeniert und
1781 2764 2982 2807 einstudiert. Entzückende Bühnenbilder zeigten sich in den gemütlich
1779 2796 2983 2864 anheimelnden Stuben der Wiener Kleinbürger. Frl. Sellin gab
1786 2833 2992 2886 die bedeutendste Partie, die der Christine, mit Einsetzung
2129 2864 2989 2932 sympathisch wirkenden echten Künstlerschaft.
1788 2883 2092 2935 ihrer ganzen,
2737 2916 2986 2964 eine aus¬
2391 2905 2716 2966 Lobheimer bot
1774 2918 2382 2979 Herr Gentner als Fritz
1784 2959 2978 2999 gezeichnete Leistung. Sein Tenor entsaltete den vollen
1782 2997 2979 3043 Reiz, der ihm innewohnt. Als lustiger Freund Theodor
1775 3035 2987 3094 überraschte Herr Breitenfeld dessen Vielseitigkeit nicht genug
1780 3062 2984 3119 bewundert werden kann. Herr Schneider darf die Rolle des
1780 3086 2993 3170 Vaters Christinens zu seinen besten zählen. In den kleineren Partien
1786 3155 2984 3203 boten Frl. Doninger (als fesches Weauer Madl) und Frau
1772 3191 2979 3243 Wellig (Klatschbase Binder) sehr Erfreuliches. Im Orchester
1775 3219 2991 3278 arbeitet eine Ratsche, wenn die Alte plappert. So konnte es nicht
1777 3274 2992 3326 ausbleiben, daß der Erfolg des Werkes bedeutend war. Nach den
1775 3317 2990 3363 Aktschlüssen wurden der Komponist und die Darsteller
1778 3330 2986 3393 vielmals gerufen, und am Schluß mußte auch Arthur
1786 3393 2991 3447 Schnitzler, den man unter dem Publikum entdeckt hatte, wiederholt
1787 3421 2986 3476 erscheinen. Herrn Neumann, der sich großer Beliebtheit erfreut,
1792 3460 2990 3519 mag der Lorbeer, den man ihm heute abend in reichstem Maße
1796 3493 2997 3555 spendete — das ist ja nun einmal Mode geworden —, als Ansporn
1791 3522 2994 3582 dienen, als Komponist auf dem eben betretenen Wege weiterzu¬
1792 3574 2990 3639 schreiten, mit derselben Liebe und Hingebung, die er in sein Erst¬
1790 3617 2192 3675 lingswerk gesenkt hat.
1812 3643 3033 3721 Leipziger Operettenaufführungen. Leipzig, 18. September.
