3436 4256
331 216 641 294 iebele
233 222 1261 346 Liessler box 13//7
1610 832 1932 910 Mulg 400..
2260 842 2485 918 Mrut
1602 899 1737 936 — —
1825 883 2056 937 —.—
2298 901 2506 944 —.—
1601 924 2528 985 Der Fritz des Herrn Viebach, ihres Partners,
1236 922 1463 1005 N
567 920 1355 1037 #  Theater. # 1
1489 969 2530 1037 war mir nicht stei genug, zu sehr gebunden durch den
592 991 1502 1081 K —. „Liebelei“ ist eines von denjenigen Warten,
1504 1010 2525 1087 Gedanken au sein bevorstehendes tragisches Geschick
478 1054 1499 1127 die beseelt sind. Es besitzt für die heutige Zeit einen
1507 1069 2521 1131 und — durch eine merkliche Textunsicherheit. Herr
494 1103 1505 1173 ganz bestimmten tragischen Inhalt. Sobald es ausge¬
1504 1109 2531 1175 Wilhelmi spielte den alten Volinspieler Weiring,
498 1155 1493 1216 sprochen wird, taucht vor uns jene Geschichte auf, die
1504 1151 2520 1222 den Vater Christinens, der sein Kind nach echter
1505 1200 2521 1260 Wiener Art mit der Glut eines jungen Liebhahers
495 1205 1501 1266 sich tag=täglich wiederholt und dennoch immer wieder
488 1242 947 1322 unser Mitleld erregt:
1501 1255 2517 1318 gerne hat, mit erquickender Schlichtheit und einfacher,
1502 1299 2526 1363 naturvahrer Charakteristik. Auch die übrigen Darsteller
600 1287 1500 1370 Ein einfaches Mädchen kommi mit einem „jungen
1500 1345 2519 1403 paßken sich durchaus der vornehmen Stimmung dieses
464 1348 1506 1434 Herrn“ in Berührung; sie lernt ihn lieben, weil er
1511 1398 2527 1461 Schauspiels an; nur Frl. Gusti Richter drängte
488 1414 1502 1469 gar so hübsch und gescheit ist, und freundlicher als
1513 1438 2526 1494 sich mit ihren Wiener Modistinnenwitzen in so un¬
489 1461 1505 1527 alles, war sie bisher in ihrer gedrückten kleinbürger¬
1500 1483 2524 1553 angenehmer Weise vor, als wollte sie sich zur Haupt¬
483 1499 1501 1560 lichen Umgebung angetroffen hot. Ihr ganzes, von
1502 1532 2530 1620 person des Stückes machen, was ihr bei enem Teile
484 1545 1495 1612 Vater und Mutter und von ihr selbst sorgfältig ge.
1508 1583 2372 1639 des Publikums auch gelungen zu sein scheint.
480 1594 1506 1655 hütetes Herz git sie ihm, diesem „Engel“ aus einer
1592 1624 2517 1690 Da das Schnitzlerische Stück, trotz seiner drei
487 1635 1503 1702 andern, heiterern Sphäre ohne Bedenken hin. Er i#
1494 1671 2518 1739 Akte, für einen Theaterabend nicht ausreichte, mußte
479 1678 1500 1748 auch sehr lieb zu ihr, ihr herzlich zugetan, weiß eine
1507 1724 2515 1792 auch noch eine dramatische Plauderei von Oskar
486 1732 1494 1799 Menge liebenswürdiger Einfälle, mit denen er ihren
1497 1759 2513 1841 Blumenthal ausgeführt werden, die auf die Frage
479 1785 2532 1859 Frohsinn und ihr Vertrauen weckt, und ist von einer Antwort geben will: „Wann wir altern?“ „Wenn
485 1816 1508 1895 entzückenden Freigebigkeit gegen „die Kleine“. Bloß
1493 1865 2522 1926 ans die Frauen nicht mehr betrügen, sondern uns
473 1886 1497 1939 seine Zukunft will er ihr nicht schenken und macht sich
1505 1910 2521 1964 beichien, dann werden wir alt.“ Diese und ähnliche
477 1934 1495 1987 aus dem Staube, als er mit Erstauten wahrnimmt,
1498 1955 2519 2013 Feuilletonwitze der „Neuen Fr. Presse“ hat Blumenthal
481 1965 1497 2034 daß die zarte Mädchenseele sich schon mit all' ihren
1501 2001 2517 2066 in teils hochtrabende, teils Knittelverse gekleidet, um
480 2013 1493 2092 feinen Fasern an ihn geklammert hat und nicht mehr
1490 2053 2511 2118 sie sowohl dem anspruchsvollen als auch dem anspruchs¬
479 2058 923 2141 loszukommen vernag.
1491 2093 2527 2171 losen Publikum mundgerecht zu machen. Es langweilt
591 2102 2536 2198 Sie kann ihrem Liebhaber nicht folgen, wenn aber nichts so wie Verse ohne Inhalt; da ist inhalts¬
481 2162 1494 2242 sie sich nicht wegwverfen will; aber auch in die enge
1501 2183 2122 2268 leere Prosa noch Gold dagegen.
480 2226 1496 2295 Welt ihres Vaterhauses will sie sich nicht zurückbegeben
2028 2240 2130 2310 Malun
477 2255 1506 2336 weil dorthin zu wenig Sonne scheint. Und so wählt
480 2314 1278 2385 sie den noch düsterern Weg in den Tod.
588 2357 1526 2445 Mit dieser Geschichte deckt sich so ziemlich der
475 2403 1501 2478 Inhalt des Dramus „Liebelei“ von Artur
697 2468 1500 2518 das gestern bei uns aufgeführt wurde.
469 2485 1538 2581 nder im Dramz auch der Liebhaber des Mädchens
482 2560 1515 2611 in einem Duell mit dem Gatten einer Frau, mit der
470 2599 1513 2655 er ein zweites Verhältnis unterhalten hatte, den Tod,
467 2642 1518 2718 nach Analogie des untreuen, wilden Burschen in dem
468 2690 1517 2771 bekannten Go##eschen Balladenfragment, dem keine
489 2744 1510 2808 Ruhe und kein Glück mehr zuteil voird, nachdem er
476 2795 1522 2864 sein Liebchen gedankenlos verlassen har. Schnitzler hat
486 2850 1512 2898 also tin seinem Drama nicht viel Neues geschaffen,
472 2891 1507 2972 sondern bloß die Seele des Wortes „Liebelei“ meister¬
480 2936 800 3013 haft analysiert.
920 2949 1035 3008 S
592 2973 1506 3056 Bei der Aufführung konzentriert sich das Interesse
480 3051 1514 3096 des Zuschaners vollkommen auf das Liebespaar, sie
474 3091 1502 3163 und ihn. Wie durch magische Gewalt hält dieses junge
474 3142 1518 3212 Mädchen, Christine, mit ihrer großen, opferwilligen
477 3193 1510 3256 Liebe, die ihre Seele erfüllt, unsere Aufmerksamkeit,
487 3231 1507 3285 und Sympathie im Bann. Frl. Käthe Eulitz, die
471 3287 1512 3343 die Christine darstellte, faßte ihre olle mit Geist, zu
470 3326 1513 3404 viel Geist, auf. Und der Glanz, der die beliebte
478 3377 1445 3441 Schauspielermn an ihrei Benefizabend umgab —
484 3415 1510 3484 regnete Blumenspenden, Beifall und andere Geschenke —
483 3472 1511 3535 tänschte darüber hinweg, daß ihrer Christine gerade
481 3515 1509 3583 die Eigenschaft fehlte, die an diesen Gretchenrollen das
482 3559 1510 3635 Fesselnde ist: der Glaube an den Sieg der Unschuld;
485 3605 1519 3679 (Frl. Eulitz ist eine zu überlegene Natur, besitzt zu
495 3648 1503 3712 biel Ironie und wendet diese zu häufig an, als daß
495 3700 1516 3774 sie dem Publikum ein solches „Märchen“ glaubhäft
471 3755 846 3818 gestalten könnte.
986 3770 1081 3857 71000
3002 4107 3180 4176 se
