3484 4224
397 180 807 259 Liebelei
238 166 1395 296 5. Mesee box 10/8
3174 1037 3358 1124 10 bus
777 1040 1392 1134 —t Aeta fur sie begonn..
1504 1032 3000 1116 Alb gab es nie ein Feuschen, nie eine polnische Hadgleer irefentlichem Din.
560 1089 3334 1180 gelte es, jetzt, nach einem Zeitalter des schweren] Man entschloß sich zu dem, was dem Reiche noth= Regierung wird allgemach jenes
561 1176 3352 1207 Druckes, sich zu erholen und ein Werk nationaler! that, und gab nicht selten auch den Lorbeer der Volkspartei sein, und zwar meinen
564 1200 3358 1266 Wiedergeburt in Scene zu setzen. Was müßten da Volksthümlichkeit preis, um dem kategorischen Tactik ihrer Sprecher und Erwählt¬
2623 1255 3363 1310 Vorgehen der Wählerschaft. Kräftig
559 1247 2641 1316 erst die Deutschen sagen, wenn eine ihnen geneigte! Imperativ des Oesterreicherthums Rechnung zu
563 1295 3372 1364 Regierung am Ruder wäre, sie, die eben seit tragen. Die jetzt am Ruder befindlichen Majoritäts= begann sich in den Kreisen dieser le
2632 1407 3372 1459 Ausdrucke kommt, von den Deutschen v#
1609 1409 2647 1468 aber vom Wiener Theater erzählt. Wer Wilhelm Archer
604 1408 1604 1495 Unsere heutige Nummer umfast 68 Seiten und
2636 1449 3365 1507 dem Gemüthe erfaßt wurde, das hat die
1598 1453 2646 1511 ist? Der bernfenste Theaterkritiker Englands, dessen
562 1483 1382 1544 enthält im Inseratentheile nachstehende Texte:
2634 1497 3370 1550 liche Einbürgerung Shakespeare'sin Deutsh
1604 1503 2642 1576 Schriften geradezu eine Erziehung für Dichter, Schau¬
616 1496 1609 1595 Fortsetzung des Romans „Schloß Osterno“. Seite 17.
2642 1549 3368 1613 aber auch die Engländer das gleiche Verstän
1599 1546 2654 1615 spieler und Publicum bedeuten. Die schriftstellerische
618 1569 1212 1642 Gemüthliche Touristik. Seite 21.
2641 1595 3366 1648 Schriftthume jemals entgegenbringen,
1597 1598 2642 1653 Laufbahn Archer's fällt nicht nur zeitlich mit der Wieder¬
620 1617 1082 1676 Militärisches. Seite 25.
2632 1616 3375 1692 werden? In der Blüthezeit der deutschen
1609 1636 2644 1702 geburt des englischen Dramas zusammen. Ohne Archer
620 1664 1189 1740 Wiener Herbstmoden. Seite 33.
2644 1689 3370 1742 von einem sehr gelehrten, sehr ernsten M
1604 1687 2646 1750 sind Jones und Pinero nicht zu denken; beide Dichter
619 1713 1056 1779 Tagesbericht Seite 36.
2638 1738 3370 1792 gemacht, den Engländern Wieland, L#
1599 1739 2644 1813 hätten möglicherweise ohne ihn den Weg zum Ruhme
618 1737 1098 1813 Sport. Seite 49, 50, 51.
2633 1782 3369 1845 erschließen. William Taylor aus Norw
1595 1787 2633 1859 gefunden, vielleicht wäre „Die zweite Frau“ geschrieben
2636 1826 3361 1885 Leben dem schönen Ziele gewidmet
1593 1831 2645 1900 worden, auch wenn Archer nicht seine besten Kräfte dafür
2637 1870 3373 1937 erreicht. Sein Nachfolger Thomas Car
1609 1878 2647 1941 eingesetzt hätte, dem größten Bühnendichter der Gegen¬
898 1860 1298 1960 Feuilleton.
360 1867 754 2014 M
2636 1921 3379 1990 geringerem Verständniß viel mehr G#
1607 1928 2648 1991 wart in England Eingang zu verschaffen, aber daß ein
2639 1962 3378 2034 wortgewaltige Schotte, der durch Ver
1605 1976 2650 2034 Theaterdirector den Muth fand, das revolutionäre
755 1983 1422 2081 Wie uns Andere sehen.
1611 2021 3368 2074 Stück aufzuführen und daß er damit den größten Erfolg ziehung Stockpuritaner war, wie er
2631 2065 3374 2122 himmelung Oliver Cromwell's bewies, h
1605 2069 2650 2129 der letzten zehn Jahre erzielte, das ist Archer's Ver¬
646 2050 1600 2136 Das Laub fällt von den Bäumen... Die Winter¬
2638 2110 3385 2166 vielleicht zur Kunst überhaupt nicht de
1605 2115 2636 2168 dienst. Freilich wäre das noch nicht genug, um ihm
558 2091 1603 2195 dämmerung mit ihrer Schwermuth drückt in der Fremde
2626 2158 3383 2235 hältniß, und doch hat dieser Mann de
1604 2163 2646 2226 in deutschen Landen Beachtung zu verschaffen, denn das
561 2168 1613 2231 doppelt aufs Herz ... Das Heimweh ist fast eine physische
2636 2204 3379 2276 auch in England zum Bildungsdogma e
1600 2208 2638 2278 englische Theater ist immer noch eine Londoner Local¬
552 2214 1604 2271 Pein ... Ich fange an, das Exil der Alten zu verstehen
1608 2248 3372 2310 angelegenheit und noch lange nicht Weltliteratur. Was Einfluß Carlyle's ist rasch im Sinken
560 2255 1612 2318 Es ist ja Alles recht schön und gut; die Menschen könnten
1607 2292 3384 2366 Archer einem Deutschen so interessant macht, das ist die rasch wie das flüchtige Bedürfniß, das de
552 2305 1608 2367 nicht freundlicher sein, und die Dinge lassen sich befriedigend
2646 2345 3379 2403 zu studiren. Nach diesen abschreckenden
1609 2350 2647 2406 geschichtliche Gerechtigkeit, die er, vielleicht unbewußt, in
564 2362 1612 2411 an; ein Tag lehrt den andern, wie das alje gelehrte
2639 2376 3383 2457 sehr muthig von Archer, das junge Deut
1611 2394 2656 2461 seinem kritischen Amte übt. Archer ist auf dem besten
557 2397 1616 2446 Sprüchlein sagt; die Arbeit rückt vom Fleck. Aber es ist
2639 2440 3378 2500 dem aufmerksamen Studium der englis
1603 2444 2644 2503 Wege, das für die englische Bühne zu thun, was der
555 2442 1608 2508 Alles so nüchtern und schal — die Sinne nehmen Altes
2640 2475 3401 2556 zu empfehlen, noch dazu in einer Zeit, di
1611 2495 2639 2551 größte Kritiker, den die Welt je gehabt hat, für die
563 2496 1612 2563 und Neues auf, wie die durstige Erde einen langerwarteten
2636 2531 3379 2591 viel Neigung für Deutschland und die
1607 2534 2645 2590 deutsche Bühne gethan hat. Lessing hat den französischen
566 2540 1605 2592 Regen aufsaugt, aber es dringt nichts bis zum Gemüth.
2635 2572 3381 2649 finden dürfte. Und doch glaube ich, daß
1613 2587 2644 2648 Geist durch den englischen ausgetrieben. Archer versucht
570 2582 1608 2652 Man vergißt, was es heißt, sich seines Daseins zu freuen.
2635 2623 3378 2701 sein wird als Taylor und sein Landsm
554 2636 1610 2702 Die Pflicht ist eine vortreffliche Sache, die Arbeit sei ge¬
2642 2679 3385 2734 hat den Schönheitssinn, den Geschmack, d
1608 2654 2650 2745 zu bannen. Archer glaubt nicht an eine allgemein giltige
560 2674 1616 2754 priesen für und für, aber sie helfen einem nicht über das
2640 2722 3379 2783 die Vielseitigkeit, die jenen beiden Doln
1605 2731 2636 2784 ästhetische Regel, und es fällt ihm nicht ein, die französische
562 2731 934 2805 Heimweh hinweg.
2639 2773 3376 2848 Schriftthums abging — auch darin hat
1603 2771 2651 2834 Technik für unbedingt falsch, die deutsche für unbedingt
667 2750 1608 2835 Der heutige Nachmittag hat es beinahe gethan. Es
2637 2820 2957 2887 Lessing gemein.
1611 2819 2649 2881 richtig zu halten; aber er hat mit Lessing den Glauben
570 2823 1604 2882 war ein Stück Wien mitten in der steinernen Fremde,
2720 2844 3390 2922 Seit Jahren schon sehnte er sich dar
1600 2871 2649 2931 gemein, daß die deutsche Volksseele auf den gleichen
566 2872 1607 2924 ich habe das Lob Wiens aus fremdem, kritischem Munde
2639 2912 3375 2988 welt Wiens und Berlins, die er im E
1609 2912 2643 2971 Grundton gestimmt ist wie die englische. Daß das
567 2918 1598 2987 gehört. William Archer hat mir von seiner Reise nach
2634 2954 3380 3015 kannte, aus der Nähe zu sehen, wi
1604 2959 2642 3020 dramatische Ideal, vielleicht das literarische Ideal über¬
559 2972 1611 3031 Wien, von der heerlichen Ringstraße, von der entzückenden
1606 3014 3376 3093 haupt, wie es in den großen englischen Schriftstellern zum Berufsgeschäfte immer wieder zurückg
558 3010 1614 3093 Umgebung, von den großartigen Museen — vor Allem
