3484 4224
549 143 836 239 iebele
345 171 1470 275 5. L-1 box 10/3
1686 1104 2083 1178 Berliner Premièren
2445 1102 2604 1189 311
1178 1202 2606 1265 Pärchens, Theodors und Mizis und der innigen Christine, alles das ist
1189 1264 2602 1333 dramatisch packend und spannt unsere Erwartung auf die weitere Entwickelung.
1299 1333 2606 1407 Der ganze Zauber der sauberen Nettigkeit des freundlichen, idealisirten
1183 1381 2595 1459 Kleinbürgerthums umfängt uns im zweiten Akte. Wohl dem, der sich
1183 1445 2600 1505 daran zu erfreuen vermag. Von einzelnen Szenen erwähne ich nur die
1195 1502 2594 1580 zwischen Christine und Fritz. Die erstickende Todeshand liegt auf dem
1192 1557 2609 1644 jungen Glück; aber erst dadurch verwandelt sich die Liebelei bei Fritz in
1194 1618 2609 1699 Liebe. Das ist das Menschlichrührende, Schlichttragische; kein Pathos, keine
1198 1677 2608 1760 falsche Sentimentalität, nur naives Empfinden, welches im Getriebe der
1196 1739 1907 1822 Welt und Gesellschaft zertreten wird.
1302 1786 2613 1870 Eine Szene fehlt im zweiten Akt, ein Mangel, der vielleicht die selbst¬
1192 1841 2605 1932 erkenntnißreiche Klugheit des Autors beweist: die Aussprache zwischen Chri¬
1199 1917 2603 1993 stine und ihrem Vater. Wir haben uns dieselbe selbst auszudenken, sie liegt in der
1195 1981 2601 2047 Pause zwischen dem zweiten und dritten Akt. Das Fehlen ärgert mich fast,
1190 2052 2605 2102 denn ich glaube, Schnitzler wäre die Ausführung gelungen, und wir hätten
1193 2091 2611 2153 einen zweiten Höhepunkt des Dramas erhalten, der technisch sehr geschickt
1184 2153 2608 2228 gewesen wäre und zur Beleuchtung der Charaktere hätte verwendet werdenkönnen.
1312 2222 2599 2283 Im dritten Akt bat sich das Geschick erfüllt. Wir wissen es, wenn
1192 2263 2603 2325 der Vorhang aufgeht. Der Trost, den der alte Weiring Christinen spendet.
1192 2313 2623 2410 das Ausmalen einer resignirten und doch lebenskräftigen Zukunft, und dam
1192 2404 2609 2464 die Todesbotschaft und ihre Wirkung selber, das verräth in der Ausführung
1197 2444 1703 2518 wieder den echten Dichter.
1316 2485 2604 2577 „Liebelei“ ist nicht nur eine feine dichterische Arbeit, es ist auch ein
1197 2559 2605 2628 bühnenwirksames Stück. Das beruht zum Theil auf dem zweiten Pärchen,
1205 2620 2588 2684 welches mit seiner Tändelei lustige Amorettenketten um den Ernst schlingt.
1311 2674 2620 2776 Auch in der Charakterzeichnung finden wir fast immer die sichere
1195 2736 1808 2818 Hand eines gereiften Künstlers.
1299 2786 2606 2878 Die Charaktere sind so einfach als wahr. Christine, in der schlichten
1191 2922 2595 2988 tout cas-Mädel, mit gutem Herzen; der alte Weiring, ein Vater, so lebens¬
1204 2969 2612 3038 erfahren, so mild und gut in seiner einfachen Größe; die Bindern, die liebe
1196 3044 2604 3119 Frau Nachbarin, mit der Pharisäermoral; — nur Fritz Lobheimers Charak¬
1193 3100 2601 3171 teristik sagt mir nicht zu. Der Dichter hat ihn sicher so gewollt, und das
1195 3145 2609 3214 Stück wäre verändert, wenn Fritz etwas älter wäre, wenn er mehr Ueber¬
1205 3212 2613 3273 legenheit, Erfahrung und Willensstärke besäße. Die Handlung, der Konflikt
1199 3279 2622 3348 würde aber dadurch vertieft und veredelt werden, und durchaus nur zum
1199 3323 1643 3411 Vortheil der Dichtung.
