3248 4320
431 171 816 255 Liebelei
964 173 1415 264 box 10/1
268 181 950 304 5. L EESEA
695 878 1269 960 scon Neer Wrl. 4uu.. „
228 889 674 972 Gane „  g
1717 900 2773 998 Barons Chlumecky. Ist es denn denkbar, daß in
684 941 1716 1005 Stütze, welche die Deutschliberalen noch vor zwei
188 937 667 1019 die Ohren stecken und
1725 981 2760 1050 dem Augenblicke, in welchem sich die deutsch¬
695 989 1713 1053 Jahren in der Arbeiterbevölkerung infolge einer
196 1001 675 1064 dem großen Umwand¬
1720 1025 2756 1089 liberale Partei, zwar in beklagenswerther Selbst¬
691 1043 1711 1124 Uebereinstimmung wenigstens auf dem Gebiete
191 1050 670 1120 ger der Deutschen so
1725 1073 2761 1133 beschämung, aber doch auch wieder in hellem Auf¬
692 1090 1722 1150 der Freisinnigkeit finden konnten, brachen sie
215 1093 682 1163 sie selbst entwurzelt
683 1137 2769 1202 mit der leichtfertigen Ablehnung der Taaffe'schen! flackern ihrer einstigen großen Ueberzeugungen und
213 1141 684 1209 Bewegung präparirt
1728 1219 2761 1291 Darstellerin der Anna mit dieser Scene erzielte,
680 1233 1721 1304 steigert. Das Problem, das sich Giäcosa gestellt
1724 1271 2765 1341 dankt sie ebenso sehr Herrn Hartmann, als sich
684 1291 1717 1351 hat, deutet auf Ibsen'sche Auregüngen. Eine
193 1265 458 1393 eton.
1729 1315 2760 1390 selbst. Herr Hartmann zwang das Publicum
693 1340 1716 1403 Frau liebt einen Freund ihres Gatten; seine
1708 1361 2760 1434 durch sein ergreifendes Spiel, auch mit dem Gatten
694 1389 1724 1451 Leidenschaft hat sie aus Pflicht zurückgewiesen. Der
1727 1410 2759 1493 zu fühlen, den der Dichter in Nachtheil gesetzt hat,
181 1413 331 1500 ater.
692 1437 1720 1495 Freund hat sich aus Verzweiflung erschossen. Anna,
1727 1471 2762 1529 und so erst entstand die Grundbedingung tragischer
677 1487 1712 1542 eine ehrliche und energische Natur, macht den ver¬
193 1465 675 1558 ppe Giacosa's, welches
1721 1511 2773 1577 Wirkung: daß Recht gegen Recht steht. Es ist
681 1527 1721 1599 zweifelten Versuch, ihren Schmerz und ihre Liebe
197 1546 673 1604 Premièren=Abend des
1728 1550 2771 1629 Herrn Hartmann's Verdienst, daß der Titel des
680 1577 1721 1639 schweigend in sich durchzukämpfen; vielleicht würde
204 1577 676 1649 das Werk eines geist¬
1727 1615 2763 1697 Stückes „Rechte der Seele“ auch dem Manne zu
685 1622 1718 1684 sie, wenn kein Eingriff den Proceß ihres Innern
230 1627 671 1703 Kopfes. Der Ver¬
1728 1663 2024 1743 Gute kommt.
680 1679 1723 1731 stört, eines Tages wieder das Weib ihres Gatten
227 1672 676 1749 ausgedacht und ihn
1817 1678 2773 1774 Nach Giacosa's Drama wurde Arthur Schnitz¬
680 1720 1721 1791 sein können. Unglücklicher Weise erfährt aber dieser
191 1731 673 1797 gekleidet“ haben, wie
1726 1747 2775 1820 ler's Schauspiel „Liebelei“ aufgeführt. Das Publi¬
681 1750 1725 1828 Alles aus den Briefen Anna's, die er im Nachlasse
257 1774 672 1858 Das Stück macht
212 1785 276 1841 .
1738 1801 2763 1869 cum fühlte sich vielfach befremdet, ja verletzt, bis
679 1812 1727 1889 des Freundes vorfindet. Seine Frau ist ihm treu
199 1820 674 1892 Experimentes, welches
1733 1848 2771 1920 weilen interessirt, belustigt, gerührt. Ein einheit¬
683 1863 1731 1935 geblieben, doch vielleicht nicht aus Lieb;, sondern
193 1874 675 1943 tor unter scharfsinnig
1727 1886 2773 1966 licher Eindruck blieb aus. Das Publicum wußte
681 1912 1717 1973 nur aus Pflicht. Von diesem Verdacht bis zür
191 1917 678 1993 rnimmt, als den eines
1729 1944 2760 2009 nicht recht, wie es sich verhalten solle. Man ap¬
679 1964 1728 2041 Besinnungslosigkeit gemartert, fordert er von ihr,
201 1968 672 2043 Dichter nicht macht,
1731 1990 2780 2078 plaudirte und zischte. Alles Symptome, durch
682 2010 1727 2076 die ihr Geheimniß flehend vor ihm bergen möchte,
226 2015 674 2087 Wirkung thut dies
1744 2044 2766 2107 welche sich ein eigenthümliches Talent ankündigt.
686 2061 1722 2122 wie eine werdende Leibesfrucht, Rechenschaft über
192 2061 679 2139 theil. Die starke Theil¬
1729 2087 2770 2156 Auch für den Kritiker ist es keine leichte Sache,
687 2106 1733 2185 die Vorgänge in ihrer innersten Seele. Damit
188 2117 678 2182 klischen Krämpfe und
1736 2141 2775 2216 den Eindruck, denn dieses Schauspiel gemacht hat,
693 2150 1728 2225 greift er gewaltthätig in ihr Selbst, in das Recht
190 2155 683 2233 benden und fühlenden
1734 2183 2775 2266 auszulegen und zu begründen. Man kennt die
684 2202 1730 2279 ihrer Persönlichkeit. Da erfolgt die Explosion.
195 2212 674 2273 verbindet sich mit der
1729 2233 2780 2301 wunderliche Naturerscheinung der sogenannten
687 2253 1720 2317 Alles Niedergehaltene, Zusammengepreßte in Anna,
191 2269 678 2328 s Experiments zu einer
1730 2286 2781 2347 Mimicry. Sie beruht nach der Begriffsbestimmung
687 2301 1722 2372 ihr Schmerz, ihre Liebe für den Todten, ihr Haß
186 2313 689 2383 terung. Wohl bleiben
1743 2345 2773 2396 eines berühmten Zoologen „darauf, daß gewisse
689 2356 1732 2416 gegen den ungeliebten Mann, der sie besitzt, die
201 2367 670 2425 Wie bei einer geo¬
1735 2387 2786 2451 Thierformen anderen sehr verbreiteten Arten in
690 2394 1724 2463 „Reue ihrer Tugend“, Alles bricht, wie Gottes
189 2403 678 2477 Situation eine gegebene,
1734 2425 2772 2496 Form und Färbung zum Verwechseln ähnlich
681 2431 1729 2522 Feuer aus einem entweihten Heiligthum, wider
190 2462 687 2526 nen scheinen daher kein
1742 2475 2778 2564 sehen, als wenn sie dieselben copirt hätten.“ So
684 2494 1725 2566 den Gatten los. Erbarmungslos zerschneidet sie,
227 2507 678 2568 Doch darüber hilft
1745 2539 2780 2610 existirt ein Schmetterling, der genau einer Wespe
683 2546 1726 2609 die bisher ganz mitleidige, selbstverleugnende Dul¬
179 2547 682 2624 ikunst Giacosa's hinweg,
1745 2572 2773 2647 gleicht. Auch auf dem Gebiete der Kunst kommt
678 2592 1737 2648 derin war, das Band, das sie noch mit ihrem
193 2602 688 2672 h lebhaft erregt und
1730 2613 2802 2717 Aehnliches vor. Arthur Schnitzler's Schauspiel ist
198 2637 1733 2728 bis zum höchsten Grade Manne verknüpft. Die tiefe Wirkung, welche die
265 2956 333 3049 e
1289 2844 1869 3066 Ik. J0. 7/1
642 2873 1174 3080 Pann
306 2857 692 3127 4
