3484 4256
292 163 702 237 Liebelei
272 222 709 268 e e e aele
836 168 1282 259 box 12/8
1768 171 1851 247 4
2140 179 2513 267 Lagen lapten
1787 222 2894 308 Aesgieueg Aeub die um opide motgen¬
1760 297 2895 393 geis sleldstn goben gulauge ung erposehspren
2405 389 2557 448 A00
1875 391 2358 456 Wit guehwag:g
2497 433 2908 527 A 30
1775 437 2449 544 *Kambjerss Lopligger
1953 518 2186 600 gerre
1926 554 2473 652 2410
2136 683 2262 740 —
2143 691 2403 799 S
2021 773 2202 832 S
2294 833 2848 951 eichlengeng!
1841 855 2309 965 ECANA M
2532 899 2841 979 Eieneug ung
1850 924 2116 993 Ztspll aug
2280 924 2475 995 5
1689 1004 2893 1110 X Gastspiel Lotte Medelsly. Als Christine in 8113165
1710 1083 2639 1154 Schnitzlers „Liebelei“ bot Lotte Medelsky
1707 1127 2639 1175 vom Wiener Burgtheater vorgestern im Neuen
1715 1173 2633 1237 Deutschen Theater eine bezwingend schlichte, sorg¬
2647 1192 2930 1274 nan! #0
1716 1224 2632 1276 sam durchdachte und mit Enster Natürlichkeit ge¬
1711 1252 2933 1347 staltete Leistung. hat# mik kürzlich anläßlich der ##dei 116191
1713 1303 2636 1364 trefflichen Aufführlu de Schauspiels in der Klei¬
1708 1358 2634 1423 nen Bühne Gelchenheit Fräulein Rainers Auf¬
1712 1405 2644 1460 fassung dieser ##le guguheißen, so erwies Frau
1714 1453 2640 1504 Medelskys Art der Wievergabe als nicht minder
1717 1489 2639 1550 überzeugend und es bestätigte sich die Erfahrung,
1705 1539 2640 1597 daß, bei übereinstimmender Auffassung der Grund¬
1705 1580 2634 1634 züge, eine Rolle mannigfache Ausdeutungen zuläßt,
1713 1617 2637 1685 die durch Temperament und Charakter des Darstel¬
1712 1671 2651 1717 lers, gelegentlich auch durch physiologische Momente
1706 1713 2648 1777 bedingt werden. Die Christine der Frau Medelsky
1709 1766 2647 1831 ist ganz auf Stille und Einfachheit gestimmt. Der
1710 1799 2649 1864 Glanz, den sie ausstrahlt, kommt von innen her, aus
1715 1856 2642 1909 einem Herzen, das schon nahe daran war, das lange
1705 1898 2647 1958 Hoffen auf Liebesglück zu verlernen, aus dem Her¬
1712 1921 2650 1995 zen eines sanften ernsten Mädchens aus dem Volke,
1715 1988 2642 2050 das bereits Frau ist, reifes schmerzbereites Weib.
1718 2032 2639 2088 Fräulein Rainers Christine stand nicht als durch¬
1715 2079 2653 2124 aus dorthin gehörig in ihrem kleinbürgerlichen Um¬
1712 2116 2647 2189 kreis. Der Glanz, der von ihr ausging, kam nicht
1700 2169 2659 2235 aus lange zurückgedämmtem Sehnen und Hoffen
1715 2212 2640 2276 her, es war der Glanz jugendlicher Sinnlichkeit,
1702 2258 2650 2325 ausstrahlend von innen und außen her. Fräulein
1706 2304 2636 2369 Rainer spielte impulsiv, leidenschaftlich heiß, ihre
1707 2337 2634 2402 Christine liebte zum ersten Male, unbedingt, stür¬
1717 2392 2641 2440 misch, mit Herz und Sinnen. Ihre Schmerzaus¬
1703 2415 2648 2498 brüche in der Schlußszene waren volle, noch immer
1698 2478 2639 2542 lebenssatte Schreie der Sehnsucht nach Liebe. Frau
1712 2530 2644 2597 Medelsky gestaltete Tieferes, auch ihre Christine
1709 2565 2638 2617 liabte zum ersten Mal, aber man fühlte, daß diese
1706 2608 2640 2680 Liebe den Todeskeim in sich barg, daß sie, selbst wenn
1716 2655 2642 2720 das Mädchen die Nachricht von des Geliebten Tod
1717 2700 2641 2760 überlebt haben würde, unbedingt zur Selbstvernich¬
1708 2752 2635 2813 tung führen mußte. Still, fast unbemerkt, ging diese
1710 2793 2651 2856 Christine ihrem Frauenschicksal entgegen. Frau
1710 2841 2640 2895 Medelsky sparte sich die gewaltigen Töne des Schmer¬
1715 2888 2641 2947 zes für die letzten Worte auf, für diese unvergeßliche,
1716 2934 2635 2979 meisterhaft aufgebaute Sze.#e, wo, anders als bei
1724 2977 2636 3034 Fräulein Rainer, aller Kummer und leidenschaft¬
1708 3013 2650 3084 licher Stolz in grauenvol gedämpftem Flüstern,
1708 3066 2650 3133 in selbstzerstörenden Zuckungen sich mühsam den Weg
1703 3115 2687 3179 bahnte, bis der volle Schrei des längst beschlossenen!U
1701 3151 2638 3223 Entschlusses hindurchbrach, zu Tränen erschüt¬
1717 3200 2701 3263 ternd... Erst später wurde man sich der gewaltigen!
1713 3234 2636 3305 Künstlerschaft bewußt, die, mit technischer Meister¬
1711 3284 2705 3358 schaft verbunden, die Wirkung höchster Natürlichkeit!
1719 3339 2635 3399 erzielt hatte. Drei Rollen waren neu besetzt: nach
2634 3357 2695 3415 2
2634 3391 2672 3444 7
1704 3382 2624 3441 Herrn Thaller spielte Herr Fischer den alten Wei¬
1700 3426 2706 3483 ringer, nach Herrn Schütz Herr Kramer den fremoen! I
1708 3470 2651 3532 Herrn, und nach Herrn Hörbiger Herr Huttig den
1708 3510 2703 3572 jungen Theodor Kaiser. Alle drei bewältigten ihre!
1700 3552 2652 3628 Rollen mehr von der technischen Seite her und
1714 3607 2643 3672 blieben in menschlicher Hinsicht Canches schuldig.
1702 3658 2676 3728 Dies wurde namentlich angesichts der innigen Mensch=
1714 3697 2635 3757 lichkeit Frau Medelskys fühlbar. Neben diesem Gast
1710 3728 2651 3818 hätten sich die früheren Darsteller wohl besser be¬
1716 3790 1877 3855 hauptet.
1778 3810 2670 3906 X Grete Wittels vom Darmstädter Laugf
1703 3878 2645 3937 destheater gastierte gestern in einer Wieder##¬
1702 3935 2641 3983 lung des Kaiser'schen Nachtstückes „Der Branz im
1705 3973 1862 4045 Oper“
1967 3980 2633 4033 's Sylvette. Die Darstellerinflegte
2085 4022 2612 4092 #elle —. eine der komplizse¬
2236 4058 2429 4125 # Dr
2253 4088 2300 4131 7
