<?xml version="1.0" encoding="UTF-8" standalone="yes"?>
<PcGts xmlns="http://schema.primaresearch.org/PAGE/gts/pagecontent/2013-07-15" xmlns:xsi="http://www.w3.org/2001/XMLSchema-instance" xsi:schemaLocation="http://schema.primaresearch.org/PAGE/gts/pagecontent/2013-07-15 http://schema.primaresearch.org/PAGE/gts/pagecontent/2013-07-15/pagecontent.xsd">
    <Metadata>
        <Creator>prov=University of Rostock/Institute of Mathematics/CITlab/Gundram Leifert/gundram.leifert@uni-rostock.de:name=ONB_Newseye_GT_M1+(htr_id=10810)::::v=2.4.2
prov=University of Rostock/Institute of Mathematics/CITlab/Tobias Gruening/tobias.gruening@uni-rostock.de:name=de.uros.citlab.module.baseline2polygon.B2PSeamMultiOriented:v=2.4.2
prov=University of Rostock/Institute of Mathematics/CITlab/Tobias Gruening/tobias.gruening@uni-rostock.de:name=/mnt/transkribus/LA/DEA/URO/LA_news_onb_att.pb:de.uros.citlab.segmentation.CITlab_LA_ML:v=2.4.2
Transkribus</Creator>
        <Created>2019-10-07T11:49:45.843+02:00</Created>
        <LastChange>2019-10-09T00:31:57.695+02:00</LastChange>
        <TranskribusMetadata docId="223992" pageId="9506739" pageNr="187" tsid="16617725" status="IN_PROGRESS" userId="40391" imgUrl="https://files.transkribus.eu/Get?id=HYWPFYAFLSSWAHFXRODESNVG&amp;fileType=view" xmlUrl="https://files.transkribus.eu/Get?id=GOALIPMVAPSIBEMYTMTUZDSV" imageId="6196660"/>
    </Metadata>
    <Page imageFilename="223992_0187.jpeg" imageWidth="3436" imageHeight="4224">
        <ReadingOrder>
            <OrderedGroup id="ro_1711445708170" caption="Regions reading order">
                <RegionRefIndexed index="0" regionRef="r1"/>
                <RegionRefIndexed index="1" regionRef="r2"/>
                <RegionRefIndexed index="2" regionRef="r3"/>
                <RegionRefIndexed index="3" regionRef="r4"/>
                <RegionRefIndexed index="4" regionRef="r5"/>
            </OrderedGroup>
        </ReadingOrder>
        <TextRegion orientation="0.0" id="r1" custom="readingOrder {index:0;}">
            <Coords points="246,86 246,3564 1498,3564 1498,86"/>
            <TextLine id="r1l1" custom="readingOrder {index:0;}">
                <Coords points="455,120 796,122 796,45 701,75 658,51 615,75 549,50 519,65 455,53"/>
                <Baseline points="463,108 488,109 513,110 538,110 563,110 588,110 613,110 638,110 663,109 688,109 713,110 738,110 763,111 788,112"/>
                <TextEquiv>
                    <Unicode>iebelei</Unicode>
                </TextEquiv>
            </TextLine>
            <TextLine id="r1l2" custom="readingOrder {index:1;}">
                <Coords points="238,107 410,153 777,162 888,120 1373,120 1372,51 1304,47 968,49 884,102 679,118 476,115 416,57 237,65"/>
                <Baseline points="246,106 304,116 363,124 422,129 481,133 540,136 599,136 658,136 717,135 776,133 834,130 893,128 952,125 1011,122 1070,119 1129,117 1188,116 1247,116 1306,117 1365,119"/>
                <TextEquiv>
                    <Unicode>5. L box 10/3</Unicode>
                </TextEquiv>
            </TextLine>
            <TextLine id="r1l3" custom="readingOrder {index:2;}">
                <Coords points="358,811 1375,838 1469,827 1470,750 358,740"/>
                <Baseline points="366,802 420,803 475,804 530,805 585,806 639,807 694,808 749,809 804,810 858,810 913,811 968,812 1023,812 1077,812 1132,813 1187,813 1242,813 1296,813 1351,813 1406,813 1461,813"/>
                <TextEquiv>
                    <Unicode>Max Karfunkel's Nachrichten-Bureau, Argus“</Unicode>
                </TextEquiv>
            </TextLine>
            <TextLine id="r1l4" custom="readingOrder {index:3;}">
                <Coords points="429,878 1262,908 1408,888 1409,835 429,829"/>
                <Baseline points="436,867 484,868 532,869 580,870 629,871 677,872 725,873 773,873 822,874 870,874 918,875 966,875 1015,876 1063,876 1111,876 1159,877 1208,877 1256,877 1304,877 1352,878 1401,878"/>
                <TextEquiv>
                    <Unicode>Berlin C., Poststrasse 29. Telephon V, 1227.</Unicode>
                </TextEquiv>
            </TextLine>
            <TextLine id="r1l5" custom="readingOrder {index:4;}">
                <Coords points="460,941 474,937 509,964 529,955 546,964 575,961 586,952 625,958 645,946 681,958 683,910 603,905 589,892 564,898 539,883 504,898 462,892"/>
                <Baseline points="468,934 493,934 519,935 545,936 571,937 596,937 622,938 648,938 674,938"/>
                <TextEquiv>
                    <Unicode>London.</Unicode>
                </TextEquiv>
            </TextLine>
            <TextLine id="r1l6" custom="readingOrder {index:5;}">
                <Coords points="1214,962 1251,966 1276,952 1297,963 1334,963 1368,947 1388,949 1389,900 1368,896 1342,904 1328,896 1301,914 1275,901 1261,908 1231,895 1215,901"/>
                <Baseline points="1222,941 1248,941 1274,941 1301,942 1327,943 1353,944 1380,945"/>
                <TextEquiv>
                    <Unicode>Paris.</Unicode>
                </TextEquiv>
            </TextLine>
            <TextLine id="r1l7" custom="readingOrder {index:6;}">
                <Coords points="809,971 849,955 898,972 943,968 962,952 1046,956 1109,928 1137,944 1138,915 1097,903 1061,914 1042,903 995,911 942,897 894,911 811,883"/>
                <Baseline points="818,940 844,940 870,940 896,940 922,940 948,940 974,941 1000,941 1026,942 1052,943 1078,945 1104,947 1130,951"/>
                <TextEquiv>
                    <Unicode>Neu.-York.</Unicode>
                </TextEquiv>
            </TextLine>
            <TextLine id="r1l8" custom="readingOrder {index:7;}">
                <Coords points="371,1003 1492,1014 1411,958 1358,987 587,951 371,986"/>
                <Baseline points="378,999 433,1000 488,1001 543,1001 599,1002 654,1002 709,1003 765,1004 820,1004 875,1005 931,1005 986,1006 1041,1006 1096,1006 1152,1007 1207,1007 1262,1008 1318,1008 1373,1009 1428,1009 1484,1009"/>
                <TextEquiv>
                    <Unicode>(Liest alle Zeitungen der Welt und liefert aus denselben</Unicode>
                </TextEquiv>
            </TextLine>
            <TextLine id="r1l9" custom="readingOrder {index:8;}">
                <Coords points="562,1042 773,1078 873,1059 977,1081 1028,1052 1214,1080 1260,1064 1261,1012 563,1016"/>
                <Baseline points="570,1043 604,1042 638,1042 672,1042 706,1042 740,1043 774,1043 809,1044 843,1044 877,1045 911,1046 945,1046 979,1047 1013,1047 1048,1048 1082,1048 1116,1049 1150,1049 1184,1048 1218,1048 1253,1048"/>
                <TextEquiv>
                    <Unicode>Ausschnitte #ber joden Gegenstand.)</Unicode>
                </TextEquiv>
            </TextLine>
            <TextLine id="r1l10" custom="readingOrder {index:9;}">
                <Coords points="787,1218 813,1221 830,1240 853,1241 876,1228 926,1261 949,1248 966,1261 983,1253 1004,1270 1033,1273 1043,1191 1029,1191 995,1163 932,1156 906,1172 859,1147 824,1159 796,1146"/>
                <Baseline points="796,1211 822,1213 848,1216 874,1220 900,1224 926,1228 952,1231 978,1233 1004,1235 1030,1234"/>
                <TextEquiv>
                    <Unicode>A </Unicode>
                </TextEquiv>
            </TextLine>
            <TextLine id="r1l11" custom="readingOrder {index:10;}">
                <Coords points="655,1381 702,1394 749,1373 791,1399 863,1399 894,1382 952,1408 1061,1397 1106,1369 1037,1332 955,1336 938,1316 854,1326 695,1303 659,1315"/>
                <Baseline points="664,1368 689,1368 714,1369 740,1370 765,1372 791,1373 816,1375 841,1377 867,1379 892,1381 918,1383 943,1384 968,1386 994,1388 1019,1390 1045,1391 1070,1392 1096,1393"/>
                <TextEquiv>
                    <Unicode>Müchen.</Unicode>
                </TextEquiv>
            </TextLine>
            <TextLine id="r1l12" custom="readingOrder {index:11;}">
                <Coords points="748,1693 768,1687 818,1709 855,1697 877,1712 943,1686 954,1694 971,1678 1034,1695 1058,1673 1095,1674 1096,1635 1083,1640 1055,1611 999,1591 958,1605 914,1584 899,1593 838,1560 818,1573 752,1570"/>
                <Baseline points="756,1679 781,1679 806,1680 832,1680 857,1681 883,1682 908,1682 934,1683 959,1684 985,1685 1010,1686 1036,1686 1061,1688 1087,1688"/>
                <TextEquiv>
                    <Unicode>Ge FEB. 96</Unicode>
                </TextEquiv>
            </TextLine>
            <TextLine id="r1l13" custom="readingOrder {index:12;}">
                <Coords points="326,2197 352,2205 372,2200 382,2208 429,2195 452,2215 506,2217 522,2206 538,2212 538,2180 516,2170 496,2171 487,2161 447,2171 419,2160 410,2168 385,2160 359,2174 325,2162"/>
                <Baseline points="334,2204 362,2201 390,2200 418,2199 446,2199 474,2200 502,2201 530,2202"/>
                <TextEquiv>
                    <Unicode>15·0 C</Unicode>
                </TextEquiv>
            </TextLine>
            <TextLine id="r1l14" custom="readingOrder {index:13;}">
                <Coords points="401,2258 1459,2268 1494,2209 666,2220 597,2174 508,2214 402,2198"/>
                <Baseline points="409,2226 462,2230 516,2233 570,2235 624,2238 678,2240 731,2241 785,2243 839,2244 893,2245 947,2246 1000,2246 1054,2247 1108,2247 1162,2247 1216,2247 1269,2248 1323,2248 1377,2248 1431,2249 1485,2250"/>
                <TextEquiv>
                    <Unicode> Berlin, 4. Fehr. Wie am Wiener Burgtheater, so hat</Unicode>
                </TextEquiv>
            </TextLine>
            <TextLine id="r1l15" custom="readingOrder {index:14;}">
                <Coords points="314,2276 1499,2303 1499,2263 1441,2255 314,2247"/>
                <Baseline points="322,2277 380,2279 438,2281 497,2283 555,2284 614,2285 672,2286 731,2287 789,2288 848,2288 906,2289 964,2289 1023,2289 1081,2289 1140,2290 1198,2290 1257,2290 1315,2290 1374,2291 1432,2291 1491,2292"/>
                <TextEquiv>
                    <Unicode>Anun auch am hiesigen „Deutschen Theater“ Arthur Schnitz¬</Unicode>
                </TextEquiv>
            </TextLine>
            <TextLine id="r1l16" custom="readingOrder {index:15;}">
                <Coords points="324,2331 1409,2351 1506,2347 1507,2306 324,2294"/>
                <Baseline points="332,2321 390,2323 448,2324 506,2326 565,2327 623,2328 681,2329 740,2330 798,2331 856,2332 915,2332 973,2333 1031,2333 1089,2333 1148,2334 1206,2334 1264,2334 1323,2334 1381,2334 1439,2335 1498,2335"/>
                <TextEquiv>
                    <Unicode>lers kleine tragische Herzensgeschichte „Liebelei“ einen vollen</Unicode>
                </TextEquiv>
            </TextLine>
            <TextLine id="r1l17" custom="readingOrder {index:16;}">
                <Coords points="333,2364 1495,2375 1482,2339 333,2329"/>
                <Baseline points="341,2364 398,2366 455,2367 513,2369 570,2370 627,2371 685,2373 742,2374 799,2375 857,2376 914,2377 971,2377 1029,2378 1086,2378 1143,2379 1201,2379 1258,2379 1315,2379 1373,2379 1430,2379 1488,2378"/>
                <TextEquiv>
                    <Unicode>Erfolg gefunden. Heute Abend war die Premiere und sah das bei</Unicode>
                </TextEquiv>
            </TextLine>
            <TextLine id="r1l18" custom="readingOrder {index:17;}">
                <Coords points="334,2416 1451,2438 1486,2377 334,2378"/>
                <Baseline points="341,2408 397,2409 454,2410 511,2411 568,2413 625,2414 681,2415 738,2416 795,2417 852,2418 909,2419 965,2420 1022,2421 1079,2422 1136,2423 1193,2423 1249,2423 1306,2424 1363,2424 1420,2424 1477,2424"/>
                <TextEquiv>
                    <Unicode>uns seltele Schauspiel eines vollen einmüthigen Hauses, das bald</Unicode>
                </TextEquiv>
            </TextLine>
            <TextLine id="r1l19" custom="readingOrder {index:18;}">
                <Coords points="330,2458 1491,2478 1482,2423 331,2415"/>
                <Baseline points="338,2451 395,2452 452,2454 509,2455 567,2455 624,2457 681,2458 739,2459 796,2460 853,2461 911,2462 968,2462 1025,2463 1082,2464 1140,2464 1197,2465 1254,2465 1312,2465 1369,2466 1426,2466 1484,2465"/>
                <TextEquiv>
                    <Unicode>heiter angemuthet, bald sanft gerührt, in gewissen Momenten sogar</Unicode>
                </TextEquiv>
            </TextLine>
            <TextLine id="r1l20" custom="readingOrder {index:19;}">
                <Coords points="332,2504 1393,2525 1493,2515 1494,2473 333,2465"/>
                <Baseline points="340,2495 397,2496 454,2496 511,2497 569,2498 626,2500 683,2501 740,2502 798,2503 855,2504 912,2505 969,2506 1027,2506 1084,2507 1141,2507 1198,2507 1256,2507 1313,2507 1370,2506 1427,2506 1485,2504"/>
                <TextEquiv>
                    <Unicode>ergriften war Arthur Schnitzler wurde nach jedem der drei kurzen</Unicode>
                </TextEquiv>
            </TextLine>
            <TextLine id="r1l21" custom="readingOrder {index:20;}">
                <Coords points="325,2542 1492,2556 1474,2510 325,2505"/>
                <Baseline points="332,2539 389,2538 447,2538 504,2538 562,2539 620,2539 677,2540 735,2541 793,2542 850,2543 908,2545 966,2546 1023,2547 1081,2548 1139,2549 1196,2550 1254,2550 1312,2550 1369,2550 1427,2550 1485,2549"/>
                <TextEquiv>
                    <Unicode>Acte mehlfach herausgerufen. Inwieweit die Momente der Er¬</Unicode>
                </TextEquiv>
            </TextLine>
            <TextLine id="r1l22" custom="readingOrder {index:21;}">
                <Coords points="320,2590 1492,2598 1399,2553 321,2541"/>
                <Baseline points="328,2583 385,2583 443,2583 501,2583 559,2584 617,2584 675,2585 732,2586 790,2587 848,2588 906,2589 964,2590 1022,2591 1080,2592 1137,2592 1195,2593 1253,2594 1311,2594 1369,2594 1427,2594 1485,2593"/>
                <TextEquiv>
                    <Unicode>griffenheit dem Dichter, inwieweit sie Agnes Sorma, der Dar¬</Unicode>
                </TextEquiv>
            </TextLine>
            <TextLine id="r1l23" custom="readingOrder {index:22;}">
                <Coords points="321,2622 1499,2632 1469,2594 322,2585"/>
                <Baseline points="329,2626 387,2626 445,2626 503,2626 561,2626 619,2627 677,2628 735,2629 793,2630 851,2631 910,2633 968,2634 1026,2635 1084,2635 1142,2636 1200,2637 1258,2637 1316,2637 1374,2636 1432,2635 1491,2634"/>
                <TextEquiv>
                    <Unicode>stellerin der Hauptrolle, zuzuschreiben wären, mag ich jetzt nicht ab¬</Unicode>
                </TextEquiv>
            </TextLine>
            <TextLine id="r1l24" custom="readingOrder {index:23;}">
                <Coords points="329,2680 1497,2693 1459,2639 1300,2667 329,2631"/>
                <Baseline points="337,2670 394,2670 452,2670 509,2670 567,2671 625,2671 682,2672 740,2673 797,2674 855,2675 913,2676 970,2677 1028,2678 1085,2678 1143,2679 1201,2679 1258,2679 1316,2679 1373,2679 1431,2678 1489,2677"/>
                <TextEquiv>
                    <Unicode>wägen. Nur so viel ist gewiß, daß Agnes Sorma ein gut Theil</Unicode>
                </TextEquiv>
            </TextLine>
            <TextLine id="r1l25" custom="readingOrder {index:24;}">
                <Coords points="326,2710 1487,2731 1487,2695 1377,2679 327,2681"/>
                <Baseline points="334,2709 391,2711 448,2712 505,2713 563,2714 620,2715 677,2717 735,2718 792,2719 849,2720 907,2720 964,2721 1021,2722 1078,2722 1136,2723 1193,2723 1250,2723 1308,2723 1365,2723 1422,2723 1480,2723"/>
                <TextEquiv>
                    <Unicode>des Verdienstes gebührt. Diese Hauptrolle, Christine, ein junges</Unicode>
                </TextEquiv>
            </TextLine>
            <TextLine id="r1l26" custom="readingOrder {index:25;}">
                <Coords points="321,2769 1414,2782 1486,2736 322,2711"/>
                <Baseline points="329,2754 386,2755 443,2755 501,2756 558,2757 616,2758 673,2759 731,2760 788,2761 846,2762 903,2762 960,2764 1018,2764 1075,2765 1133,2765 1190,2765 1248,2765 1305,2765 1363,2765 1420,2763 1478,2762"/>
                <TextEquiv>
                    <Unicode>Blut, das mit ihrem ganzen Sein der Liebe zu dem geliebten Manne</Unicode>
                </TextEquiv>
            </TextLine>
            <TextLine id="r1l27" custom="readingOrder {index:26;}">
                <Coords points="325,2803 1426,2821 1493,2814 1494,2780 325,2769"/>
                <Baseline points="332,2799 389,2799 447,2800 505,2800 562,2801 620,2801 678,2802 735,2803 793,2804 851,2805 909,2806 966,2807 1024,2807 1082,2808 1139,2809 1197,2809 1255,2809 1312,2809 1370,2809 1428,2808 1486,2807"/>
                <TextEquiv>
                    <Unicode>hingegeben ist, macht den Werth oder, sagen wir lieber, um die</Unicode>
                </TextEquiv>
            </TextLine>
            <TextLine id="r1l28" custom="readingOrder {index:27;}">
                <Coords points="320,2830 1439,2865 1497,2825 321,2800"/>
                <Baseline points="328,2839 386,2840 444,2841 502,2842 560,2843 618,2844 676,2845 734,2846 792,2847 850,2848 908,2849 966,2850 1024,2851 1082,2851 1140,2852 1198,2852 1256,2853 1314,2853 1372,2853 1430,2852 1488,2852"/>
                <TextEquiv>
                    <Unicode>Eigenart der Wirkung wiederzugeben, den Reiz des Stückes aus.</Unicode>
                </TextEquiv>
            </TextLine>
            <TextLine id="r1l29" custom="readingOrder {index:28;}">
                <Coords points="322,2887 1384,2910 1488,2868 322,2848"/>
                <Baseline points="329,2886 386,2885 444,2885 501,2885 559,2885 616,2886 674,2887 731,2888 789,2888 846,2889 904,2891 961,2892 1019,2893 1076,2894 1134,2894 1191,2895 1249,2895 1306,2895 1364,2895 1421,2895 1479,2894"/>
                <TextEquiv>
                    <Unicode>Es ist Gretchen in moderner Wiener Verkleidung. Das Reizende</Unicode>
                </TextEquiv>
            </TextLine>
            <TextLine id="r1l30" custom="readingOrder {index:29;}">
                <Coords points="322,2939 1485,2953 1411,2899 323,2886"/>
                <Baseline points="330,2929 387,2929 444,2929 502,2929 559,2930 616,2930 674,2931 731,2931 788,2932 846,2933 903,2933 960,2934 1018,2934 1075,2935 1132,2936 1190,2936 1247,2937 1304,2938 1362,2938 1419,2939 1477,2940"/>
                <TextEquiv>
                    <Unicode>aber ist, daß sie viel mehr Gretchen als Wienerin ist. Der Localton</Unicode>
                </TextEquiv>
            </TextLine>
            <TextLine id="r1l31" custom="readingOrder {index:30;}">
                <Coords points="321,2987 1484,3005 1484,2953 1391,2942 322,2939"/>
                <Baseline points="329,2972 386,2972 443,2972 501,2973 558,2973 615,2974 673,2975 730,2975 787,2976 845,2976 902,2977 959,2978 1017,2979 1074,2979 1131,2980 1189,2981 1246,2982 1303,2982 1361,2983 1418,2984 1476,2985"/>
                <TextEquiv>
                    <Unicode>schimmert nur unbestimmt hervor, wie der Hintergrund eines Bildes,</Unicode>
                </TextEquiv>
            </TextLine>
            <TextLine id="r1l32" custom="readingOrder {index:31;}">
                <Coords points="323,3022 1476,3028 1444,2988 1318,2982 323,2988"/>
                <Baseline points="331,3015 387,3015 444,3015 501,3015 558,3015 615,3016 672,3016 729,3017 786,3018 843,3019 900,3020 956,3021 1013,3022 1070,3023 1127,3023 1184,3024 1241,3024 1298,3024 1355,3024 1412,3024 1469,3023"/>
                <TextEquiv>
                    <Unicode>von dem sich kräftig eine menschliche Handlung abhebt. Der Local¬</Unicode>
                </TextEquiv>
            </TextLine>
            <TextLine id="r1l33" custom="readingOrder {index:32;}">
                <Coords points="317,3057 1430,3083 1487,3064 1488,3022 318,3017"/>
                <Baseline points="325,3058 382,3057 440,3057 498,3058 555,3058 613,3059 671,3060 728,3061 786,3062 844,3063 902,3064 959,3065 1017,3065 1075,3066 1132,3067 1190,3068 1248,3068 1305,3068 1363,3068 1421,3068 1479,3067"/>
                <TextEquiv>
                    <Unicode>ton ist gerade genug angedeutet, um eine specialisirte realistische</Unicode>
                </TextEquiv>
            </TextLine>
            <TextLine id="r1l34" custom="readingOrder {index:33;}">
                <Coords points="315,3115 1458,3125 1488,3089 316,3071"/>
                <Baseline points="323,3100 380,3100 438,3100 496,3101 554,3101 612,3102 670,3103 727,3103 785,3104 843,3105 901,3106 959,3107 1017,3108 1075,3109 1132,3110 1190,3111 1248,3112 1306,3113 1364,3113 1422,3114 1480,3114"/>
                <TextEquiv>
                    <Unicode>Stimmung hervorzurufen; er drängt sich aber nirgends derart hervor,</Unicode>
                </TextEquiv>
            </TextLine>
            <TextLine id="r1l35" custom="readingOrder {index:34;}">
                <Coords points="322,3149 1435,3172 1482,3165 1483,3119 322,3109"/>
                <Baseline points="330,3144 387,3144 444,3144 501,3145 559,3145 616,3146 673,3147 730,3148 788,3149 845,3150 902,3150 959,3151 1017,3152 1074,3153 1131,3154 1188,3154 1246,3155 1303,3155 1360,3156 1417,3156 1475,3156"/>
                <TextEquiv>
                    <Unicode>daß er die allgemein menschliche Handlung beeinträchtigte. Gern</Unicode>
                </TextEquiv>
            </TextLine>
            <TextLine id="r1l36" custom="readingOrder {index:35;}">
                <Coords points="326,3196 1469,3220 1484,3162 326,3150"/>
                <Baseline points="334,3189 391,3188 448,3188 505,3188 562,3189 619,3189 676,3190 733,3191 790,3191 847,3193 905,3194 962,3194 1019,3196 1076,3197 1133,3198 1190,3198 1247,3199 1304,3199 1361,3199 1418,3199 1476,3199"/>
                <TextEquiv>
                    <Unicode>hätte ich die Sandrock in der Rolle gesehen, die sie an der Burg</Unicode>
                </TextEquiv>
            </TextLine>
            <TextLine id="r1l37" custom="readingOrder {index:36;}">
                <Coords points="316,3251 1489,3256 1451,3211 1304,3199 316,3201"/>
                <Baseline points="324,3235 381,3234 439,3234 497,3234 555,3234 613,3234 671,3234 729,3235 787,3236 845,3236 903,3238 960,3238 1018,3239 1076,3240 1134,3241 1192,3242 1250,3242 1308,3243 1366,3243 1424,3243 1482,3243"/>
                <TextEquiv>
                    <Unicode>spielte, um sie mit unsrer Sorma zu vergleichen. Die Sorma</Unicode>
                </TextEquiv>
            </TextLine>
            <TextLine id="r1l38" custom="readingOrder {index:37;}">
                <Coords points="322,3273 1402,3300 1476,3289 1477,3244 322,3252"/>
                <Baseline points="329,3276 388,3275 448,3275 508,3275 568,3275 628,3276 688,3276 748,3277 808,3279 868,3279 928,3280 988,3282 1048,3283 1108,3284 1168,3285 1228,3286 1288,3286 1348,3287 1408,3287 1468,3287"/>
                <TextEquiv>
                    <Unicode>wurde durch den Wiener Dialekt, den sie nur mangelhaft beherrscht,</Unicode>
                </TextEquiv>
            </TextLine>
            <TextLine id="r1l39" custom="readingOrder {index:38;}">
                <Coords points="318,3328 1415,3344 1486,3331 1487,3292 318,3273"/>
                <Baseline points="325,3319 382,3318 440,3318 497,3318 555,3318 613,3319 670,3319 728,3320 786,3321 843,3322 901,3323 959,3324 1016,3325 1074,3326 1132,3327 1189,3327 1247,3328 1305,3329 1362,3329 1420,3330 1478,3330"/>
                <TextEquiv>
                    <Unicode>nicht selten unsicher. Das war eine Schwäche. Aber im übrigen kann ich</Unicode>
                </TextEquiv>
            </TextLine>
            <TextLine id="r1l40" custom="readingOrder {index:39;}">
                <Coords points="318,3362 1483,3383 1483,3342 1433,3332 318,3328"/>
                <Baseline points="325,3361 382,3361 440,3362 497,3362 555,3362 612,3363 670,3363 727,3364 785,3365 842,3366 900,3367 957,3367 1015,3368 1072,3369 1130,3370 1187,3371 1245,3371 1302,3372 1360,3372 1417,3372 1475,3372"/>
                <TextEquiv>
                    <Unicode>mir kaum denken, daß die auf schärfere und nervösere Töne gestellte Sand¬</Unicode>
                </TextEquiv>
            </TextLine>
            <TextLine id="r1l41" custom="readingOrder {index:40;}">
                <Coords points="317,3407 1487,3418 1487,3384 1364,3375 317,3386"/>
                <Baseline points="324,3400 381,3401 439,3403 497,3405 555,3406 613,3407 670,3408 728,3409 786,3410 844,3410 902,3411 959,3411 1017,3412 1075,3412 1133,3412 1191,3412 1248,3412 1306,3413 1364,3413 1422,3413 1480,3413"/>
                <TextEquiv>
                    <Unicode>rock die unendliche Hingebung des mit seinem ganzen Sein liebenden</Unicode>
                </TextEquiv>
            </TextLine>
            <TextLine id="r1l42" custom="readingOrder {index:41;}">
                <Coords points="322,3461 1483,3460 1437,3418 323,3407"/>
                <Baseline points="330,3443 387,3443 444,3444 501,3444 559,3445 616,3446 673,3447 731,3448 788,3449 845,3450 903,3451 960,3452 1017,3453 1074,3453 1132,3454 1189,3455 1246,3455 1304,3455 1361,3455 1418,3455 1476,3454"/>
                <TextEquiv>
                    <Unicode>Weibes so überzeugend zum Ausdruck gebracht hat. Das ist die</Unicode>
                </TextEquiv>
            </TextLine>
            <TextLine id="r1l43" custom="readingOrder {index:42;}">
                <Coords points="326,3488 1480,3519 1481,3471 326,3459"/>
                <Baseline points="334,3491 390,3491 447,3492 504,3492 561,3493 618,3494 675,3494 732,3495 789,3496 846,3497 903,3498 959,3498 1016,3499 1073,3500 1130,3501 1187,3501 1244,3502 1301,3502 1358,3502 1415,3503 1472,3503"/>
                <TextEquiv>
                    <Unicode>eigenste Domäne der Sorma. Die Fahel kennt man ja wohl</Unicode>
                </TextEquiv>
            </TextLine>
            <TextLine id="r1l44" custom="readingOrder {index:43;}">
                <Coords points="291,3575 1495,3545 1211,3496 1169,3529 292,3498"/>
                <Baseline points="299,3546 358,3543 417,3541 477,3539 536,3539 596,3538 655,3538 715,3538 774,3539 834,3540 893,3541 952,3542 1012,3543 1071,3545 1131,3546 1190,3548 1250,3549 1309,3551 1369,3552 1428,3553 1488,3554"/>
                <TextEquiv>
                    <Unicode>a dem Bericht über die Wiener Aufführung. Fritz Lobheimer</Unicode>
                </TextEquiv>
            </TextLine>
            <TextEquiv>
                <Unicode>iebelei
5. L box 10/3
Max Karfunkel's Nachrichten-Bureau, Argus“
Berlin C., Poststrasse 29. Telephon V, 1227.
London.
Paris.
Neu.-York.
(Liest alle Zeitungen der Welt und liefert aus denselben
Ausschnitte #ber joden Gegenstand.)
A 
Müchen.
Ge FEB. 96
15·0 C
 Berlin, 4. Fehr. Wie am Wiener Burgtheater, so hat
Anun auch am hiesigen „Deutschen Theater“ Arthur Schnitz¬
lers kleine tragische Herzensgeschichte „Liebelei“ einen vollen
Erfolg gefunden. Heute Abend war die Premiere und sah das bei
uns seltele Schauspiel eines vollen einmüthigen Hauses, das bald
heiter angemuthet, bald sanft gerührt, in gewissen Momenten sogar
ergriften war Arthur Schnitzler wurde nach jedem der drei kurzen
Acte mehlfach herausgerufen. Inwieweit die Momente der Er¬
griffenheit dem Dichter, inwieweit sie Agnes Sorma, der Dar¬
stellerin der Hauptrolle, zuzuschreiben wären, mag ich jetzt nicht ab¬
wägen. Nur so viel ist gewiß, daß Agnes Sorma ein gut Theil
des Verdienstes gebührt. Diese Hauptrolle, Christine, ein junges
Blut, das mit ihrem ganzen Sein der Liebe zu dem geliebten Manne
hingegeben ist, macht den Werth oder, sagen wir lieber, um die
Eigenart der Wirkung wiederzugeben, den Reiz des Stückes aus.
Es ist Gretchen in moderner Wiener Verkleidung. Das Reizende
aber ist, daß sie viel mehr Gretchen als Wienerin ist. Der Localton
schimmert nur unbestimmt hervor, wie der Hintergrund eines Bildes,
von dem sich kräftig eine menschliche Handlung abhebt. Der Local¬
ton ist gerade genug angedeutet, um eine specialisirte realistische
Stimmung hervorzurufen; er drängt sich aber nirgends derart hervor,
daß er die allgemein menschliche Handlung beeinträchtigte. Gern
hätte ich die Sandrock in der Rolle gesehen, die sie an der Burg
spielte, um sie mit unsrer Sorma zu vergleichen. Die Sorma
wurde durch den Wiener Dialekt, den sie nur mangelhaft beherrscht,
nicht selten unsicher. Das war eine Schwäche. Aber im übrigen kann ich
mir kaum denken, daß die auf schärfere und nervösere Töne gestellte Sand¬
rock die unendliche Hingebung des mit seinem ganzen Sein liebenden
Weibes so überzeugend zum Ausdruck gebracht hat. Das ist die
eigenste Domäne der Sorma. Die Fahel kennt man ja wohl
a dem Bericht über die Wiener Aufführung. Fritz Lobheimer</Unicode>
            </TextEquiv>
        </TextRegion>
        <TextRegion orientation="0.0" id="r2" custom="readingOrder {index:1;}">
            <Coords points="1603,571 1603,3507 2992,3507 2992,571"/>
            <TextLine id="r2l1" custom="readingOrder {index:0;}">
                <Coords points="1735,618 2193,645 2855,607 2853,532 1734,570"/>
                <Baseline points="1743,620 1798,620 1853,620 1908,619 1963,618 2019,617 2074,616 2129,615 2184,613 2239,612 2295,610 2350,608 2405,607 2460,605 2515,604 2571,602 2626,600 2681,599 2736,597 2791,595 2847,594"/>
                <TextEquiv>
                    <Unicode>Max Karfunkel's Nachrichten-Bureau, Argus“</Unicode>
                </TextEquiv>
            </TextLine>
            <TextLine id="r2l2" custom="readingOrder {index:1;}">
                <Coords points="1821,691 2662,697 2797,671 2796,631 2093,622 1820,662"/>
                <Baseline points="1829,683 1877,682 1925,680 1973,680 2021,678 2069,677 2117,677 2165,676 2213,675 2261,674 2309,673 2357,673 2405,672 2453,671 2501,669 2549,668 2597,666 2645,665 2693,663 2741,661 2789,659"/>
                <TextEquiv>
                    <Unicode>Berlin C., Poststrasse 29. Telephon V, 1227.</Unicode>
                </TextEquiv>
            </TextLine>
            <TextLine id="r2l3" custom="readingOrder {index:2;}">
                <Coords points="2596,711 2609,713 2641,741 2655,734 2675,750 2727,734 2741,740 2761,731 2786,736 2786,704 2768,696 2694,679 2662,697 2596,674"/>
                <Baseline points="2603,730 2628,728 2653,728 2678,728 2703,729 2728,730 2753,731 2778,731"/>
                <TextEquiv>
                    <Unicode>Paris.</Unicode>
                </TextEquiv>
            </TextLine>
            <TextLine id="r2l4" custom="readingOrder {index:3;}">
                <Coords points="2187,752 2212,741 2227,753 2304,747 2403,772 2432,749 2486,734 2515,751 2547,744 2547,723 2524,715 2515,724 2487,708 2466,724 2424,695 2409,706 2370,691 2303,715 2187,693"/>
                <Baseline points="2195,741 2221,741 2248,740 2274,740 2301,740 2327,739 2354,739 2380,739 2407,739 2433,740 2460,740 2486,740 2513,741 2540,742"/>
                <TextEquiv>
                    <Unicode>New-York.</Unicode>
                </TextEquiv>
            </TextLine>
            <TextLine id="r2l5" custom="readingOrder {index:4;}">
                <Coords points="1850,765 1900,763 1913,755 1954,762 1966,754 1984,768 2002,757 2024,770 2070,767 2069,717 1996,706 1943,721 1906,700 1864,707 1849,699"/>
                <Baseline points="1857,751 1882,749 1908,748 1933,747 1959,747 1984,747 2010,747 2035,747 2061,746"/>
                <TextEquiv>
                    <Unicode>London.</Unicode>
                </TextEquiv>
            </TextLine>
            <TextLine id="r2l6" custom="readingOrder {index:5;}">
                <Coords points="1775,843 1908,810 2878,805 2877,749 1773,794"/>
                <Baseline points="1781,815 1835,814 1889,812 1944,811 1998,810 2053,808 2107,807 2161,806 2216,805 2270,804 2325,803 2379,802 2433,801 2488,799 2542,798 2597,797 2651,795 2705,793 2760,792 2814,790 2869,787"/>
                <TextEquiv>
                    <Unicode>(Liest alle Zeitungen der Welt und liefert aus denselben</Unicode>
                </TextEquiv>
            </TextLine>
            <TextLine id="r2l7" custom="readingOrder {index:6;}">
                <Coords points="1956,864 2221,851 2262,877 2413,840 2458,864 2593,843 2632,863 2664,853 2663,795 1955,818"/>
                <Baseline points="1963,849 1997,849 2032,847 2067,847 2101,846 2136,845 2171,845 2205,844 2240,843 2275,843 2310,842 2344,842 2379,841 2414,841 2448,840 2483,839 2518,838 2552,838 2587,837 2622,836 2657,835"/>
                <TextEquiv>
                    <Unicode>Ausschnitte über jeden Gegenstand.)</Unicode>
                </TextEquiv>
            </TextLine>
            <TextLine id="r2l8" custom="readingOrder {index:7;}">
                <Coords points="2014,1002 2054,1004 2078,1023 2146,1002 2203,1035 2284,1040 2343,1022 2428,1021 2431,984 2368,948 2292,953 2270,938 2200,944 2109,927 2095,937 2021,918"/>
                <Baseline points="2024,987 2050,989 2076,991 2103,992 2129,994 2156,996 2182,999 2208,1001 2235,1003 2261,1005 2288,1007 2314,1010 2340,1012 2367,1014 2393,1017 2420,1019"/>
                <TextEquiv>
                    <Unicode>Dresdener Anzciger.</Unicode>
                </TextEquiv>
            </TextLine>
            <TextLine id="r2l9" custom="readingOrder {index:8;}">
                <Coords points="2012,1255 2090,1282 2171,1262 2258,1263 2322,1286 2357,1270 2418,1274 2419,1230 2332,1202 2308,1212 2272,1191 2202,1216 2116,1213 2087,1197 2013,1214"/>
                <Baseline points="2020,1256 2046,1256 2072,1255 2098,1255 2124,1255 2150,1255 2176,1256 2202,1256 2228,1257 2254,1257 2280,1258 2306,1259 2332,1260 2358,1261 2384,1262 2410,1264"/>
                <TextEquiv>
                    <Unicode>Dresden.</Unicode>
                </TextEquiv>
            </TextLine>
            <TextLine id="r2l10" custom="readingOrder {index:9;}">
                <Coords points="2404,1472 2435,1468 2466,1483 2499,1463 2536,1463 2573,1492 2626,1474 2640,1488 2672,1481 2691,1502 2728,1506 2735,1442 2689,1410 2667,1417 2549,1394 2482,1410 2463,1389 2413,1390"/>
                <Baseline points="2414,1447 2439,1450 2465,1452 2491,1455 2517,1458 2542,1461 2568,1465 2594,1468 2620,1471 2645,1474 2671,1476 2697,1478 2723,1480"/>
                <TextEquiv>
                    <Unicode>62 TEB. 96</Unicode>
                </TextEquiv>
            </TextLine>
            <TextLine id="r2l11" custom="readingOrder {index:10;}">
                <Coords points="1900,1543 2007,1589 3000,1622 3000,1546 1902,1510"/>
                <Baseline points="1907,1548 1961,1555 2015,1561 2069,1566 2124,1571 2178,1576 2232,1580 2286,1583 2341,1586 2395,1590 2449,1592 2503,1594 2558,1597 2612,1599 2666,1601 2720,1604 2775,1606 2829,1609 2883,1612 2937,1615 2992,1619"/>
                <TextEquiv>
                    <Unicode>* Berlin. Nach so vielen Enttäuschungen hat nun endlich</Unicode>
                </TextEquiv>
            </TextLine>
            <TextLine id="r2l12" custom="readingOrder {index:11;}">
                <Coords points="1806,1600 2935,1672 2989,1667 2992,1623 1808,1560"/>
                <Baseline points="1814,1599 1872,1601 1930,1604 1989,1607 2047,1610 2106,1614 2164,1617 2222,1620 2281,1624 2339,1627 2398,1630 2456,1634 2514,1637 2573,1641 2631,1643 2690,1646 2748,1649 2806,1650 2865,1652 2923,1654 2982,1655"/>
                <TextEquiv>
                    <Unicode>auch Dr. Brahms Deutsches Theater seinen entscheidenden</Unicode>
                </TextEquiv>
            </TextLine>
            <TextLine id="r2l13" custom="readingOrder {index:12;}">
                <Coords points="1810,1636 2984,1709 2971,1660 1811,1611"/>
                <Baseline points="1817,1641 1875,1645 1933,1648 1991,1651 2049,1655 2107,1658 2165,1661 2223,1664 2281,1668 2339,1671 2397,1673 2455,1677 2513,1679 2571,1682 2629,1685 2687,1687 2745,1689 2803,1691 2861,1694 2919,1695 2977,1697"/>
                <TextEquiv>
                    <Unicode>Treffer gefunden, find7 zwär in dem Schauspiel: Liebelei von</Unicode>
                </TextEquiv>
            </TextLine>
            <TextLine id="r2l14" custom="readingOrder {index:13;}">
                <Coords points="1799,1691 2981,1760 2992,1705 1802,1635"/>
                <Baseline points="1807,1682 1865,1685 1924,1688 1983,1691 2042,1695 2100,1697 2159,1701 2218,1704 2277,1707 2335,1710 2394,1714 2453,1716 2512,1719 2570,1723 2629,1726 2688,1728 2747,1731 2805,1733 2864,1735 2923,1737 2982,1738"/>
                <TextEquiv>
                    <Unicode>dem Wiener Arthut Schtitzler, das bereits am Burgtheater und</Unicode>
                </TextEquiv>
            </TextLine>
            <TextLine id="r2l15" custom="readingOrder {index:14;}">
                <Coords points="1800,1726 2759,1788 2944,1789 2989,1751 1802,1690"/>
                <Baseline points="1808,1725 1866,1728 1925,1731 1983,1734 2042,1738 2100,1741 2159,1744 2217,1747 2276,1751 2334,1754 2393,1757 2452,1760 2510,1763 2569,1766 2627,1769 2686,1771 2744,1773 2803,1775 2861,1776 2920,1778 2979,1779"/>
                <TextEquiv>
                    <Unicode>an anderen Bühnene z. B. in Frankfurt a. M. einen vollen Er¬</Unicode>
                </TextEquiv>
            </TextLine>
            <TextLine id="r2l16" custom="readingOrder {index:15;}">
                <Coords points="1795,1787 2989,1812 1798,1727"/>
                <Baseline points="1804,1768 1862,1772 1921,1775 1980,1778 2039,1781 2098,1784 2157,1787 2215,1790 2274,1793 2333,1796 2392,1799 2451,1802 2510,1804 2569,1806 2627,1809 2686,1811 2745,1814 2804,1817 2863,1819 2922,1822 2981,1824"/>
                <TextEquiv>
                    <Unicode>folg davon trug. Der erste große künstlerische Erfolg der Spiel¬</Unicode>
                </TextEquiv>
            </TextLine>
            <TextLine id="r2l17" custom="readingOrder {index:16;}">
                <Coords points="1803,1814 2980,1885 2993,1810 2895,1836 1804,1782"/>
                <Baseline points="1810,1811 1868,1814 1927,1817 1985,1820 2044,1823 2103,1826 2161,1830 2220,1833 2279,1836 2337,1839 2396,1842 2455,1844 2513,1848 2572,1851 2631,1853 2689,1855 2748,1858 2807,1860 2865,1862 2924,1864 2983,1866"/>
                <TextEquiv>
                    <Unicode>zeit kommt zu den Berlinern also aus Wien, wenn man nicht</Unicode>
                </TextEquiv>
            </TextLine>
            <TextLine id="r2l18" custom="readingOrder {index:17;}">
                <Coords points="1800,1854 2934,1921 2994,1864 1801,1818"/>
                <Baseline points="1808,1849 1866,1854 1925,1857 1984,1862 2043,1865 2101,1869 2160,1872 2219,1875 2278,1878 2336,1880 2395,1883 2454,1885 2513,1887 2571,1890 2630,1892 2689,1895 2748,1897 2806,1900 2865,1902 2924,1906 2983,1908"/>
                <TextEquiv>
                    <Unicode>Wildenbruch die Ehre zuerkennen will. Und dann bleibt den</Unicode>
                </TextEquiv>
            </TextLine>
            <TextLine id="r2l19" custom="readingOrder {index:18;}">
                <Coords points="1788,1896 2920,1969 2984,1946 2987,1900 1790,1860"/>
                <Baseline points="1796,1889 1855,1894 1914,1898 1973,1902 2032,1906 2091,1909 2150,1913 2209,1915 2268,1919 2327,1921 2386,1924 2445,1927 2504,1930 2563,1933 2622,1935 2681,1938 2740,1941 2799,1945 2858,1948 2917,1952 2976,1956"/>
                <TextEquiv>
                    <Unicode>Berlinern noch eine Neuheit in Aussicht, das in der „Provinz“</Unicode>
                </TextEquiv>
            </TextLine>
            <TextLine id="r2l20" custom="readingOrder {index:19;}">
                <Coords points="1784,1960 2653,1979 2615,1937 1788,1897"/>
                <Baseline points="1794,1933 1836,1937 1879,1939 1921,1941 1964,1944 2007,1947 2049,1950 2092,1953 2134,1955 2177,1957 2220,1960 2262,1962 2305,1965 2347,1966 2390,1968 2433,1970 2475,1972 2518,1973 2560,1975 2603,1976 2646,1977"/>
                <TextEquiv>
                    <Unicode>bereits allmählich veraltende: Glück im Winkel.</Unicode>
                </TextEquiv>
            </TextLine>
            <TextLine id="r2l21" custom="readingOrder {index:20;}">
                <Coords points="2797,1988 2948,1999 2963,1992 2980,2000 2982,1939 2971,1937 2943,1961 2920,1968 2881,1957 2867,1963 2852,1953 2838,1963 2829,1955 2820,1960 2811,1952 2799,1954"/>
                <Baseline points="2805,1986 2832,1986 2860,1986 2888,1987 2916,1988 2944,1990 2972,1991"/>
                <TextEquiv>
                    <Unicode>M — nmnah</Unicode>
                </TextEquiv>
            </TextLine>
            <TextLine id="r2l22" custom="readingOrder {index:21;}">
                <Coords points="2224,1992 2241,1990 2258,1997 2264,1991 2275,1996 2296,1990 2301,1995 2307,1991 2359,1993 2360,1970 2337,1974 2316,1960 2296,1970 2287,1964 2253,1970 2247,1964 2225,1964"/>
                <Baseline points="2232,1985 2262,1987 2292,1989 2322,1990 2352,1989"/>
                <TextEquiv>
                    <Unicode>S</Unicode>
                </TextEquiv>
            </TextLine>
            <TextLine id="r2l23" custom="readingOrder {index:22;}">
                <Coords points="2544,2649 2650,2655 2719,2640 2733,2650 2779,2628 2778,2589 2747,2578 2729,2593 2694,2586 2682,2596 2657,2582 2634,2594 2609,2593 2598,2582 2575,2589 2543,2583"/>
                <Baseline points="2551,2637 2578,2636 2606,2636 2633,2635 2661,2635 2688,2634 2716,2634 2743,2633 2771,2633"/>
                <TextEquiv>
                    <Unicode>Seite 3</Unicode>
                </TextEquiv>
            </TextLine>
            <TextLine id="r2l24" custom="readingOrder {index:23;}">
                <Coords points="1906,2662 1937,2657 1986,2685 2064,2663 2301,2667 2318,2651 2362,2653 2361,2607 2267,2592 2057,2620 1904,2601"/>
                <Baseline points="1913,2662 1939,2661 1965,2661 1991,2661 2017,2660 2043,2660 2069,2659 2095,2659 2121,2658 2147,2658 2173,2657 2199,2657 2225,2656 2251,2655 2277,2654 2303,2653 2329,2652 2355,2651"/>
                <TextEquiv>
                    <Unicode>6. Februar 1896.</Unicode>
                </TextEquiv>
            </TextLine>
            <TextLine id="r2l25" custom="readingOrder {index:24;}">
                <Coords points="2845,2770 2857,2771 2865,2769 2868,2771 2873,2767 2881,2765 2888,2771 2894,2771 2899,2729 2887,2727 2886,2725 2882,2728 2873,2716 2870,2716 2866,2711 2852,2710"/>
                <Baseline points="2856,2743 2890,2747"/>
                <TextEquiv>
                    <Unicode>—</Unicode>
                </TextEquiv>
            </TextLine>
            <TextLine id="r2l26" custom="readingOrder {index:25;}">
                <Coords points="1595,2785 2840,2732 2838,2692 2692,2683 1594,2731"/>
                <Baseline points="1603,2768 1664,2767 1725,2765 1787,2764 1848,2762 1910,2760 1971,2759 2033,2757 2094,2755 2156,2753 2217,2751 2278,2749 2340,2747 2401,2745 2463,2743 2524,2741 2586,2738 2647,2736 2709,2733 2770,2730 2832,2728"/>
                <TextEquiv>
                    <Unicode>hi= als Sängerin und ich möchte auch immer gerne aus diesem</Unicode>
                </TextEquiv>
            </TextLine>
            <TextLine id="r2l27" custom="readingOrder {index:26;}">
                <Coords points="1702,2821 2269,2802 2268,2766 2194,2756 2162,2771 2128,2754 2099,2772 2060,2758 2031,2773 1701,2774"/>
                <Baseline points="1710,2812 1737,2812 1765,2812 1792,2812 1820,2811 1847,2811 1875,2810 1902,2809 1930,2808 1957,2808 1985,2806 2013,2805 2040,2804 2068,2803 2095,2801 2123,2801 2150,2799 2178,2797 2205,2796 2233,2795 2261,2793"/>
                <TextEquiv>
                    <Unicode>Gesichtewinkel betrachtet werden.</Unicode>
                </TextEquiv>
            </TextLine>
            <TextLine id="r2l28" custom="readingOrder {index:27;}">
                <Coords points="1849,2860 2231,2846 2283,2864 2347,2842 2345,2811 2259,2797 2242,2812 1847,2818"/>
                <Baseline points="1857,2854 1882,2855 1907,2854 1933,2854 1958,2854 1983,2853 2009,2853 2034,2852 2059,2851 2085,2850 2110,2849 2136,2848 2161,2847 2186,2846 2212,2844 2237,2843 2262,2842 2288,2841 2313,2840 2339,2838"/>
                <TextEquiv>
                    <Unicode>Also ist Alles in Ordnung.</Unicode>
                </TextEquiv>
            </TextLine>
            <TextLine id="r2l29" custom="readingOrder {index:28;}">
                <Coords points="1777,2895 1833,2914 2057,2895 2281,2916 2279,2861 2206,2849 2169,2867 2111,2847 2090,2864 2064,2852 1777,2873"/>
                <Baseline points="1785,2896 1810,2899 1836,2900 1862,2902 1887,2903 1913,2903 1939,2903 1964,2903 1990,2902 2016,2901 2041,2900 2067,2898 2093,2897 2118,2896 2144,2893 2170,2892 2195,2890 2221,2889 2247,2888 2273,2887"/>
                <TextEquiv>
                    <Unicode>= Alles! Ich krisle nicht.</Unicode>
                </TextEquiv>
            </TextLine>
            <TextLine id="r2l30" custom="readingOrder {index:29;}">
                <Coords points="1783,2964 2810,2926 2834,2870 1781,2902"/>
                <Baseline points="1791,2953 1842,2951 1894,2949 1946,2948 1998,2946 2050,2944 2101,2942 2153,2940 2205,2939 2257,2937 2309,2935 2360,2934 2412,2931 2464,2930 2516,2928 2568,2926 2619,2924 2671,2921 2723,2918 2775,2916 2827,2913"/>
                <TextEquiv>
                    <Unicode>(„Liebelei.“) Wie uns aus Berlin gemeldet wird,</Unicode>
                </TextEquiv>
            </TextLine>
            <TextLine id="r2l31" custom="readingOrder {index:30;}">
                <Coords points="1705,3002 2834,2962 2832,2923 2785,2917 1823,2972 1703,2948"/>
                <Baseline points="1712,2998 1767,2995 1823,2993 1879,2991 1934,2989 1990,2988 2046,2987 2101,2986 2157,2985 2213,2984 2269,2982 2324,2981 2380,2980 2436,2978 2491,2976 2547,2972 2603,2969 2658,2965 2714,2960 2770,2955 2826,2948"/>
                <TextEquiv>
                    <Unicode>hatte Arthur Schnitzler's Schauspiel „Liebelei“</Unicode>
                </TextEquiv>
            </TextLine>
            <TextLine id="r2l32" custom="readingOrder {index:31;}">
                <Coords points="1713,3048 2712,3020 2847,3007 2846,2963 1712,3012"/>
                <Baseline points="1721,3043 1776,3039 1832,3036 1888,3033 1944,3032 2000,3030 2056,3028 2112,3027 2168,3026 2224,3025 2280,3024 2335,3022 2391,3021 2447,3019 2503,3018 2559,3015 2615,3012 2671,3009 2727,3005 2783,3000 2839,2995"/>
                <TextEquiv>
                    <Unicode>gestern Abends bei seiner ersten Aufführung am Deutschen</Unicode>
                </TextEquiv>
            </TextLine>
            <TextLine id="r2l33" custom="readingOrder {index:32;}">
                <Coords points="1706,3082 2768,3060 2838,3052 2837,3005 1705,3050"/>
                <Baseline points="1713,3081 1768,3078 1824,3077 1880,3075 1936,3073 1992,3072 2048,3071 2103,3070 2159,3069 2215,3068 2271,3067 2327,3066 2383,3064 2439,3062 2494,3061 2550,3059 2606,3056 2662,3053 2718,3049 2774,3045 2830,3041"/>
                <TextEquiv>
                    <Unicode>Theater einen starken Erfolg. Der Antor wurde achtmal</Unicode>
                </TextEquiv>
            </TextLine>
            <TextLine id="r2l34" custom="readingOrder {index:33;}">
                <Coords points="1704,3129 2843,3100 2841,3055 2687,3048 1703,3099"/>
                <Baseline points="1711,3128 1767,3124 1823,3121 1879,3119 1935,3117 1992,3115 2048,3114 2104,3112 2160,3111 2216,3110 2273,3109 2329,3108 2385,3106 2441,3105 2497,3102 2554,3100 2610,3097 2666,3094 2722,3090 2778,3085 2835,3081"/>
                <TextEquiv>
                    <Unicode>gerufen. Frau Sorma gab die Christine, Herr Rittner</Unicode>
                </TextEquiv>
            </TextLine>
            <TextLine id="r2l35" custom="readingOrder {index:34;}">
                <Coords points="1703,3170 2845,3141 2806,3087 1701,3127"/>
                <Baseline points="1710,3167 1766,3165 1822,3164 1879,3162 1935,3161 1991,3159 2048,3157 2104,3156 2160,3154 2217,3153 2273,3151 2329,3149 2386,3147 2442,3145 2498,3143 2555,3140 2611,3138 2667,3136 2724,3132 2780,3129 2837,3125"/>
                <TextEquiv>
                    <Unicode>und Heer Jarno die beiden jungen Herren vorzüglich.</Unicode>
                </TextEquiv>
            </TextLine>
            <TextLine id="r2l36" custom="readingOrder {index:35;}">
                <Coords points="1707,3218 2847,3162 2634,3133 1706,3172"/>
                <Baseline points="1715,3209 1771,3206 1827,3204 1883,3202 1939,3200 1996,3198 2052,3197 2108,3195 2164,3194 2220,3192 2277,3190 2333,3189 2389,3187 2445,3186 2501,3183 2558,3181 2614,3179 2670,3176 2726,3174 2782,3171 2839,3167"/>
                <TextEquiv>
                    <Unicode>Fräulein Gisela Schneider als Schlager=Mizzi aber war</Unicode>
                </TextEquiv>
            </TextLine>
            <TextLine id="r2l37" custom="readingOrder {index:36;}">
                <Coords points="1704,3262 2845,3224 2811,3174 1703,3225"/>
                <Baseline points="1711,3249 1767,3247 1823,3245 1879,3243 1936,3242 1992,3240 2048,3239 2104,3237 2161,3236 2217,3234 2273,3233 2329,3232 2386,3229 2442,3228 2498,3226 2554,3224 2611,3222 2667,3218 2723,3216 2779,3213 2836,3209"/>
                <TextEquiv>
                    <Unicode> die Einzige, welche den Wiener Ton zu treffen wußte. Herr</Unicode>
                </TextEquiv>
            </TextLine>
            <TextLine id="r2l38" custom="readingOrder {index:37;}">
                <Coords points="1717,3307 2837,3269 2836,3225 2719,3216 1716,3257"/>
                <Baseline points="1724,3292 1779,3291 1834,3288 1889,3287 1945,3285 2000,3283 2055,3282 2110,3281 2166,3279 2221,3278 2276,3277 2331,3275 2387,3274 2442,3272 2497,3270 2552,3268 2608,3265 2663,3263 2718,3260 2773,3257 2829,3253"/>
                <TextEquiv>
                    <Unicode>Reicher brachte den alten Weyring zu großer Wirkung.</Unicode>
                </TextEquiv>
            </TextLine>
            <TextLine id="r2l39" custom="readingOrder {index:38;}">
                <Coords points="1719,3342 2836,3317 2846,3272 1718,3305"/>
                <Baseline points="1726,3332 1781,3331 1837,3330 1892,3328 1948,3327 2004,3326 2059,3324 2115,3323 2171,3321 2226,3320 2282,3318 2338,3317 2393,3315 2449,3313 2505,3311 2560,3309 2616,3307 2672,3305 2727,3302 2783,3300 2839,3297"/>
                <TextEquiv>
                    <Unicode>Schnitzler's „Liebelei“ ist seit den Erfolgen Anzengruber's,</Unicode>
                </TextEquiv>
            </TextLine>
            <TextLine id="r2l40" custom="readingOrder {index:39;}">
                <Coords points="1708,3369 2364,3388 2851,3355 2810,3301 1707,3344"/>
                <Baseline points="1716,3375 1772,3374 1828,3374 1885,3372 1941,3371 1997,3369 2054,3367 2110,3366 2166,3364 2223,3362 2279,3359 2335,3358 2392,3356 2448,3354 2504,3352 2561,3351 2617,3349 2673,3348 2730,3347 2786,3347 2843,3346"/>
                <TextEquiv>
                    <Unicode>also seit fünfundzwanzig Jahren, der erste künstlerische Erfolg,</Unicode>
                </TextEquiv>
            </TextLine>
            <TextLine id="r2l41" custom="readingOrder {index:40;}">
                <Coords points="1715,3437 1884,3414 2115,3423 2174,3413 2174,3382 2070,3367 1992,3388 1918,3374 1799,3395 1752,3380 1714,3389"/>
                <Baseline points="1723,3415 1749,3416 1775,3416 1801,3416 1827,3416 1853,3415 1879,3415 1905,3414 1931,3413 1958,3412 1984,3410 2010,3410 2036,3409 2062,3408 2088,3407 2114,3406 2140,3406 2167,3406"/>
                <TextEquiv>
                    <Unicode>der von Wien ausgeht.</Unicode>
                </TextEquiv>
            </TextLine>
            <TextLine id="r2l42" custom="readingOrder {index:41;}">
                <Coords points="1810,3456 2861,3418 2859,3383 2807,3379 1809,3430"/>
                <Baseline points="1817,3455 1868,3455 1920,3454 1972,3454 2024,3453 2076,3452 2127,3451 2179,3449 2231,3448 2283,3446 2335,3444 2386,3442 2438,3440 2490,3438 2542,3435 2594,3433 2645,3430 2697,3428 2749,3425 2801,3421 2853,3418"/>
                <TextEquiv>
                    <Unicode>Matiuée.) Der humanitäre Geselligkeitsverein „Gemüth¬</Unicode>
                </TextEquiv>
            </TextLine>
            <TextLine id="r2l43" custom="readingOrder {index:42;}">
                <Coords points="1718,3523 2335,3514 2865,3455 2852,3417 2246,3459 1716,3443"/>
                <Baseline points="1726,3497 1782,3495 1839,3494 1895,3492 1952,3491 2008,3489 2065,3488 2121,3487 2178,3486 2234,3484 2291,3483 2348,3481 2404,3479 2461,3477 2517,3475 2574,3472 2630,3470 2687,3467 2743,3463 2800,3460 2857,3455"/>
                <TextEquiv>
                    <Unicode>liche Harmonie“ verenstaltet auch heuer, gleichwie in den Vor¬</Unicode>
                </TextEquiv>
            </TextLine>
            <TextLine id="r2l44" custom="readingOrder {index:43;}">
                <Coords points="2620,3497 2638,3492 2664,3518 2674,3513 2694,3521 2735,3514 2750,3499 2776,3503 2806,3494 2821,3503 2867,3493 2867,3470 2821,3461 2801,3471 2784,3463 2735,3474 2653,3466 2619,3474"/>
                <Baseline points="2627,3491 2652,3492 2678,3492 2704,3492 2730,3492 2755,3491 2781,3491 2807,3491 2833,3490 2859,3490"/>
                <TextEquiv>
                    <Unicode>O##mg des</Unicode>
                </TextEquiv>
            </TextLine>
            <TextEquiv>
                <Unicode>Max Karfunkel's Nachrichten-Bureau, Argus“
Berlin C., Poststrasse 29. Telephon V, 1227.
Paris.
New-York.
London.
(Liest alle Zeitungen der Welt und liefert aus denselben
Ausschnitte über jeden Gegenstand.)
Dresdener Anzciger.
Dresden.
62 TEB. 96
* Berlin. Nach so vielen Enttäuschungen hat nun endlich
auch Dr. Brahms Deutsches Theater seinen entscheidenden
Treffer gefunden, find7 zwär in dem Schauspiel: Liebelei von
dem Wiener Arthut Schtitzler, das bereits am Burgtheater und
an anderen Bühnene z. B. in Frankfurt a. M. einen vollen Er¬
folg davon trug. Der erste große künstlerische Erfolg der Spiel¬
zeit kommt zu den Berlinern also aus Wien, wenn man nicht
Wildenbruch die Ehre zuerkennen will. Und dann bleibt den
Berlinern noch eine Neuheit in Aussicht, das in der „Provinz“
bereits allmählich veraltende: Glück im Winkel.
M — nmnah
S
Seite 3
6. Februar 1896.
—
hi= als Sängerin und ich möchte auch immer gerne aus diesem
Gesichtewinkel betrachtet werden.
Also ist Alles in Ordnung.
= Alles! Ich krisle nicht.
(„Liebelei.“) Wie uns aus Berlin gemeldet wird,
hatte Arthur Schnitzler's Schauspiel „Liebelei“
gestern Abends bei seiner ersten Aufführung am Deutschen
Theater einen starken Erfolg. Der Antor wurde achtmal
gerufen. Frau Sorma gab die Christine, Herr Rittner
und Heer Jarno die beiden jungen Herren vorzüglich.
Fräulein Gisela Schneider als Schlager=Mizzi aber war
 die Einzige, welche den Wiener Ton zu treffen wußte. Herr
Reicher brachte den alten Weyring zu großer Wirkung.
Schnitzler's „Liebelei“ ist seit den Erfolgen Anzengruber's,
also seit fünfundzwanzig Jahren, der erste künstlerische Erfolg,
der von Wien ausgeht.
Matiuée.) Der humanitäre Geselligkeitsverein „Gemüth¬
liche Harmonie“ verenstaltet auch heuer, gleichwie in den Vor¬
O##mg des</Unicode>
            </TextEquiv>
        </TextRegion>
        <TextRegion orientation="0.0" id="r3" custom="readingOrder {index:2;}">
            <Coords points="2924,2707 2924,2863 2982,2863 2982,2707"/>
            <TextLine id="r3l1" custom="readingOrder {index:0;}">
                <Coords points="2915,2813 2921,2813 2925,2817 2929,2814 2940,2823 2953,2815 2963,2824 2981,2818 2989,2819 2992,2784 2972,2783 2943,2752 2930,2743 2923,2742"/>
                <Baseline points="2924,2807 2953,2808 2982,2813"/>
                <TextEquiv>
                    <Unicode></Unicode>
                </TextEquiv>
            </TextLine>
            <TextEquiv>
                <Unicode></Unicode>
            </TextEquiv>
        </TextRegion>
        <TextRegion orientation="0.0" id="r4" custom="readingOrder {index:3;}">
            <Coords points="3011,3143 3011,3297 3041,3297 3041,3143"/>
            <TextLine id="r4l1" custom="readingOrder {index:0;}">
                <Coords points="3005,3258 3017,3255 3022,3249 3030,3254 3050,3250 3043,3198 3035,3199 3033,3203 3027,3203 3020,3212 3010,3206 2998,3209"/>
                <Baseline points="3011,3247 3041,3243"/>
                <TextEquiv>
                    <Unicode>□</Unicode>
                </TextEquiv>
            </TextLine>
            <TextEquiv>
                <Unicode>□</Unicode>
            </TextEquiv>
        </TextRegion>
        <TextRegion orientation="0.0" id="r5" custom="readingOrder {index:4;}">
            <Coords points="3034,2729 3034,2881 3068,2881 3068,2729"/>
            <TextLine id="r5l1" custom="readingOrder {index:0;}">
                <Coords points="3025,2839 3039,2840 3044,2836 3053,2841 3061,2837 3066,2840 3076,2839 3079,2795 3071,2794 3063,2800 3059,2797 3055,2800 3052,2796 3042,2794 3039,2791 3028,2792"/>
                <Baseline points="3034,2829 3068,2831"/>
                <TextEquiv>
                    <Unicode></Unicode>
                </TextEquiv>
            </TextLine>
            <TextEquiv>
                <Unicode></Unicode>
            </TextEquiv>
        </TextRegion>
    </Page>
</PcGts>
