3392 4256
228 222 750 324 5. Liebelej
852 233 1374 351 box 10/7
399 263 861 358 LESSIET
2911 848 3095 920 „. 10
2623 895 3092 972 Dtei Monate Arbeits¬
2430 944 3098 1021 # zu kultivirenden Fläche nicht
2144 987 3118 1080 geblnden. Der noch vorhandene Rest muß den
152 1043 3103 1172 # eines Reichs=Regent=fnchile auf frühere Kul gebungen in Biganen des Dundes übersepileptischen und geisteskranken Ackerbauern, die nicht wandern
674 1175 3105 1267 Fräulein Poldi Gersa all Mizzi Schlager brachte eine be= wirkliche Liebe zu verwandeln. Dadurch kommt ein Zug von
114 1217 699 1295 oses Wort Mizzis und
143 1267 3115 1332 ngt die Stille und er wunderungswürdige Leistung — ich glaube nicht, daß ihre Rollel großer Tragik in das Stück, denn er fällt am Tage darauf im
149 1275 3116 1384 zusammen. Der Aktbesser gespielt werden kann — kein einziges Mal hat sie vulgär Duell. Leider vernichtet der Dichter im letzten Akt diesen Zug
1843 1324 3107 1395 wieder dadurch, daß Fritz Lobheimer in das Duell gegangen und
133 1337 1853 1433 ktsmusik kann beginnen. gewirkt und alle Gewagtheiten hat sie in Jugend und Wiener
1838 1369 3114 1441 darin gefallen ist, ohne dem Mädchen ein Wort zu hinterlassen.
127 1394 1847 1474 Este des Schnitzler'schen Lebenslust hüllen können, kein einziges Mal hat sie verletzt, das
1820 1424 3108 1497 Und zwar thut er es, um zu einer Tendenz zu kommen. Das
135 1439 1605 1534 er allermeisterhaftesten bedeutet die Erfüllung der Absichten des Dichters.
667 1458 3117 1555 Der zweite Akt führt uns in das Heim der Christine. Ein Mädchen muß verrathen sein, und eine Programarede halten.
133 1510 607 1579 en und daher habe ich
590 1502 3126 1612 paar grelle und erschütternde Streiflichter fallen auf ihre Gesell= Daß verdirbt natürlich den## meisterlichen und tief ergreifen¬
139 1566 605 1640 ung hier wiederzugeben.
137 1605 3120 1676 tisch, wie es selten den schaftsklasse, in der Glück und Lebenserfüllung gleichbedeutend don Akt. Der Schluß ist ein aufgesetztes Flick, das den
156 1597 3131 1720 sie so einheitlich und ist mit moralischer Versündigung. Sie bekommt den Besuch metallnen Gesammtguß des Werkes stört. Frar Sorma hat mit
128 1718 3123 1769 Ertheil das künstlerische einer Strumpfwirkersfrau, die von ihrem Geheimniß erfahren all ihrer Kunst diesen Feuilletonabschluß dramatisch zu gestalten
138 1710 3128 1844 splcher Kraft und solcher hat und ihr mit unzarten Worten davon spricht! Dieser versucht, es konnte selbst ihr nicht gelingen. Das bedentet dem
147 1762 3126 1870 dem Schicksal einiger Charakter ist knapp und glänzend gezeichnet. Was aber diesen ganzen Werk gegenüber aber nur ein Geringes und wird kaum
134 1822 2297 1922 Em der Beziehung des Akt wie ein warmer, lichter Strom durchzieht, daß ist das Wesen allgemein empfunden.
1929 1831 3123 1919 Eine besonders gute Leistung war der Theodor Kaiser des
123 1873 1865 1974 n dem so gerne vorbei= von Christinens Vater und ihre Beziehung zu ihm. Dieser
1848 1890 3131 1991 Herr Karl Witt — und der Hans Weiring des Herrn Ignaz
132 1922 1859 2026 ene letzte mit dem häß= gütige, milde, alte Herr, der von der Schuld seiner Tochter weiß,
1853 1976 3028 2043 Janda. Als Ungeheuerlichkeit wirkte die Zwischenaltsmusik.
141 1976 1865 2063 lturelle Entwicklung in es ihr verschweigt und aus Gram über eine freudlos dahinge¬
2639 1999 3038 2095 Ernst Hardt.
307 2021 1867 2093 Ja, Schnitzler gangene Schwester sprechen kann: Soll mein geliebtes Kind,
143 2075 1874 2157 Gesellschafts=Problemen von dem ich weiß, daß es gut ist, daß es keiner Schlechtigkeit
2192 2090 2786 2184 Kunst und Wissenschaft.
144 2115 1878 2216 klich machen, wenn es fähig ist, soll die ebenso verwelken ohne ein einziges Mal glück¬
2247 2165 2758 2230 Theater und Musik.
146 2153 1877 2257 über seine gesellschaft=lich gewesen zu sein, ohne ein einziges Mal Freude und Leben
2011 2183 3137 2274 Mittheilungen aus dem Bureau der kgl.
619 2212 1884 2300 gehabt zu haben? Diese Gestalt ist eine wundervolle Erfindung.
135 2247 620 2318 äre sein Stück nicht nur
617 2233 3148 2343 Der Christine ist allmählich die Größe ihrer Liebe ganz ins Hoftheater. Zur Nachfeier von Heinrich von Kleist's Ge¬
136 2298 629 2373 hauspiel — sondern ein
616 2295 3137 2399 Bewußtsein getreten und gleichzeitig die schauerliche Angst: Liebt burtstag wird im kgl. Schauspielhause Donnerstag den 20. Okt.
1867 2337 3143 2421 neu einstudirt „Das Käthchen von Heilhronn“ aufgeführt. Das
619 2370 1873 2442 er mich, wie ich ihn oder bin ich ihm ein Nebending und ein
133 2366 634 2464 Christine die vollendste
1856 2397 3143 2466 Kleist'sche Schauspiel wird mit Frau Basté in der Titelrolle zum
144 2413 1875 2500 wir bei ihrem Gastspiel Spiel! Diese Frage zermartert sie und eine dunkle Stimme
1857 2445 3167 2527 ersten Male nicht in der Holbein'schen Bearbeitung, sondern nac.
146 2473 1414 2555 fer Feinheit und Kunst flüstert ihr immer wieder die Wahrheit.
1863 2503 2389 2581 dem Original aufgeführt.
694 2493 1884 2575 Ihr Geliebter besucht sie. Zum ersten Mal sieht er sie in
128 2545 645 2618 n wenigsten durch Worte
2015 2518 3150 2604 Die Gewerbehaus=Kapelle hat unter ihrem langbewährten
616 2560 1885 2632 ihrem Heim, das rings von ihrer Innigkeit erfüllt ist — sie fühlt
138 2584 635 2657 seln, jede Handbewegung
1862 2587 3138 2675 Führer Herrn Musikdirektor Trenkler am Sonnabende im Ge¬
138 2615 1876 2705 verrät uns ihre Seele, sich hier freier ihm gegenüber und spricht mit ihm von ihrer Liebe,
139 2698 3160 2746 irke um sie sind. Darin wie sie mehr ist als er vermuthen mag und sagt ihm daß er der werbehause wieder ihren Einzug gehalten. Der Saal war dicht
624 2729 3145 2790 Erste, Einzige, Beschenkte sei. Allmählich dämmert es in ihm besetzt und das Publikum sehr beifallslustig. Schon beim Er¬
164 2734 635 2794 ihrer Darstellung der
140 2796 3150 2843 sie verzehrend liebt mitlauf, was sie für ihn empfivdet, allmählich fühlt auch er, daß scheinen Herrn Trenklers am Dirigentenpulte brach ein nicht
172 2790 3155 2898 unsch liebt. die anderne ine Wesensverwandtschaft zwischen ihm und ihr besteht, daß er enden wollender Beifallssturm los; im Verlaufe des Abends er¬
611 2867 3158 2946 zu ihr gehört und sein „Sehr lieb haben“ fängt an sich in hielt er mehrfache Auszeichnungen, z. B. einen großen Lorbeer¬
