3532 4224
457 148 668 217 Lieb
989 132 1403 243 box 11/2
300 144 869 252 5. 61
772 1277 1272 1368 Sehungsausschnitte
492 1343 1523 1421 verbunden mit direktem Nachrichtendienst durch
747 1396 1274 1477 eigene Korrespondenten.
541 1449 906 1520 Berlin N. 24.
1040 1465 1458 1539 Telephon: III, 3051.
598 1517 1395 1586 —
781 1564 1218 1655 Ausschnitt aus
716 1796 1348 1898 Lüneburgsche Anzeigen
888 1909 1173 1996 17. 2.04
579 1994 1505 2069 (Stadttheater.) Die gestrige Aufführung von
445 2052 1505 2119 Schnitzlers „Liebelei“ gehörte zu den besten Leistungen
454 2079 1486 2159 unseres Themers. Die wunderbare aus Leichislnn und
446 2127 1493 2197 Melancholie gewobene Stimmung, die von Anfang an über
434 2169 1490 2243 dem echt wienerischen Stücke liegt, kam durch die Auffassung
430 2210 1490 2276 und das Spiel aller Mitwirkenden zu voller Geltung. Der
434 2244 1488 2316 leichtlebige Dori mit seiner Mizi Schlager (Herr
427 2290 1487 2354 Vogelreuter und Frl. Geertz) auf der einen, der
428 2327 1495 2376 schwerblütige Fritz mit seiner Christin' (Here Frohnert
435 2363 1484 2433 und Frl. Dühne) auf der andern Seite, dazwischen der
433 2416 1481 2473 alte durch das Lehen zu philosophischer Nachsicht gelangte
432 2445 1489 2512 Violinspieler mit der Strumpfwirkerin, die der Rückblick
432 2483 1473 2551 auf ihre Jugend weniger nachsichtig macht (Herr Gorday
422 2521 807 2573 und Frl. Hüle:)
865 2542 1477 2596 alles Gestalten von sprechender
418 2569 1482 2630 Lebenswahrheit. Wie Herrn Vogelreuter der sorglos
428 2597 1484 2674 leichtfinnige Ton in der gemütlichen Mundart von Herzen
426 2634 1474 2709 kam, und welch anmutiges Pendant dazu Fel. Geertz
415 2688 1472 2747 bildete! Wie Herr Frohnert die seelische Depression mit
421 2728 1474 2783 seiner Stimme zu malen wußte und welch bezaubernden
413 2771 1476 2824 Ausdruck Fel. Dühne für die innige, ernsthafte Verliebtheit
419 2803 1466 2865 zu dem Manne faad, der sich für eine Andere erschießen
415 2846 1478 2902 läßt! Von erschütternder Anschaulichkeit war es, wie sie am
424 2876 1481 2948 Schlusse das Schreckliche errät und zur Einsicht ihrer
425 2908 1385 3002 Situation kommt, die sie nicht zu überleben vermag.
2108 797 2810 903 Max Goldschmidt
2180 890 2549 978 Bureau für
2129 960 2651 1047 Zeitungsausschnitte
1882 1022 2891 1109 verbunden mit direktem Nachrichtendienst durce
2127 1083 2640 1155 eigene Korrespondenten.
1921 1127 2284 1210 Berlin N. 24.
2421 1148 2818 1220 Telephon: III, 3051.
1878 1195 2895 1244 —
2130 1260 2605 1336 Ausschnitt aus
2135 1380 2859 1496 een, Wege Blattsfdülhausen
2247 1629 2606 1739 8 — MRZ. 1904
2104 1764 2780 1854 Theater und Konzerte.
1903 1799 2940 1915 * Stadithealer. Von Arthur Schuitzlerkannten
1901 1890 2938 1960 wir bis jetzt nur den Elnäkker „Abschiedssouper“.
1908 1919 2951 2007 der während voriger Saison von Mme. Charlotte
1911 1979 2951 2059 Wiehe in französischer Uebersetzung aufgeführt
1910 2049 2937 2106 wurde. Mit einer gleich fröhlichen Tafelrunde wie
1912 2077 2938 2155 dort beginnt des gleichen Autocs „Liebelei“
1910 2131 2950 2208 die einen ach! so tragischen Abschluß nehmen soll.
1902 2185 2946 2238 Fritz Lobheimer wird vom betrogenen Gatten im
1896 2227 2929 2306 Duell niedergeknallt und sein ander Liebchen, die
1909 2270 2940 2352 träumerische Christine, gerät beim Empfang der
1889 2328 2944 2407 Hiobsbotschaft in rasende Verzweiflung und legl.:
1879 2385 2941 2447 Hand an sich, wenn anders wir nicht den Schmer¬
1902 2431 2972 2490 zensruf des Vaters bei ihrem Weggang deuten
1898 2481 2938 2532 sollen: Sie kommt nicht wieder! Schnitzler hat
1893 2519 2933 2573 hier ein altes Thema mit einer raffinierten Kennt¬
1891 2565 2945 2639 nis des Bühnenwirksamen varürt. Der entspre¬
1892 2617 2871 2698 chende Erfolg ist denn auch nicht ausgeblieben.
1927 2676 2932 2739 Für eine würdige Aufführung war durch Enga¬
1886 2716 2930 2809 gement des Darmstädter Hoftheaters Sorge ge¬
1881 2770 2935 2824 tragen. Frl. Frieda Eichelsheim als Christine hob
1883 2822 2929 2900 den letzten Akt zu erschütternder Tragik empor, so
1886 2864 2943 2944 naturwahr wußte sie dem seelischen und körperlichen!
1891 2903 2936 3007 Zusammenbruch bei der unerwarteten Nachricht vom
1893 2971 2927 3059 Tode ihres Geliebten Ausdruck zu geben. Die lebens¬
1883 3014 2927 3093 lustige Mizzi Schlager hatte in Frl. Lina Ziegler eine
1891 3068 2927 3149 sehr temperamentvolle Vertreterin. Für Christinens
1890 3111 2922 3191 Liebhaber, Fritz, legte Hr. Hacker eine vornehme Zu¬
1876 3153 2922 3244 rückhaltung der Gefühle an den Tag, wogegen Hr.
1873 3212 2924 3293 Kreidemann ein treffliches Pendant zur Mizzi abgab.
1873 3248 2929 3343 Das Verständnis für die Rechte und Ansprüche der
1886 3305 2905 3375 goldenen Jugendzeit betonte Hr. Wagner (Chri¬
1876 3320 2904 3432 stinens Vater) mit philosophischer Ruhe. Als
1876 3408 2933 3495 klatschende Katharina Binder war Frl. Anna Wis¬
1868 3461 2922 3533 thaler bestens am Platze. Das Haus wies besseren
1875 3504 2907 3573 Besuch auf wie bei den voraufgegangenen Schau¬
1872 3553 2920 3628 spielabenden und überhäufte die Darsteller mit herz¬
1869 3591 2373 3676 lich gemeintem Beifall.
2686 3602 2908 3681 a
