3436 4256
504 174 845 247 iebelei
296 160 1444 273 3  box 12/6
1892 189 2458 304 Norettaote Lula.
2753 201 3144 312 Aunshak
2079 311 2387 409 6-APR 1916
2318 562 2646 664 Theater.
2040 500 2994 747 anen wnt Senen 1u
1955 694 3003 772 die Zirektion entschlossen, zwei Dichtern Jung
1955 750 2994 825 Oesterreichs das Wort zu geben. Den Abend er¬
1970 806 3001 874 öffnete Felix Saltens „Ernst des Lebens“. Der
1983 929 3028 1007 Gegensatz zwischen dem jungen entnervten Baron,
1974 993 3025 1064 der im Nichtstun den Zweck des Lebens erblickt
1984 1025 3022 1106 und dem Professor, der durch Streben sich aus
1986 1069 3044 1156 der Tiefe zu seiner Position emporgerungen, ist =
1980 1127 3021 1196 meisterhaft gezeichnet, psychologisch weniger glück¬
1985 1178 3025 1245 lich das plötzliche Aufraffen zu sittlicher Kraft bei
1982 1230 3019 1289 ersterem, als ihm der Professor sein baldiges
1985 1268 3013 1339 Ende verkündet. Auf den Einakter, der einen tie¬
1978 1323 3027 1401 fen Cindruck hinterläßt, folgte Schnitzlers für
1975 1369 3030 1453 bereits des öftern gegebenen „Liebelei“, sowie
1988 1420 3020 1488 das flott entworfene Bild „Abschiedssonper“.
1986 1468 3037 1543 Wir sahen beides: den ernsten und den heiteren
1990 1521 3034 1595 Schnitzler; überflüssig ist zu bemerken, daß seine
1988 1572 3026 1651 Gaben, so verschiedengeartet sie auch sein mögen,
1979 1622 3024 1686 mit der gleichen Freudigkeit empfangen wurden.
1994 1672 3026 1735 Ein Schnitzler=Abend bedeutet ja stets eine gei¬
1984 1717 3037 1796 stige Erfrischung und so war auch dieser einer
2914 1763 3029 1825 Ge¬
1985 1767 2909 1843 der unterhaltendsten der heurigen Saison.
1990 1812 3029 1885 spielt wurde im allgemeinen gut, nur kam das
1993 1860 3036 1933 Wienerische, das ja eine typische Note seiner
1996 1911 3035 1977 Werke ist, nicht recht zum Ausdruck. Allein Frl.
1998 1975 3039 2030 v. Asten hat, namentlich in „Liebelei“ den rich¬
1983 2011 3035 2090 tigen Ton getroffen, Fräulein Bergner hat ihre
2002 2058 3050 2139 nicht leichte Rolle als Christine brav gespielt und
1999 2109 3046 2181 auch mit den Herren Wilhelm und Groß konnte
2006 2157 3049 2228 man zufrieden sein. Recht hölzern war der Mu¬
1999 2205 3052 2274 sikus Weiring des Herrn Kramer. Der Beifall
2003 2254 2932 2330 des recht gut besetzten Hauses war verdient.
2116 2299 3045 2374 „Zwischen 12 und 1“. Operette von Okon¬
2003 2359 3043 2419 kowski. Die Aufführung dieser „Operette“ zeigte
2013 2414 3047 2470 wohl den äußersten Tiefstand an, auf die unsere
2018 2449 3055 2519 Bühne in der heurigen Spielzeit herabgesunken
2018 2498 3060 2575 ist. Man kann sich kaum erinnern, jemals ein
2003 2564 3061 2620 Machwerk von so wenig Geist und Witz gesehen
2009 2590 3067 2676 zu haben, das seine innere Hohlheit durch ge¬
2013 2652 3061 2722 meine Zoten und öde Tingel=Tangel=Witze zu
2018 2702 3037 2768 verdecken sucht, den Text, bei dem 3 „Autoren“
2019 2744 3063 2830 mitwirkten, liegt offenbar im französischen Sudil¬
2020 2802 3060 2870 werk zu Grunde, die Musik ist aus Motiven der
2019 2843 3070 2913 verschiedensten Operetten zusammengesetzt. Es
2019 2888 3061 2977 gehörte viel dazu, ein derartiges Machwerk, be¬
2026 2943 3057 3019 sonders in der jetzigen großen ernsten Zeit zur
2029 2991 3067 3061 Aufführung zu bringen. Dieser Vorwurf richtet
2023 3050 3065 3112 sich indes erst in zweiter Linie gegen die Direk¬
2023 3082 3062 3156 tion. Diese tennt ihr Publikum und hat durch
2037 3135 3065 3209 eine mehrjährige Praxis die Erfahrung gemacht,
2033 3189 3062 3254 daß derartige Werke, mit denen wir heuer in so
2033 3235 3075 3318 reichem Maße bedacht wurden, stets volle Häuser
2036 3286 3077 3366 erzielen, literarisch wertvolle Stücke dagegen meist
2027 3342 3062 3414 nur bei einem kleinen Kreise Anklang finden, was
2036 3376 3070 3449 die Wiederholung des Liter. Abends bewies. Daß
2035 3431 3073 3501 die Aufführung solcher Stücke, wie die letzte Ope¬
2041 3491 3056 3542 rette, den künstlerischen Ruf einer Bühne arg ge¬
2041 3522 3088 3599 fährden, mag Herr Dir. Thurner mit sich selbst
2040 3577 3068 3648 abmachen; daß aber das Publikum zum überwie¬
2036 3618 3084 3705 genden Teile einem derartigen Werke stürmischen
2039 3664 3076 3736 Beifall klatscht, ist ein beschämender Beweis für
2041 3725 3082 3791 den Mangel an Moral und Kunstsinn, solche Leute
2031 3774 3082 3835 richten sich von selbst. Zum Schluß sei erwähnt,
2034 3818 3084 3880 daß die Blumenspenden nach der Güte des. Stük¬
2031 3867 3097 3930 kes zu schließen, wohl mehr der Person, als dem
2037 3916 3091 4000 Künstler galten. Obwohl solche duftende Zeichen
2031 3981 3083 4049 der Anerkennung zu gewöhnlichen Zeiten zu be¬
2041 4019 3081 4082 grüßen sind, konnte in der jetzigen schweren Zeit
2033 4060 3080 4142 der hiefür gemachte Aufwand most für andere
