3436 4256
432 170 821 243 Liebelei
953 158 1398 255 box 12/6
247 172 913 292 5. 1
517 416 1395 563 Teusgsblan aus Böhmen, Prag.
283 456 660 530 vom: SEFE6 1
639 521 747 582 1
291 595 923 695 (Liebelei.  Köntesse Mizi.
374 673 1307 749 Christine war diesmal Frl. Gottinger.
314 723 1394 802 Man konnte mit dieser Neubesetzung zufrieden 1#
322 779 1299 827 sein, denn ihre Darstellung war von erfreu¬
322 828 1303 895 licher Natürlichkeit und steigerte sich schließlich
316 879 1305 945 bis zu wahrhaft erschütternden Tönen. Ihr
318 924 1314 995 galt auch insbesondere der starke Beifall zum
321 977 1309 1040 Schlusse. Herr Böhm zeigte sich in der Rolle
310 1031 1300 1098 des Fritz wiederum als gewandter und intel¬
321 1064 1310 1147 ligenter Schauspieler. Als Komtesse Mizzi er¬
314 1121 1303 1192 schien Frl. Dewal. „Sie faßt diesen merk¬
308 1181 1304 1251 würdigen Charakter„zu ernst, die Ironie zu
311 1212 572 1280 schwer auf.
375 1837 785 1922 Lusschnitt aus:
794 1864 1488 1988 gbemis, Prag. Abendblatt.
586 1902 788 1984 3-TL319
365 1954 516 2007 om:
1072 2025 1426 2120 z (Deutsches
504 2051 744 2123 „Liebelei. 7
791 2036 1009 2127 „Komtsse,
789 2092 1429 2163 Vollt # #hßteman den¬
424 2071 704 2165 andestheater
421 2137 1427 2200 ften, das a#m abgegriffene Schicksal des
408 2199 1416 2254 Vorstadtmä#ens Christine rühren, jetzt, da wir
417 2236 1406 2296 ftäglich unvergleichlich gewaltigere Tragik erleben ...
427 2273 1418 2336 Aber es zeigt sich, daß Schnitzlers „Liebelei“ auch
417 2314 1423 2361 heute ein wirksames Theaterstück ist, obgleich es im
412 2360 1421 2414 Krieg, den es gegen die Jahre zu führen hatte, un¬
414 2410 1433 2462 zweiselhaft litt. Christine, die Hypersentimentale,
410 2449 1423 2500 unwahrscheinlich Naive, verträgt nicht mehr die
418 2480 1429 2556 rauhere, gesündere Luft des zwanzigsten Jahrhun¬
423 2531 1423 2584 derts, aber die Schlagermizzi ist echt, der alte Wei¬
426 2597 1433 2632 ring jung geblieben, und von Zeit zu Zeit sieht man
412 2620 1423 2681 den Alten gern. Dolores Gottinger bringt als
428 2667 1439 2727 Christine die konventionelle Skala von Sentimen¬
419 2700 1433 2762 talitäten und Empfindlichkeiten in so sorgfältiger
423 2748 1431 2818 und fleißiger Abtönung, daß man sich willig aller
423 2795 1430 2856 Einwände begibt. Louis Böhm zeichnet als Fritz
427 2837 1434 2908 Lobheimer einen auffallend unauffälligen jungen
429 2884 1444 2952 Mann, statt ihn auf den Anatolton hinzumimen.
428 2924 1439 2996 Sein Fritz ist nicht von Schnitzler, aber immerhin
431 2972 1434 3027 mal was anderes, und das ist schon etwas. Roma¬
421 3015 1429 3083 nowsky als Theodor von sympathischer Grad¬
417 3079 1426 3126 linigkeit, Karl Fischer als Weiring sehr eindrucks¬
428 3097 1430 3162 voll. Hoch über der übrigen Darstellung Frl. Me¬
424 3143 1434 3206 sdelsky als zwingend echte, frappierend lebens¬
423 3187 1413 3249 wahre Schlagermizzi. — In der „Komtesse Mizzi“
422 3235 1433 3295 diesem blendenden Feuilleton eines Dichters, der
431 3273 1438 3337 kein Blender ist, gibt Maria Dewal die Haupt¬
430 3316 1433 3387 rolle: mit unterstrichener Hervorhebung des Intel¬
432 3362 1435 3424 lektuellen und geistvoller Wurstigkeit. Neben ihr
422 3415 1448 3464 interessiert Otto Soltaus Philipp, in dessen kul¬
422 3442 1432 3518 tivierter Frechheit Jugend. Anmut und Fröhlich¬
1275 3493 1400 3564 W.
407 3501 765 3602 keit ist.
2250 170 2474 229 —
2361 225 3007 303 tsches Abendblatt, Prag
1897 233 2449 342 usschnitt a95
1905 339 2039 392 om:
2110 441 2798 534 Theater und Kunst.
2021 511 2922 579 Deutsches Landestheater. Volkstümliche Vor¬
1970 566 2922 636 stellung. „Liebelei“ Schauspiel; „Komtesse
1968 616 2926 669 Mizzi“, Komödie von Arthur Schnitzler. In
1968 652 2981 736 dem erstgenannten Schauspiel gab Frr.###ger
1970 686 2937 769 die Christine, und belebte die rührende Gestalt mit
1968 752 2930 819 schönem natür. chen Empfiaden und starken, ergrei¬
1981 814 2937 867 fenden Gefühlsausbrüchen. Das Publikum dankte mit
1977 852 2930 908 stürmischem Beifall. Neu besetzt waren auch noch die
1977 908 2933 958 beiden jungen Leute, die in den Herren Böhm
1982 953 2931 1013 und Romanovsky treffliche Darsteller fanden.
1977 1007 2940 1053 Glänzend wie schon oft in diesen Rollen waren Herr
1968 1049 2939 1098 Fischer als Hans Weiring und Fräulein Me¬
1970 1088 2942 1152 delsky als Mizzi Schlager. Auch die den Schluß
1982 1140 2938 1194 des Abends bildende Komödie „Komtesse Mizzi“ fand
1971 1183 2936 1242 die freundlichste Aufnahme. Fräulein Dewal ist
1983 1229 2941 1293 eine elegante, fein zurückhalt ade Komtesse Mizzi,
1975 1292 2961 1346 Herr Rittig ein vornehmst kultivierter Fürst
1985 1324 2947 1399 Ravenstein, dem Herr Frieberg als Graf Paz¬
1986 1376 2942 1441 mandy nicht unwert zur Seite steht. Herr Soltau
1982 1433 2947 1491 als Philipp, sowie Fräulein Klein (Lolo) und Herr
1964 1469 2955 1533 (Romanovsky (Wasner) vervollständigten ein
2770 1513 2929 1566 P. R
1978 1527 2442 1589 Eisches Zusammenspiel.
2924 1546 2971 1617 7
2181 1872 2606 1981 ugaue oube Gewühr.)
2239 1939 2889 2060 Klagenfurter Zeitung
1836 2015 2247 2111 Husschnitt aus:
2249 2048 2521 2145 11. MRZ 1974
1840 2135 2007 2198 vom:
1927 2177 2879 2311 Theater, Kunst und Musik.
1912 2284 2917 2373 (Jubiläums=Stadttheater.) Mit einer plötz¬
1869 2352 2914 2419 lichen Spielplanänderung wurde gestern Schnitz¬
1871 2405 2930 2476 lers „Liebelei“ auf die Szene geworfen.
1878 2442 2945 2526 Verartige Anderungen haben gewiß immer ihre
1879 2494 2936 2571 triftigen Gründe, nur sollte dabei nicht mit so
1874 2561 2941 2610 wertvollen Stücken experimentiert werden.
1880 2601 2994 2674 Schnitzlers Dialog, streckenweise vom Souffleur.
1883 2644 2987 2713 vorbuchstabiert, hie und da auch durch Impro¬
1889 2695 2997 2765 visationen aufgeputzt, ist doch ein Wagnis. Übri¬
1888 2751 2933 2831 gens wurde sehr geschickt gespielt, und wenn auch
1895 2799 2936 2864 von einer sorgfältigen Herausarbeitung des
1887 2847 2938 2905 wunderbaren Stimmungsgehaltes keine Rede
1899 2904 2931 2986 sein konnte, ging doch alles ohne merkbare Ent¬
1885 2944 2955 3010 gleifung vonstatten. Frl. Kren hatte endlich
1900 2989 2947 3069 eine „Rolle“; ihre Christine litt natürlich auch
1891 3038 2947 3121 unter dem Probenmangel, war aber doch eine
1894 3087 2950 3161 recht hübsche Leistung, vornehm im Ton, frei
1895 3134 2953 3214 von falscher Sentimentalität, im Schlußaffekte
1908 3193 2956 3263 allerdings ohne innere Resonanz. Der erste Akt
1910 3234 2956 3312 wurde durch Marianne Schindlers Munterkeit
1905 3289 2954 3358 belebt. Sehr gut war Theodor Grieg; wie glän¬
1911 3340 2954 3424 zend kopierte er z. B. den vornehmen Kellner
1972 3386 2968 3467 in derartigen kleinen Zügen zeigt sich oft der
1922 3431 2974 3518 „Schauspieler“. Mosers ruhige Natürlichkeit,
1914 3488 2958 3555 im zweiten Akte sehr am Platze, wird am
1908 3547 2975 3613 Schlusse doch zu leicht mit Teilnahmslosigkeit
2731 3587 2920 3660 Dr. L.
1914 3607 2202 3672 verwechselt.
