3436 4224
301 198 660 273 Liebeler
161 204 759 310 5.—
835 202 1271 288 box 13/8
2029 125 2673 201 at Der Josefstadt Theater
2090 221 2567 305 By Anita Grannis
2002 275 2676 345 VIENNA, Oct. 17.—Ferene Meinar’s
1975 316 2670 382 Istest çomeng, Die Fee,“ which Gilbert
1974 357 2680 426 ####ter soon will present in New Tork
1973 401 2662 456 under the title of The Good Fairy.“
1973 436 2680 505 has repeated its Berlin success here in
1961 478 2674 542 Mag Reinhardt’s Theate. in Der Josef¬
1967 518 2676 579 stadt. 1# production, staged by Dr.
1957 567 2668 631 Stelan Hock, one c. Reinhardt's biest
1949 593 2667 663 regisseurs (some of whose work New
1959 641 2674 708 Fork saw ## the Reinhardt seasor at
1953 682 2662 755 the Century Theater in 1927), was en¬
1955 723 2664 795 thuslastically receivid here. As the
1948 761 2673 828 Lttie movie“ usher who fancies she
1960 807 2662 871 brings peopie gund luck, Paula Wessely
1939 856 2668 909 gave an imaginative performance of the
1939 896 2656 949 role which Grete Mosheim created in
1939 920 2658 989 Berlin. A flawles: sob of ensemble act¬
1941 977 2665 1028 ling was done by a ast which includen
1948 996 2657 1076 Hugo Thimig, Richard Romanowsky,
1937 1062 2627 1111 Herbert Hubner and Attila Hoerbiger.
1976 1090 2650 1149 Owing to its immediate and com¬
1940 1134 2657 1193 plete success, Die Fee“ wil! monor olise
1925 1176 2660 1243 Ithe malor part of the playing schedule
1941 1227 2649 1262 at the Theater in Der Josefstadt for the
1927 1263 2657 1319 present. However, A. A. Milne's Mi¬
1941 1299 2655 1352 chael and Mary,“ which is called“ Big¬
1937 1340 2641 1393 amie“ here and which has been popular
1945 1380 2648 1439 with Vienna audiences for several
1939 1428 2645 1479 months, will be presented for occasional
1935 1464 2641 1535 performances alternating with Die
1944 1502 2069 1563 Fee.“
1958 1519 2635 1608 Later in the season an ##teresting
1944 1588 2634 1635 series of preductlons is planned for the
1937 1621 2643 1676 Theater in Der Josefstadt. Among them
1936 1658 2631 1722 Tare the first German production öf Lau¬
1933 1697 2646 1769 rei#t Dolllet’s Parisian comedy success,
1941 1742 2637 1801 Bourrachon“ Tales From the Vienna
1933 1771 2636 1842 Woods,“ a comedy by Oedon Horvath;
1931 1832 2636 1889 Savolr's“ The Royal Palr,“ Black Cher¬
1935 1882 2639 1927 ries, a drama by Alexander Kunyadi:
1917 1909 2635 1961 Donald Ogden Stewart's Rebound.“
1912 1953 2631 2010 Lengyel's Angel,“ Vickt Zaum's Pari¬
1913 1994 2651 2047 ser Platz 13“ and Ladislaus Fodor’s
1918 2022 2634 2098 Roulette.“ In honor of Arthur Schnitz¬
1904 2084 2639 2134 ler’s seventieth birthday,  Flirtation“
1911 2096 2641 2172 ("Ligbelef*) and The Distant Land“
1916 2161 2637 2217 (Das weite Land*) will be presented
1906 2200 2625 2247 here this season. Reinhardt has also
1908 2243 2629 2297 acqulrec Gerhardt Hauptmann's new
1893 2280 2630 2348 play,for Vienna and for Berlin produs¬
1917 2318 2621 2382 tion. He plans personally to stage here
1909 2366 2625 2419 during the first part of the season
1919 2396 2625 2462 Tweifth Night“ and Shaw'sSt
1894 2436 2063 2496 Joan.“
1952 2475 2632 2541 The latest solution of the widely dis¬
1899 2526 2639 2583 cussed problem of economy for Vienna’s
1894 2573 2632 2619 government-subsidized theaters is that
1911 2613 2639 2667 both the Burgtheater and the Vienna
1902 2659 2627 2707 State Opera will adopt a playing sched¬
1899 2694 2631 2740 ule of four nights a week each. The
1902 2740 2629 2785 Burgtheater will be open on Wednes¬
1906 2760 2629 2829 days, Fridays, Saturdays and Sundays:
1904 2810 2618 2872 the Opera, on Tuesdays, Wednesdays,
1894 2854 2614 2909 Saturdays and Sundays. Through this
1904 2905 2618 2953 expedient it is hoped to concentrate
1895 2938 2609 2988 audiences and to avold the necessity
1900 2983 2610 3036 for closing the Burgtheater entlrely—a
1900 3020 2611 3076 step which for a time was considered
1900 3059 2128 3112 seriously.
1923 3095 2604 3155 It is reported here that, except for
1905 3135 2612 3196 the opera singers Alfred Piccaver and
1894 3196 2604 3242 Maria Nemeth, the personnel of the
1891 3225 2609 3283 state theaters has agreed to the pro¬
1888 3266 2615 3324 posed salary cut, which will also be
1892 3303 2602 3369 shared by the directors, Clemens
1896 3352 2600 3409 Krauss, of the Vienna State Opera, and
1886 3384 2569 3434 Anton Wildgans, of the Burgti.##ater.
1920 3433 2586 3479 Two Berlin auccesses of last year
1892 3465 2598 3525 which are now playing here, and which
1884 3508 2594 3559 soon will be presented in New York, are
1882 3551 2605 3613 Fritz von Unruh's Phaea,“ at the
1874 3586 2599 3644 Deutsches Volkstheater, and Karl Zuck¬
1881 3636 2588 3693 mayer's The Captain of Kopenick,“ at
1878 3671 2220 3725 the Burgtheater.
1910 3710 2588 3761 Max Pallenberg soon will open a
1874 3759 2600 3791 guest engagement here at the Raimund
1875 3793 2429 3851 Theater in Fasek's“Schweijk.“
