3248 4320
531 140 694 218 ebe
489 152 529 218 1
258 121 1376 245 5. Lei box 10/1
1031 949 2445 1036 Parla= Salisbury's Orient=Ponnt, die er als eine Fori¬
1046 1005 2434 1080 Arbeiten setzung der seinigen bezeichnete und für welche er
1024 1055 2454 1127 immer in die wärmste Unterstützung der liberalen Partei ver¬
1031 1139 2431 1212 Roth. Die welche die evangelischen Schulen den Landtagen des Königreiches
1048 1194 1251 1245 dann in
1252 1207 2436 1264 Böhmen und des Herzogthums Schlesien, sowie der Commune der
1027 1222 1250 1290 ungen ab¬
1259 1245 2433 1318 Reichshaupt= und Residenzstadt Wien verdanken, und kündigte,
1024 1275 1244 1336 h Fräulein
1256 1292 2432 1355 nachdem er noch der im Ober=Kirchenrathe vorgekommenen Ver¬
1025 1309 1258 1377 isbesondere
1251 1326 2425 1405 änderungen Erwähnung gethan hatte, die Ein ingung einer Reihe
1033 1361 1238 1422 Professors
1251 1368 2437 1431 umfassender Vorlagen an, welche die Synode der kirchenver¬
1035 1406 1239 1466 (Sonntag)
1253 1417 2429 1480 fassungsmäßigen Berathung zu unterziehen haben werde. — Unter
1027 1447 1244 1513 hrend über
1251 1456 2438 1524 dem Vorsitze des Alterspräsidenten, Seniors Heinrich Kotschy aus
1026 1489 1239 1551 somit das
1246 1497 2428 1568 Wald, erfolgte sohin die Constituirung der Synode, bei welcher der mäh¬
1023 1534 1242 1608 häre eine
1250 1545 2423 1619 risch=schlesische Superintendent Dr. Theodor Haase zum Präsidenten,
1252 1576 2419 1655 der Reichsraths=Abgeordnete Karl Moriz Graf Zedtwitz zum
1027 1617 1236 1692 Eröffnung
1248 1615 2419 1696 Vice=Präsidenten und die Herren Senior Bünker (Trebesinj),
1250 1665 2426 1740 Pfarrer Prummer (Roßbach), Director Pilecka (Wien)
1025 1671 1231 1730 für Cultus
1027 1716 1248 1780 angelischen
1255 1714 2426 1782 und Director Dr. Niemic (Lemberg) zu Schriftführern gewählt
1245 1760 2426 1812 wurden. Präsident Dr. Haase, welcher unter dem Ausdruck
1022 1758 1244 1818 ischen Be¬
1044 1797 1232 1854 des k. k.
1243 1803 2421 1872 des Dankes für das ihm entgegengebrachte Vertrauen den Vorsitz
1049 1841 1237 1902 Rudolph
1245 1841 2417 1910 übernahm, beantragte sofort die Eutsendung einer Huldigungs¬
1239 1883 2428 1950 Depukation an den Kaiser, welcher Antrag mit lauter Begeisterung
1018 1869 1239 1951 ssion nach
1019 1922 1232 1993 eformirten
1241 1927 2419 1978 angenommen wurde. Die Deputation hat aus dem Präsidenten
1028 1961 1242 2026 se Super¬
1237 1967 2424 2032 und Vice=Präsidenten der Synode und dem Superintendenten
1015 2015 2422 2068 m Dienste Traugött Alberti (Asch) zu bestehen. Die Sitzung wurde hierauf
1024 2067 2426 2147 ach seiner geschlossen und die nächste Sitzung auf heute Vormittags 9 Uhr
1237 2091 1481 2155 anberaumt.
1018 2093 1230 2153 3ist,“ be¬
1032 2139 1231 2195 Nächsten¬
1320 2141 2430 2222 [Max Halbe.] Herr Max Halbe, der Autor der so rasch
1027 2179 1231 2249 ebe ist der
1241 2186 2417 2259 berühmt gewordenen „Jugend“ hat auf seiner Reise von München
1027 2219 1225 2281 rApostel:
1252 2236 2416 2303 nach Berlin kurzen Aufenthalt in Wien genommen. Der junge
1050 2269 1233 2326 aber die
1235 2278 2411 2348 Dichter fühlt sich hier außergewöhnlich angeregt und will später
1045 2306 1231 2369 aber wol
1245 2322 2417 2387 einige Monate in Wien verleben. Vorläufig wendet er sich nach
1022 2354 1231 2427 jossen ist,
1240 2356 2410 2437 Berlin, um sein neues Werk, die Comödie in fünf Acten: „Lebens¬
1041 2397 1230 2452 nachdem
1232 2393 2409 2467 wende“ dort am Deutschen Theater zur Aufführung zu bringen.
1046 2439 1232 2493 n Leiden¬
1226 2455 2410 2522 Das Werk spielt in Berlin, in unserer Zeit. Es ist vor Kurzem
1116 2483 1226 2539 3 zer¬
1230 2483 2411 2556 vollendet worden. „Ich habe den Stoff seit Jahren gleichsam mit
1160 2526 1230 2586 aß
1235 2535 2416 2598 mir herumgetragen. Es ist aus einem Erlebniß gestaltet worden.
1242 2576 2402 2648 In kaum zwei Monaten war das Stück vollendet,“ erzählte der
1239 2618 2409 2684 junge Dramatiker einem seiner Wiener Freunde. Max Halbe ist
1189 2665 1232 2701 6
1231 2659 2412 2708 ungefähr dreißig Jahre alt. Auf der mittelgroßen, eckigen Gestalt
1191 2698 1225 2735 *
1233 2697 2407 2768 sitzt der Blondkopf mit der hochgewölbten Stirne und dem heraus¬
1190 2726 1230 2776 2
1238 2750 2410 2796 gebauten Unterkiefer. Das helle Haar bäumt sich in dichtem
1228 2782 2415 2850 Wuchse empor. Sein Antlitz wird von dem wechselnden Ausdruck der
1167 2824 1221 2879 er
1231 2825 2400 2901 blauen Augen, die bald verträumt zu sinnen scheinen, bald lebhaft an¬
1044 2862 1220 2922 öd des
1231 2864 2403 2941 geregt hinter den scharfen Gläsern erglänzen, interessant belebt.
1045 2903 1221 2972 8 ckirche
1236 2920 2408 2968 Halbe macht den Eindruck großer Nervosität. Sie wird in seiner Rede
1041 2966 2408 3008 nithe zu deutlich, die in dem hellen Ton seines Organes immer vibrirend
1055 3001 2402 3081 zungen,scheint, und der Accent des Westpreußen ist übrigens unverkenn
1936 3101 2290 3309 27
1451 3077 1930 3317 1
