3484 4224
441 194 665 265 Liebe
915 194 1396 281 box 11/1
244 192 816 311 5. LeSZe1
1413 1511 3256 1589 Schausviel „Liebelei“ gegeben, das schon über auf die moderne Literatur, die der Einakter enthält,
1417 1537 3246 1628 verschiedene hiesige Bühnen gewandert ist. Das offenbar in ihrer Mehrzahl nicht und wußten nicht
1412 1588 3269 1692 Stück, das ein erschreckend lebenswahres Bild aus recht, was sie mit den witzigen Pointen anfangen
1421 1630 2486 1687 dem Sumpf der Wiener Lebemänner entrollt, und  sollten.
1412 1670 2327 1716 dessen Gestalten durchweg getreu nach der Wirklich¬
1411 1706 2346 1752 keit gezeichnet sind, wurde auf der Schiller=Bühne
1425 1737 2343 1815 in einer vorzüglichen Darstellung dargeboten. Fräu¬
1423 1783 2269 1827 lein Wasa, die die Christin= spielte, war
1423 1819 2354 1886 Sprache und Temperament frullich kein „Wiener
1418 1868 2340 1921 Mad'!“, aber sie war mit Leib und Seele das ein¬
1422 1898 2335 1963 fältige, vertrauensvolle, sterhensverliebte junge Blut,
1416 1939 2337 1994 das mit allen Fasern seines Herzens zum ersten
447 1894 1293 2042 Dr. Max Goldschmidt
1412 1974 2347 2037 Male liebende Kind aus dem Volke, das vernichtet
1482 2020 2347 2085 sammenbricht, als zum Schluß die unfaßbare
619 2010 1064 2101 . . Bureau für
1443 2055 1499 2101 Bo
1508 2061 2336 2115 schaft kommt, daß der Geliebte um einer
1421 2106 2343 2152 anderen willen in den Tod gegangen ist, und daß
616 2074 1154 2184 Zeitungsausschnitte
1413 2131 2342 2199 sie ihm weiter nichts war als ein Zeitvertreib für
384 2119 1392 2253 verbunden mit direktem Nachrichtendienst durch
1418 2181 2335 2236 müßige Stunden. In der Schlußszene, in der es
621 2190 1162 2287 eisene Korrespondenten.
1422 2207 2335 2271 Cbristine zum Bewußtsein kommt, welch frevelhaftes
1414 2249 2325 2308 Spiel der junge Lebemann mit ihr getrieben hat,
911 2230 1343 2324 Telephon: III, 3051.
1229 2282 1386 2356 —
1417 2292 2344 2341 spielte Frl. Wasa das arme zertretene Geschöpf mit
1037 2309 1129 2367 ——
421 2277 839 2364 Berlin N. 24.
1418 2334 2336 2384 erschütternder Lebenswahrheit. Neben der Dar¬
1421 2362 2331 2430 stellerin der weiblichen Hauptrolle fand namentlich
674 2370 1127 2467 Ausschnitt aus
1413 2403 2332 2447 Herr Max Pategg, der den alten Musiker, den
1418 2442 2340 2499 Vater der Christine gab, den das Leben mürbe und
1414 2496 2336 2541 nachsichtig gemacht hat, Töne, die ins innerste Herz
544 2438 1180 2561 Der Reichsbote, Berii
1421 2517 2336 2561 griffen. Sehr gut besetzt war auch die Rolle der
1418 2559 2335 2603 feschen, leichtfertigen, gedankenlosen Freundin Chri¬
1418 2601 2321 2652 stinens, die Frl. Gußmann, namentlich im ersten
696 2589 1100 2705 34 0CL. 1903
1425 2636 2333 2687 Akt, mit köstlicher Frische und echt wienerischer Leb¬
1412 2673 2325 2723 haftigkeit verkörperte. Die beiden Wiener Lebe¬
1415 2711 2316 2772 jünglinge wurden von den Hexren Paeschke und
1415 2752 2326 2810 Herrmann wirkungsvoll dargestellt. Der Erfolg des
756 2760 1060 2851 Aumi mne7
1410 2802 2323 2839 Stückes war ein sehr starker, und die Darsteller wurden
1420 2838 2316 2884 nach jedem Akte mehrmals auf die Bühne gerufen.
1407 2877 2312 2927 Weniger Beifall fand der Einakter „Literatur“
1409 2903 2324 2968 ein Lustspiel von Artbur Schnitzler, das zum
1409 2948 2328 3020 Schluß gegeben wurde. Das Stück, das vor etwa
1409 2984 2315 3043 zwei Jahren im Deutschen Theater zum ersten
665 2985 1239 3066 Theater und Musik.
1408 3019 2330 3079 Male gegeben wurde, ist eine etwas gesuchte Plauderei
554 3062 2321 3118 R. G. Im Schiller=Theater N. wurde gestern aus der literarischen Bohème. Die Besucher des
485 3097 2352 3168 abend zum ersten Male Arthur Schnitzlers! Schiller=Theaters verstanden die vielen Anspielungen!
