3436 4352
256 193 812 282 5. Liebelei
962 195 1374 292 box 10/1
543 582 1335 684 Sheater, Kunst und Literatur.
500 646 1448 723 (Burgtheater.) Der gestrige Abend brachte zwei
331 693 419 766 us
422 721 1439 768 Erstaufführungen. In einer Uebertragung von O. Eisen¬
416 760 1441 822 schütz wurde Giacosa's einaktiges Schauspiel „Das
419 809 1448 875 Recht der Seele“ und hierauf Arthur Schnitzler's
411 871 1443 933 dreiaktiges Schauspiel „Liebelei“ gegeben. Das
425 907 1453 963 Hauptinteresse richtete sich auf die zuletzt genannte Novität,
300 887 412 969 gab
427 951 1447 1007 deren Autor der Wiener Schriftstellergemeinde angehört
311 995 404 1057 ßes
419 1010 1452 1067 und in der hiesigen Gesellschaft geschätzt und wohlbekannt
317 1039 414 1111 ind
433 1045 1443 1103 ist. Das Resultat läßt sich etwa in Folgendem feststellen: Der
1466 1047 1591 1138 77
419 1113 1436 1154 erste Akt, der frisch und keck einsetzt, fast allzukeck für die guten
421 1141 1436 1202 Sitten des Burgtheaters, erzielte den reichlichsten Applaus,
328 1184 408 1246 che
420 1190 1438 1255 der zweite Akt gab noch zu mehrfachen Hervorrufen Ver¬
323 1241 1445 1302 nig anlassung, aber man merkte schon, wo es hinaus solle,
330 1280 1439 1332 ten und dem Wohlwollen, das der liebenswürdige, junge
1558 1174 1804 1382 000
335 1330 1446 1411 ig.] Schriftsteller genießt und verdient. banate bereit insgebeim
754 1450 1596 1511 vor der Erscheinung eines halben Siegeo,
757 1490 1800 1561 Theater wenigstens, mit einem Mißerfolge sehr nahe ver¬
758 1531 1777 1609 wandt ist. Der letzte Akt schien diese Befürchtungen fast
744 1592 1783 1650 zu rechtfertigen, denn der Beifall, der den Verfasser des
760 1637 1771 1689 Schauspiels wieder vor die Rampe rief, war nicht frei
757 1667 1774 1753 von den überflüssigen und unter allen Umständen zu miß¬
749 1720 1728 1780 billigenden lanten Aeußerungen der Unzufriedenheit. —
757 1775 1770 1840 Fräulein Sandrock nahm sich der Sache mit Liebe und
754 1813 1767 1877 Feuer an und zog die Rührseligkeit des letzten Aktes in
747 1865 1762 1919 eine edlere Sphäre. Fräulein Kallina zeigte eine neue,
758 1917 1763 1968 sonbrettenhafte Seite ihres Talents und spielte die Rolle
754 1958 1759 2016 eines Wiener Mädels vom leichten Schlag sehr ver¬
748 2004 1780 2074 dienstlich. Sonnenthal gab eine Art Musikus Miller
747 2056 1763 2108 aus „Kabale und Liebe“ mit rührender Einfachheit und
1779 2076 1825 2148 r
753 2093 1781 2153 leichtem Wiener Dialekt=Anklang in seiner gepriesenen
748 2139 1812 2215 Art. Herr Kutschera, der einen zwischen Leichtlebigkeit
755 2186 1803 2250 und Sentimentalität schwankenden Liebhaber darzustelles i
756 2231 1821 2296 hatte, war gut, und Herrn v. Zeska's froh=!
754 2276 1834 2349 launige Junggesellen=Bonhommie wirkte beim Erfolg“
751 2336 1771 2390 des ersten Aktes sehr verdienstlich mit. In einer
756 2379 1773 2439 kleinen Episode haite Fräulein Walbeck Gelegenheit,
751 2424 1788 2494 ihr Oesterreicherthum liebenswürdig zu entfalten. Mitter¬
751 2474 1835 2554 wurzer zeigt, sich auch darin als Schauspieler ersterg
742 2518 1789 2590 Ordnung, daß er — wie gestern — Rollen übernimmt,
742 2567 1831 2632 die nicht viel mehr als ein paar Sätze enthalten, aber er#g
746 2618 1808 2676 besitzt die Gabe, aus einem kleinen Nichts ein Etwas zu !“
752 2644 1778 2723 machen. — Der Einakter, „Das Recht der Seele“ der
755 2703 1820 2783 dem Schnitzler'schen Schauspiel voranging, behandelt;
756 2755 1775 2820 ein tiefer erfaßtes Problem und einen interessanten
750 2796 1765 2868 Konflikt. Es soll davon, ebensowohl wie von „Liebelei“
754 2847 1834 2921 morgen noch des Eingehenderen die Rede sein. Herrsa
745 2886 1779 2951 Hartmann und Frau Hohenfels spielten
743 2949 1826 3015 diese kleine Tragödie einfach hinreißend schön. Man hat Frau
751 2990 1761 3045 Hohenfels von dieser Seite bislang kaum gekannt
747 3034 1769 3098 und war überrascht von der Natürlichkeit und tragischen!
1766 3043 1805 3084 P
742 3080 1828 3122 Wärme ihrer Darstellung. Krastel's unbedeutende Auf=e
742 3121 1779 3193 gabe in dem Stück hätte auch von einem Geringeren
739 3160 1808 3229 gelöst werden können. Die Aufnahme der Novität wari
1772 3227 1831 3269 2
739 3219 1756 3280 eine sehr freundliche; viel mehr ist bei Komödien, die nicht
737 3263 1768 3340 darauf angelegt sind, Behagen zu erwecken, wohl kaum
735 3313 992 3381 zu erwarten.
1552 3308 1736 3382 p. V. 8.
834 3346 1770 3429 * Im Burgtheater beginnen am 20. d. M.
739 3421 1768 3480 die Aumeldungen für dem Cyklus der sieben Königs¬
740 3458 1832 3540 dramen, doch sind in Folge der starken Nachfrage seitens
744 3508 1828 3594 de Schulen sowie zjahre nur mehr Sitze zu ##l.
2151 1103 3345 1171 sieuler als Hauptsteuer aus. Als Endziel der Steuer= „sanfte
2148 1153 3349 1214 reform wurde allgemein nur die staatliche Einkommen= gehalte
2406 1295 2919 1398 Feuilleton.
2490 1479 2852 1585 Theater.
2144 1572 3116 1648 K. k. Hofburgtheater: „Rechte der Seele“. Sch
2152 1641 3119 1688 spiel in einem Acte von Giuseppe Giacosa. — „Liebele
2153 1692 3149 1757 Schauspiel in drei Acten von Arthur Schnitzler. Zum
2334 1747 3022 1802 ersten Male aufgeführt am 9. October.
3192 1813 3287 1869 Weit
2193 1815 3172 1872 * Die neue literarische Strömung reicht bereits vom
3200 1861 3315 1927 Gast,
2150 1872 3180 1929 Nordcap bis zum Vesuv, von der Newa bis zum
2150 1926 3173 1985 Manzanares. Giacosa und Schnitzler vertreten Turin
3190 1915 3343 1978 den sei
3188 1965 3338 2027 Briefe.
2142 1965 3174 2037 und Wien. Gestern sahen wir im Burgtheater Stücke
3189 2016 3348 2078 Fritz L
2143 2021 3175 2075 dieser Autoren. Wahrheit streben die Modernen an.
3190 2064 3344 2131 den To
2147 2061 3175 2127 Nun auf das, was sie thun, sollen sie geprüft werden.
2147 2117 2884 2181 Geben wir dem Wiener den Vortritt.
3188 2115 3349 2178 sterben.
3182 2168 3327 2224 Leben
2187 2178 3176 2228 Schnitzler hat französisch angefangen und giebt nun
2140 2216 3171 2283 eine Legirung von Norwegisch, Französis., Wienerisch.
3191 2212 3343 2278 gesehen.
3049 2269 3173 2324 estern
3183 2266 3352 2328 schreckun
2149 2261 3089 2326 Mimi Pinson und Mizi Schlager sind #
3230 2314 3360 2375 Dem
2155 2317 3177 2373 verschiedenartiger Eltern. Der Leichtsinn kosmopolisirt
3183 2362 3363 2430 Stimmit
2149 2363 3171 2422 sich. Es scheint, daß Schnitzler der Murger Wiens
3180 2416 3340 2478 in die
2150 2415 3169 2474 werden will. Indessen Moral lehren alle Dramen¬
3183 2461 3350 2531 Handlun
2139 2464 3169 2523 dichter, die alten und die neuen. Die Einen stellen
3192 2512 3348 2579 erörtert
2145 2518 3167 2569 Ideale auf, die Anderen wollen abschrecken. Die Einen
3189 2567 3335 2625 Auf d
3198 2611 3349 2681 Richtun
2135 2623 3179 2690 sub rosa verbergen. Zu den Unaufdringlichen gehört
3187 2664 3316 2729 nisse.
2144 2663 2370 2729 Schnitzler.
2190 2721 3176 2786 Der Titel „Liebelei“ zeigt, was Schnitzler will.
3184 2715 3347 2776 hoher
3197 2766 3341 2830 täuscht,
2144 2762 3177 2815 Er spaltet scharf; Liebelei ist nicht Liebe. Wiener
2155 2811 3355 2866 Liebelei also sollen wir sehen, hören. Maiblumen, uns er
2159 2864 3356 2949 Guitarre, Wein, Tanz und süße Kuchen, wir athmen zu sprec
2342 2976 3306 3154 C
