3484 4256
306 233 737 303 Liebelei
863 233 1301 327 box 13/4
311 289 719 340 —
895 629 1138 686 I. Oesterr.
494 620 1232 701 OBSERVER veneret, kons.
355 641 488 729 85
489 698 1237 742 Büro für Zeitungsnachrichten
486 720 1232 781 WIEN I, WOLLZEILE 17
362 719 490 790 313
687 819 1082 917 Reichsport, Wian
360 840 416 923 2
724 930 1205 1019 28 FEB 1933
632 1075 1061 1162 Neut Tonfilme.
713 1146 988 1224 „Liebelei.“
260 1215 1417 1303 Nach dem gleichnamigen Bühnenstück von
598 1258 1083 1334 Artur Schnitzler.
353 1300 1420 1397 Nach langem wieder einmal ein Film, der sich neben
259 1348 1412 1439 seinem literarischen Vorbild selbständig behaupten kann,
265 1401 1416 1481 weil die Verfasser des Drehbuches — Hans Wilhelm
260 1447 1417 1526 und Kurt Alexander — ebenso wie der Regisseur es
257 1499 1420 1581 verstanden haben, die Bühnenhandlung ohne gewaltsame
262 1541 1085 1608 Aenderungen ins Filmische zu übersetzen.
342 1589 1418 1639 Daß hiebei aus der „Liebelei“ gewissermaßen eine
261 1613 1401 1695 „Liebe“ wird, kommt der Transkription nur zustatten.
293 1663 1404 1743 Max Ophüls erweist sich als ein handwerklich ganz vor¬
270 1709 1408 1786 trefflich geschulter, wenn auch nicht sonderlich Neuem zu¬
269 1751 1417 1833 strebender Regisseur, er weiß vielleicht mehr von richtiger
272 1789 1409 1858 Bild- und Tonwirkung als mancher seiner, revolutto¬
264 1837 625 1899 nären“ Kollegen.
332 1864 1403 1950 Die Reihe der Darsteller dieses Elitetonfilms
264 1931 1395 2009 (Monopol für Oesterreich: Luxfilm) weist durchwegs
255 1971 1408 2048 Namen von Rang und erprobtem Können auf: Paul
369 2017 1392 2074 biger, Magda Schneider (als überaus
257 2049 1401 2135 sympathische Verkörperung der Christine), Luise Ullrich
268 2103 1402 2164 (eine echt wienerische Schlager=Mizzi in jeder Geste und
353 2147 1395 2225 jedem Wort), Gustav Gründgens, Olga
244 2165 744 2249 Tschechowo, Willy
780 2190 1164 2256 Eichberger.
1161 2202 1397 2268 Wolfgang
249 2219 1382 2300 Liebeneiner und Paul Otto geben dem Film die
254 2266 1401 2359 Note einer mehr als gediegenen, stellenweise sogar aus¬
245 2315 692 2402 gezeichnetm Leistung.
346 2531 1172 2641 „OBSERVER
443 2622 1123 2693 I. österr. behördl. konzessioniertes
395 2679 1152 2732 Unternehmen für Zeitungs-Ausschnitte
465 2734 1084 2801 WIEN, I., WOLLZEILE 11
540 2792 1015 2850 TELEPHON R-23-0-43
352 2907 720 2993 Ausschnitt aus:
722 2926 1134 3017 ede Zeilung, Wien.
658 3044 900 3156 27.F
354 3132 495 3209 vom:
719 3252 983 3399 Film
714 3384 944 3444 „Liebelei“
290 3422 1420 3495 Der Film kommt um zwei Generationen zu spät. Es be¬
258 3491 1423 3552 steht heuzutage nur geringe Duellierungsgefahr, und die
256 3545 1414 3599 Sache mit den jungen Leutnants ist auch nicht mehr so
253 3591 1414 3634 schlimm. Wir haben also verstaubte Tendenzen in neuzeit¬
261 3631 1390 3698 licher Aufmachung vor uns. Schnitzler war auch damals —
257 3671 1408 3732 als er zeitgemäße literarische Lanzen für und gegen brach —
252 3731 1413 3780 nicht jedermanns Sache. Das alles hindert freilich nicht, daß
251 3776 1412 3834 wir diesmal einem brillant gemachten Film gegenüberstehen.
249 3826 1411 3878 Er behauptet sich sogar schauspielerisch, aber nur bis knapp
258 3871 1417 3921 vor Schluß. Dann allerdings gibt es — interpretiert durch
251 3923 1407 3975 Magda Schneider — einen von der Regie inspierierten
255 3969 1402 4023 Monolog, den man nur mit dem eindeutigen Wort „Ver¬
250 4013 1411 4059 sager" bezeichnen kann. Bis dorthin aber sei dem Film
245 4056 1035 4125 hunderprozentge Qualität zugestanden.
1233 4062 1372 4136 g. f.
1867 1412 2714 1524 „OBSERVER'
1962 1507 2664 1568 I. österr. behördl. konzessioniertes
1922 1546 2691 1629 Unternehmen für Zeitungs-Ausschnitte
1998 1604 2612 1684 WIEN, I., WOLLZEILE 11
2070 1668 2548 1730 TELEPHON R-23-0-43
1879 1795 2735 1965 Auschnsnt, Mtetelsehriehten Wien
2122 1913 2602 2016 28 FER 1933
1870 2024 2013 2085 vom:
1987 2097 2703 2238 Eilmund Kino
2173 2223 2512 2300 „Liebelei“
1797 2284 2845 2350 Schnitzler vertonfilmen — das geht natürlich so
1762 2314 2937 2389 wie überhäupt nicht. Vielleicht den Grünen Kakadu“ oder
1760 2380 2913 2426 den „Medardus“ — aber „Liebelei“? Nein. Das ist un¬
1772 2427 2924 2465 möglich. Max Ophüls, ein kluger und auch geschmackvoller
1758 2475 2928 2535 Regisseur, hat sich immerhin ein an sich brauchbares Dreh¬
1762 2507 2925 2569 buch schreiben lassen (von Hans Wilhelm und Kurt Alexander)
1763 2555 2917 2612 und er selbst führt ausgezeichnet Regie; mitunter ist daher
1762 2583 2924 2668 sogar ein Hauch von jener Wiener=Atmosphäre vorhanden,
1762 2635 2515 2688 die um die Christine Weyring war.
1796 2666 2921 2735 Magda Schneider (bei der Premiere persönlich an¬
1754 2712 2915 2777 wesend, liebreizeid, schneesonnenverbrannt, persönlich viel¬
1759 2766 2920 2824 leicht noch vier scharmanter als auf der Leinwand) spielt die
1761 2792 2924 2863 Hauptrolle gewiß voll Wärme und Junigkeit, aber es ist
1757 2850 2917 2905 keine Wiener Christine. Die beiden Freunde Fritz und
1747 2889 2908 2931 Theodor (hier als Dragoneroffiziere) sind sehr unterschied¬
1753 2926 2912 2998 lich besetzt. Den Fritz gibt Wolfgang Liebeneiner mit
1752 2962 2913 3024 norddeutschem Akzent, liebenswert, ein wenig knabenhaft,
1750 3014 2914 3072 während Willy Eichberger als Theo eine richtige Wiener
1753 3047 2920 3120 Figur ist, wenn auch polemisch (!) ausgenützter Duell¬
1755 3104 2922 3163 gegner und Rebell gegen seinen Oberst. Luise Ullrich
1749 3142 2908 3206 als Schlager=Mitzi hat zweifellos Wiener Lust um sich,
1748 3191 2921 3241 aber die Schlager=Mitzi muß eben auch im Tonfilm anders
1753 3225 2915 3277 aussehen, wenn sie an ihr großes Vorbild erinnern soll.
1752 3264 2917 3316 Gründgens als „fremder Herr“ vorzüglich, Paul Här¬
1748 3297 2304 3365 biger als alter Weyring
2363 3314 2924 3367 der beste Mann im Feld.
1799 3350 2915 3407 Der Film ist, von prinzipiellen Einwänden abgesehen,
1757 3379 2164 3472 durchaus akzeptabel.
2674 3400 2890 3459 W—bauer.
