3344 4224
155 117 279 194 5
322 111 654 188 Liebele
853 113 1255 199 box 13/5
285 165 711 228 „
597 876 968 978 5 0KT. 1933
380 1019 912 1093 BY IRVING SCHWERKE
274 1068 1023 1130 LIEBELEI, play in three acts, by Arthur
305 1115 1027 1170 Schniteler. Freuch translation by Su¬
313 1158 1020 1218 zanne Clauser. At the Vieur-Colom¬
305 1191 428 1250 bier.
308 1234 1027 1305 The Pitoeffs opened their season
276 1254 1020 1326 Thursday afternoon stthe Vieux-Colom¬
276 1317 1036 1368 vier, giving an excellent presentation of
272 1346 1036 1406 Arthur Schnitzler’s Liebelei. The play,
277 1396 1026 1449 already well knöwn to Parisians through
277 1429 1033 1482 he film version shown about town last
275 1475 1025 1516 eason, was warmly received. Notwith¬
280 1512 1027 1563 tanding the fact that Mme. Clauser had
290 1552 1039 1597 nade an excellent adaptation of the
282 1594 1034 1632 vork, and that the costuming and stag¬
289 1623 1030 1678 ng were clever, I feel that the suceess
294 1667 1035 1708 f the enterprise was due principally to
282 1702 1029 1750 ludmilla Pitoeff, charmingly appealing
292 1742 1037 1783 s Christine Weiring, and her efficient
298 1781 1032 1824 onfrères Mmnes. Agnes Capri (Mitzie
294 1816 1029 1871 chlager), Nora Sylvère (Catherine
299 1840 1041 1897 linder), MM. Balpetre (Weiring), Mar¬
298 1892 1039 1937 el Herrand (Fritz Lobheimer), Louis
294 1932 1032 1979 alou (Theodore Kaiser), Raymond Da¬
299 1973 1038 2013 and (Un Monsieur) and little Fvette
299 2009 1041 2064 aillon (Lina). As everybody saw Liebe¬
295 2051 1034 2096 1 in the cinema, everybody knows its
309 2085 1048 2139 ory—that it gives a glimpse of life and
311 2127 1032 2176 ve In pre-War Vienna. If at times the
308 2157 1048 2208 tion seemed a trifle slow or strained,
310 2203 1038 2253 ie must remember that Schnitzler’s
305 2224 1042 2287 iblic was sentimentally inelined, free
287 2271 1025 2328 krom the rush and worry of what peo¬
290 2323 1030 2368 ple call our modern times, that the en¬
285 2353 1035 2407 joyment they got out of an evening in
281 2391 1031 2432 the theatre. did not depend upon menus
274 2425 1030 2472 of depravity and sex gone rampant.
280 2463 1041 2518 Those were apparently the good old
275 2505 1047 2552 days when the theatre was content to
280 2546 1044 2597 relax and amzuse its customers, at times
275 2586 1034 2652 give them a vision of tragic nobility and
272 2621 486 2677 grandeur.
319 2663 1048 2720 The Pitoeffs opened their seance with
281 2707 1044 2748 a öne act drama, also by Schnitzler and
282 2738 1040 2791 translated by Mme. Clauser, entitled Des
278 2773 1042 2827 Derniers Masques, It was acted by Bal¬
278 2816 1044 2866 petre (Charles Rademacher), Henrz
286 2863 1046 2907 Gaultier (Florian Jackwerth) Louis
276 2878 1048 2947 Salon (Alexandre Weihgast), Raymond
284 2927 1045 2981 Dagand (Dr. Halmschloger), Serge de
282 2972 1047 3013 Sawely (Dr. Thann) and Mme. Nora
280 3001 1043 3062 Sylvere (Nurse Paschanda). The gist of
285 3050 1036 3100 the action is the passing of a journalist
281 3087 1045 3143 who dies because of discouragement—
287 3117 1048 3173 they don't do it that way nowl—and
286 3163 1036 3225 frankly, it was tiresome and overdone,
284 3200 1048 3237 and I forbid anyone to believe that
279 3234 1040 3278 journalists are or can be killed off by
287 3270 1043 3317 discouragement. In fact, most reporters
282 3313 1043 3366 will tell you they thrive on it and take
296 3353 963 3416 it every morning with their coffee.
2454 253 2699 343 unschimte
2008 322 2649 407 WIEN, I., WOLLZEILE 11
2096 394 2559 459 TELEPHON R-23-0-43
1901 516 2272 604 A#.rschnitt aus:
2201 617 2705 752 Nenes Eiener Joul se5.
1890 750 2324 867 vom:  5.0KT.
1781 885 2936 1012 Schnitzlers „Liebelei“ in Paris.
2290 1019 2408 1086 Von
2180 1052 2518 1143 H. J. (Paris).
2394 1119 2928 1200 Paris, Anfang Oktober.
1846 1172 2974 1249 Im Théätre du Vieux Colombier brachte die Compagnies
1753 1230 2959 1297 Pitoeff „Liebelei“ von Artur Schnitzler zur französischen Ur¬
1750 1281 2968 1337 aufführung. Etwas spät, wenn man bedenkt, daß die Wiener
1752 1324 2973 1388 Erstaufführung im Jahre 1895 im Burgtheater stattfand. Was
1753 1378 2980 1432 die Veranlassung dazu gab, das Verspätete heute nachzuholen,
1753 1429 2971 1485 ist vielleicht eine Art von schlechtem literavischem Gewissen,
1754 1487 2976 1560 jahrzehntelang an dem großen Wiener Dichter vorbeigegangen
1762 1529 2983 1596 zu sein. Pitoeff hatte schon im vergangenen Jahr Schnitzlers
1757 1560 2972 1632 „Reigen“ hervorgeholt. Er näherte sich mit dieser Wahl sicher¬
1762 1616 2977 1689 lich sehr dem Geschmack der Pariser Boulevardbühne an, aber
1770 1658 2977 1729 er hat kaum damit dem Dichter gedient. Daß er sich diesmal
1764 1712 2982 1788 für die „Liebelei“ entschied, veranlaßte sicherlich der ganz
1763 1764 2976 1814 außergewöhnliche Erfolg, den der „Liebelei"=Film seit Monaten
1772 1822 2986 1879 in deutscher Sprache auf der Leinwand eines ambitonierten
1774 1864 2323 1943 Pariser Kinotheaters erzielt.
1864 1895 2987 1981 Der Julzenierung, für die Georges Pitoeff selbst zeichnete,
1780 1977 3013 2065 ist zu allererst der Vorwurf zu machen, daß sie sich nicht die
1771 2031 2998 2112 geringste Mühe gibt, die stimmungsmäßigen und gesellschaft¬
1771 2097 3009 2163 lichenssetzungen, aus denen sich Schnitzlers Tragödie
1782 2142 3004 2209 entwickelt, herausenarheiten Wo bleibt der Duft, der leichte
1777 2193 3001 2251 Rausch, die Hingegebenhei und Naivität, die über den Dialogen
1783 2238 2360 2293 Schnitzlers unvergänglich sche
2435 2249 3004 2300 Was der Pariser Zuschauer
1774 2288 2235 2361 zu sehen bekommt, ist
2485 2290 2994 2357 die im letzten Augenblel
1774 2335 2345 2410 an der Wirklichkeit zerbricht,
2417 2330 3008 2407 ##n eine banale Liebesaffäre.
1781 2387 3008 2453 Daß sie obendrein noch in einem empfindungslosen, schluder¬
1773 2432 2523 2506 haften Sachlichkeitstempo abgewickel
2665 2429 3010 2499 macht sie dem
1775 2488 3002 2546 heutigen Zuschauerm die tragischen Konfli##e von 1890 schon
1771 2534 2999 2586 etwas zu fern sind, vollends unverständlich. Nur manchmal
1775 2581 3006 2623 schwebte etwas von der mung auf, aus der das Stück
1777 2615 3005 2694 erblüht: das ist, wenn ei Takte Wiener Musik auf dem
1781 2668 2205 2737 Klavier angeschlagen
2425 2669 3011 2738 Publikum und sichtlich auch
1776 2727 3017 2800 die Schauspieler augenblicklich in den Bann der vergangenen
1769 2767 2082 2846 Jahre ziehen.
1870 2804 3005 2880 Die Rolle der Christine Ludmilla Pitoeff anzu¬
1763 2850 3004 2939 vertrauen, war eine ausgesprochene Fehlbesetzung. Diese sonst
1767 2905 3000 2977 vorzügliche Schauspielerin besitzt weder die äußerlichen noch
1763 2957 2997 3021 die innerlichen Voraussetzungen, um ein an enttäuschter Liebe
1759 3000 2992 3074 hinsterbendes Mädchen spielen zu können. Man hört und sieht
1759 3065 2999 3120 es, mit welchem Unbehagen sie die Rolle herunterspielt. Jeder
1769 3109 2999 3168 Ton sitzt falsch, jede Geste ist verkrampft und die dramatischen
1759 3157 2986 3217 Akzente sind immer an die unrichtige Stelle verlegt. Ganz
1768 3203 2999 3271 allgemein ist zu dem Fall Pitoeff zu bemerken, daß sich diese
1760 3255 2999 3318 beiden verdienstvollen Theaterleute, die einmal mit neuen
1772 3302 3000 3355 Formeln des Theaterspielens begannen, in den letzten Jahren
1760 3341 2998 3426 immer mehr von ihrer Linie entfernt haben, woran der Wunsch,
1760 3399 2989 3441 alles zu spielen, hauptsächlich Schuld tragen dürfte. So zehren
1771 3444 2998 3511 sie heute und vielleicht noch für einige Zeit von altem Ruhm,
1770 3496 2991 3557 auf den man ihnen aber schwerlich noch lange Kredit geben
1767 3534 2998 3598 wird. Die Uiebertragung von Suzanne Clausner ist wie die
1767 3592 2988 3657 Aufführung farblos, Dichterisches banalisierend und boulevardhaft.
1877 3639 2993 3711 Es ist bedauerlich, daß trotz allem unverkennbaren guten
1765 3686 2992 3745 Willen Schnitzler zum zweitenmal in Paris schlecht behandelt
1765 3728 2995 3797 wurde. Daß dennoch das Publikum der Premiere überraschend
1771 3782 2998 3842 lebhaft applaudierte, ist nur ein Beweis für die Unzerstörbarkeit
1760 3830 2316 3907 des Schnitzlerschen Werkes.
