3436 4320
492 302 785 377 ebelei
225 301 1343 411 5. L. box 11/3
1114 1151 1516 1242 Telephon 12801.
363 1335 432 1374 00
468 1327 1503 1424 K Beesig
375 1363 445 1444 2
359 1408 1526 1494 □ l. österr. behördl. konz. Unternehmen für Zeitungs-Ausschnitte
372 1474 454 1526 60
541 1472 1427 1559 Wien, I., Concordiaplatz 4.
351 1552 459 1628 4
751 1545 1199 1615 Vertretungen
370 1598 1518 1657 0 in Berlin, Budapest, Chicago, Christiania, Genf, Kopen¬
354 1642 1528 1699 # hagen, London, Madrid, Mailand, Minneapolis, New-Vork,
374 1687 1483 1750 0 Paris, Rom, San Francisco, Stockholm, St. Petersburg.
782 1713 1503 1788 (Guallenangabe eune 6epf. DEZ 1908
379 1769 857 1859 — Ausschnitt aus:
716 1794 1624 1916 Budapester Sonn- u. Montags-Zeitung
360 1854 451 1905 33
367 1894 603 1952 E vom:
606 1997 1434 2091 Theater und Kunst.
655 2122 1535 2173 Nationaltheaten. Eine „Première“ im Na¬
504 2171 1523 2225 tionaltheater. Eigentlich war es keine Première,
508 2217 1533 2260 wenigstens für Budapest nicht, höchstens für das
495 2244 1530 2312 Nationaltheater, denn das Stück „Liebelei“ von
506 2301 1532 2369 Arthur Sd#LLr, wurde zum erstenmale
495 2341 1530 2391 vor 11 Jayren, oann wieder vor 5 Jahren im
503 2395 1532 2442 Lustspieltheater — von deutschen hier gastirenden
492 2428 1534 2482 Künstlern aufgeführt. Freiteg haben wir das Stück
494 2479 1541 2531 nun in ungarischer Sprache von heimischen Künstlern
501 2516 1541 2574 gesehen. Dem Stücke wurde viel Reklame gemacht,
505 2568 1546 2619 ja sogar Meister Ujhäzy war herangezogen
496 2605 1537 2650 worden, vom Nagy Endre'schen Kabaret war unter
497 2652 1532 2707 Reklampaucken und Reklamtrompetenschall die plötz¬
505 2679 1537 2758 lich zur ersten Sentimentalen beförderte Med¬
501 2753 1546 2793 gyaßay geholt worden — der Erfolg blieb
502 2783 1531 2835 dennoch aus. Ujhäzys „Weiring“ war wieder ein¬
500 2825 1541 2871 mal eine Glanzleistung, allein auch er konnte dem
493 2876 1540 2936 Stück nur zu einem knappen Achtungserfolg ver¬
498 2926 1536 2973 helfen. Und die Medgyaßay? Ihre „Iluska“ im
505 2962 1537 3014 „Jänos viléz“ ist ja noch jedem in guter Erin¬
497 3008 1543 3063 nerung, allein seitdem hat sie eine Unzahl Kabaret¬
507 3050 1551 3106 nächte hinter sich. Solche Nächte sind sehr lustig
501 3090 1548 3145 aber die Poesie und Sentimentalität die kommt
495 3144 1547 3203 dabei um. Es will Abend werden in und mit
500 3178 1556 3257 unserein Nationoltheater. Wir glauben es ist schoy
506 3234 871 3289 Abend geworden.
614 3274 880 3341 * (
2704 1673 3102 1758 Telephon 12801.
1929 1862 2856 1965 AL
1940 1944 3097 2027 G l. österr. behördl. konz. Unterneumen für Zeitungs¬
2427 1988 2700 2043 Ausschnitte
1938 2043 2999 2148 „ Wien, I., Concordtaplatz 4.
2358 2124 2753 2179 Vertretungen
1940 2150 3101 2249 2 in Berlin, Budapest, Chlcage, Christiania, Genf, Kopen¬
1957 2198 3104 2285 p hagen, Londen, Madrid, Mailand, Minr apolis, New Vork,
1982 2243 3111 2323 Paris, Rom, San Francisce, Stockhonn, St. Petersburg.
2358 2295 2782 2362 (Quelenangahe eise Gesschr.)
1950 2309 3045 2445 ig Ausschnitt aus: KZ.UELEMStR 1968
2419 2431 2482 2513 1
2465 2447 3085 2551 der Nachrichten
2012 2473 2180 2530 vom:
2601 2537 2842 2623 Emnbur
2846 2585 3255 2665 # Miß Lena
2017 2588 3253 2706 Ashwell, eine nervöse und leidenschaftlich=sensitiva Schauspielerin,
2009 2635 3249 2734 die als Direktorin des kleinen, elegantenf Kingsway¬
2000 2689 3237 2765 Theatres bereits einige Erfolge zu verzeichnen hatte, beabsichtigt
2004 2723 3242 2815 als ihre nächste Novität Arthur Schnitzlers „Liebelei“
2009 2765 3246 2846 herauszubringen. Die Vorbereitungen Und Proben werden ganz
1995 2814 3250 2879 entgegen den sonstigen Gewohnheiten der Londoner Manager in
2007 2848 3245 2921 aller Stille und Geheimniskrämerei gemacht, so daß hier noch nie¬
1999 2874 3229 2947 mand eine Ahnung davon hat, daß das Stück des Wiener Dichters
2004 2913 3239 3003 in englischer Sprache gespielt werden soll. Übrigens wurde dieses
1989 2958 3238 3058 Stück vor einigen Tagen auch im Budapester „National¬
1992 3003 3239 3081 theater“ gegeben. Infolge schlechter Darstellung mit geringem
1985 3030 2168 3089 Beifall.
