3484 4224
728 26 1495 79 neficata al Sociale di Vares: la signo¬
731 63 1495 116 ra Lina Diligentl, riscuotendo meritati
734 106 1509 159 applausi da un affollato uditerio, Fu
730 141 1214 197 festeggiato auche Cola.
879 184 1489 232 — Guglieimo II, drammaturgo.
790 232 1508 275 Un giornale di Berlino annunzis che
723 263 1507 316 il teatro di Berlino rappresenterà quan¬
725 302 1502 341 to prima un dramma anonimo che 6
727 343 1506 393 stato accettato subito, e immediatamen¬
740 391 1501 429 te messo in prova in seguito a interes¬
724 423 1510 479 se mostrato da Guglielmo II. II gior¬
726 465 1502 514 nale berlinese aggiunge che non puo
731 500 1498 546 indicare ancora 11 nome dell’autore del
732 541 1172 590 dramma, né il titolo.
914 570 1497 633 A Chieri piacque molto i!
738 615 1512 669 Snicidio, la vecchia comedia di Paolo
727 658 1506 699 Ferrari, molto bene interpretata dalla
728 695 1514 750 Compagnia Gervasl-Benincass. La si¬
728 731 1503 799 gnora Benellie il Rossl-Pianelll s’eb¬
736 778 1250 832 bero moltissimi applausi.
798 805 1496 877 Per spettacolo d’onore della signora
734 860 1490 906 Benelli si rappresentó Andreind. — La
746 893 1501 952 seratante ebbe molti battimani dal nu¬
742 936 1505 993 meroso pubblico; alla fine del quarto
739 977 1505 1032 atto le vennero presentati bellissimi
733 1011 864 1060 fiori.
863 1038 1490 1107 La Compagnia Covi ha incon¬
741 1099 1499 1137 trato pieno favore al teatro Zecchin di
734 1138 1504 1180 Maniago, — Col Covi sono seralmente
738 1169 1500 1226 applaudici le signore Scheggie Zani
736 1210 1377 1264 ed i signori Gastaldl e Bratti.
906 1242 1495 1307 Una sorpresa non troppo gra¬
738 1289 1501 1342 dita é toccata alla compagnia Biagi¬
735 1324 1499 1389 Iggius al suo arrivo alla stazione di
800 1403 1505 1455 Non le fu concesso di proseguire i1
744 1448 1510 1499 viaggio per Ancona essendo vietato al
747 1486 1506 1539 viaggiatori muniti di biglietto diterza
739 1527 1508 1592 elasse a prezzo ridotto di prender posto
732 1559 1108 1614 nei treni diretti.
799 1605 1503 1659 La Compagnia ha quindi devuto
733 1637 1197 1696 pernottare a Bologna.
806 1663 1503 1736 Beltramo sarà dunque l'anno
740 1721 1509 1778 venturo primo attore da parrucca, ge¬
747 1762 1511 1803 nerico primario, promiscuo e direttore
743 1799 1506 1864 (tiriamo il datol) della compagnia Lei¬
737 1838 1009 1893 gheb-Reiter.
882 1861 1511 1937 Dal Dottor Nathanson ricevia¬
744 1914 1160 1979 mo e pubblichiamo:
1044 1966 1485 2036 Milano li 12 marzo 1896.
831 2028 1337 2095 Egregio signor direttore,
792 2082 1502 2135 Leggo sul Piccolo Faust che il dram¬
741 2133 1514 2188 ma Amoreggiamenti di Schnitzler abbia
745 2172 1517 2226 una azione g pornogralica." — Nella
751 2205 1521 2266 scelta dei molti lavori teatrali esteri
742 2253 1511 2301 che da dieci anni ho avuto l'onore di
751 2290 1506 2334 importare sulle scene italiane, ho avuto
740 2333 1509 2391 sempre cura di escludere il genere por¬
738 2371 1513 2415 nografico, che disapprovo e ritengo la
748 2414 1510 2464 rovina del teatro. Perció la qualifica di
744 2447 1508 2501 x pornografico), data al dramma dello
743 2487 1509 2542 Schnitzler, che 10 — malgrado i gin¬
738 2528 1514 2581 dici veronesi — mi vunto altamente di
749 2576 1516 2629 presentare al pubblizo italiano, non 6
742 2606 1510 2669 per me una semplice critica che biso¬
740 2643 1507 2695 gna accettare in silenzio, ma und ac¬
740 2696 1458 2740 cusa alla quale bisogna rispondere.
811 2724 1508 2771 L’argomento del dramma é questo:
746 2758 1509 2814 Un giovinotto elegante ha una relazio¬
738 2801 1522 2854 ne amoresa con una giovine popolana.
738 2851 1521 2901 Per lui la relazione é un passatempo,
744 2884 1518 2936 un gamoreggiamento); per lei é la fe¬
742 2937 1507 2977 licità di tutta la sua vita, un C amore)
754 2964 1515 3001 vero e grande. Venendo a scoprire che
754 3001 1508 3051 l’ uomo idolatrato da lei é stato ucciso
741 3043 1510 3099 in un duello da un marito oltraggiato,
749 3084 1509 3133 cioé che é morto per un' altra donna,
758 3130 1521 3188 essa viene presa dalla disperazione e
750 3159 1260 3218 corre via per annegarsi.
815 3196 1515 3255 Questa tragedia di un' anima inge¬
745 3243 1521 3293 nuae baona, che si spezza di fronte alla
752 3274 1520 3334 disillusione, viene illuminata dai raggi
746 3325 1518 3377 del cuore misericordioso di un padre,
755 3358 1513 3411 pronto a perdonare il fallo della figlia,
754 3408 1512 3448 misericordioso come la clemenza di
757 3432 1523 3496 Dio stesso! Un cuore d’oro, che sa che
746 3477 1524 3532 tutto comprendere vuol dire tutto
758 3510 1522 3563 tutto perdonare.: E contro questo cuo¬
745 3555 1467 3609 reche i Veronesi si sono ribellati!
821 3593 1514 3641 Non é la prima volta che incontro
736 3628 1516 3707 T’accusa di pornografia, di fronte ad un
1845 173 2073 314 0
2555 185 2748 339 7
2031 251 2470 355 SR
2294 372 3061 435 pazzesco; non é certamente tale da
2291 422 3061 476 conferir pregio al genere, e farlo cre¬
1509 414 2280 504 L operetta., e la Sua trosformanione
2283 461 3025 520 scere nella estimazione de’ pubblici.
1761 488 2021 564 —
2351 495 3066 548 Dateci una messd in iscena deco¬
2297 543 3054 582 rosa come alle Operetfe si addice: da¬
2291 583 3052 625 teci non de’sempliei cantanti, ma de'
1763 572 2275 647 In giornale che si occupa
2292 623 3059 672 cantanti che siano insieme degli attori!
1647 613 2276 709 A della scenn drammatica,
2294 653 3067 708 istruite i cori in modo che, pur facen¬
1777 669 2268 730 ha anche il dovere dite¬
2305 696 3067 743 do il debito loro, non offrano all’ oc¬
1551 681 1764 776 6e#
1784 713 2272 766 ner dietro al progresso
2300 736 3067 791 chio., cupido di forme procacie di
1602 741 2259 833 delle Compagnie operetti¬
2288 776 3071 827 gambe ben pasciute, uno spettacolo
1776 790 2267 845 stiche; ché l’arte del re¬
2306 818 3069 860 che a decenza contraddice: obbligate
1522 821 2270 888 citare ha, o aver deve, non, piccola
2302 851 3067 912 le vostre coriste a dir nette e chiare
1526 869 2269 924 parte nella formazione delle medesime.
2297 897 3071 947 le quattro parole che lor mettete sulla
1583 911 2273 970 Non é pregio di questo articoletto
2300 935 3060 984 bocca: impedite, con ogni autoritä le
1523 949 2274 993 rifar la storia, ab imis fundamentis, di
2303 967 3066 1038 aggiunte sconvenienti, i lazzi volgari,
1523 986 2278 1045 questo genere d’arte, che, negli ultimi
2300 1018 3067 1062 i versi indecorosi, le smorfie. le ca¬
1521 1023 2274 1083 anni, ebbe tanto fervore, e sta all’o¬
2300 1054 3066 1108 priole, i salti acrobatici,e ringentili¬
1520 1066 2278 1131 pera comica come la pochade alla co¬
2305 1092 3086 1142 rete il genere acquistandogli il favore
1531 1110 1676 1163 media.
2303 1133 2782 1187 de’ pubblici e de’eritici.
1582 1142 2286 1197 Non abbiamo mai capito coloro che
2357 1170 3075 1225 Assistendo a una delle tante repli¬
1526 1178 2275 1227 beffeggiano I’ Operetta e la stimano un
2305 1211 3064 1267 che di Miss Helyeft, date dalla Compa¬
1524 1228 2279 1275 genere d’arte inferiore; come non ab¬
2307 1245 3074 1304 pagnia Gargano, ci é parso di trovarei
1533 1259 2274 1318 biamo mai dato ragione a tutti quelli
2300 1288 3074 1337 dinanzi a una vera Compagnia dram¬
1554 1314 2280 1358 — e sono numerossimi — che fan l’uo¬
2310 1321 3083 1389 matica. L’argomento della Operefta era,
1526 1344 2290 1409 mo a dosso alla pochade, e strepitano
2307 1378 3079 1426 né piü e né meno, quello di una delle
1525 1394 2086 1444 che é vergognosissima cosa.
2308 1409 3080 1454 tante pochade udite e applaudite in
1577 1408 2287 1479 A’ primi, e alsecondi, vorremmo,
2311 1446 3081 1497 questi ultimi tempi: gli attori vesti¬
1525 1460 2292 1508 con licenza loro, osservare, che ogui
2306 1491 3065 1546 vano, non il costume, ma l’abito di so¬
1528 1504 2284 1553 genere d’ arte — quando possegga il
2309 1524 3079 1585 sieta: quella gente parlava, si faceva
1527 1530 2293 1590 consenso de' pubbliel — ha la propria
2310 1564 3071 1622 capire, dava la ginsta misurae la gin¬
1533 1582 2291 1647 ragione d’essere; e che é da escludersi
2305 1602 3075 1657 sta comicità alla frase, non andando
1523 1614 1963 1671 solo il genere nojoso.
2303 1636 2999 1702 alla solitu caccin del solito effetto.
1580 1639 2278 1710 L’operetta, innegabilmente, diverte:
2403 1674 3068 1741 I pubblico dié a vedere di diver¬
1531 1697 2288 1752 fa passare aleune ore allegre: manda
2309 1704 3070 1785 tirsi un mondo; e non si stancó di bat¬
1533 1742 2283 1789 al diavolo la musoneria; e desta, spesso,
2306 1754 2596 1817 tere le mani.
1535 1783 2224 1831 la piü schietta ilarità. Dunque, 6,
2368 1782 3079 1858 Come mai tanto godimento inteilet¬
1521 1815 2283 1883 c’ inganniamo, da accettarsi e da de¬
2459 1839 3067 1885 novissimo? Dal modo onesto,
1537 1850 1997 1910 siderarsi interamente.
2487 1877 3072 1926 artistieo, onde i bravi attori
1843 1879 2290 1950 r troppo, incomincia
1584 1894 1784 1948 II male,
2351 1919 2395 1968 311
2417 1921 3077 1991 E##pagnin Gargano recitarono e
1526 1939 2284 1993 quando la sguajataggine; la insulsag¬
2300 1960 2524 2022 cantarone
1524 1975 2289 2027 gine; la cretinerin,ativa por¬
2363 1978 3108 2053 Come, dunque, siamo gia arrivati
2100 2014 2289 2069 aggiunte
1526 2021 2039 2069 nograsia; 1 lazzi platens,
3068 2025 3174 2088 al
2309 2017 3071 2097 alla pochade, #comeste he dir si vo¬
1530 2053 2280 2110 scorrette e licenziose salt mortali;
2821 2077 3074 2136 Operetta in¬
2306 2076 2669 2129 glia, in musica;
1533 2092 2281 2151 la esposizione, non necessaria, di tante
2301 2114 2731 2171 gentilita e rinnovata,
2823 2117 3081 2169 Sremo anche
1536 2134 2283 2187 gambe; i costumi non desorosi e one¬
2313 2158 2993 2208 ad avere un’ accolta di ärtisti eho
1542 2180 2281 2230 sti; il continuo stra-füre & via discor¬
2302 2190 2935 2248 istrioni S’abbia, in tanto, 1es¬
1523 2210 2278 2265 rendo, si sostituiscono — çome oggi
2307 2237 3029 2304 la Compagnia Gargano numerest
1534 2252 2295 2306 usa, pur troppo, nella maggior parte
2312 2272 2471 2334 guaci!
1525 2287 2298 2333 delle Compagnie operettistiche — alle
2368 2318 3068 2372 E noi, tanto per concludere, ripe¬
1534 2327 2229 2385 eterne ragioni dell’arte. E non
2304 2347 3068 2421 tamo: — 0 rinner si da cima a fon¬
1526 2364 2280 2424 punto detto che, anche rappresentando
2310 2392 2571 2460 do, o perire!
1533 2411 2295 2454 una operetta, si debba far cosa non ar¬
2613 2414 3061 2511 u. P#oto Fausr
1530 2452 1927 2499 tistica e non sana!
3089 2449 3130 2509 2
1586 2467 2291 2548 E la decadenza innegabile del ge¬
2574 2507 2780 2578 —442-
1522 2534 2292 2579 nere; la cattiva condizione nella quale
1524 2564 2298 2625 si trovano queste nostre Compagnie; il
1530 2609 2295 2660 disertare del pubblico dalla scena ope¬
2422 2596 2949 2680 BOLOGNA
1532 2643 2290 2698 rettistica; le critiche de’ giornali e,
2367 2665 3068 2732 Brunetti — Venerdi si ebbe
1528 2687 2283 2732 cosi via, devono, sopra ogni altra cosa,
2308 2720 3075 2776 una recita di Cuore e Mano che piac¬
1538 2726 2301 2773 ricercarsi nell' abuso deplorevolissimo
2305 2763 3073 2812 que per merito della Parmigiani una
1525 2763 2085 2819 di cgni sana norma d’arte.
2314 2801 3078 2848 Micaela superiore ad ogni elogio; si di¬
1598 2794 2292 2867 Tutto, nel nostro bel mondo, si tra¬
2319 2843 3066 2894 stinsero pure la Maieroni, Pinellie
1540 2833 2138 2899 sforma, rinnovella e migliora.
2312 2880 2495 2944 Razzoli.
1581 2882 2296 2938 E non é detto che anche l' operetta
2367 2910 3073 2967 Sabato sera, a teatro pieno, fu data
1532 2931 2290 2978 non deva seguire la eterna legge del
2306 2960 3064 3014 la prima rappresentazione del Rebus.
1539 2960 2150 3013 miglioramento e del progresso.
2300 3002 3071 3047 II titolo dice chiaro che si tratta non
1592 2993 2284 3056 Cosi come sono oggi costituite le
2314 3045 3059 3104 gia di scene organiche, ma di quadri.
1538 3039 2295 3093 maggiori Compagnie oude ragioniamo,
2371 3074 2891 3130 11 successe fu eccellente.
1531 3081 2208 3136 o si trasformeranno, o periranno.
2382 3113 3065 3165 La Soarez sotto ie vesti di una chan¬
1585 3110 2290 3176 II gusto del pubblico si é grande¬
2311 3134 3077 3195 teuse ercenfrique mandö in visibilio i1
1524 3164 2300 3215 mente raffinato; e lo spettacolo, spesso
2310 3195 3073 3256 pubblico per la sua coquetterie vera¬
1526 3201 2296 3259 disgustoso, di artisti, che non sanno
2311 3245 3078 3288 mente Francese e dovette replicare il
1534 3238 2284 3288 né parlare in lingua, né farsi capire:
2312 3272 3070 3323 grazioso couplet di sortita e la canzo¬
1537 3275 2300 3336 che, per muovere il riso, son costretti
2312 3318 3079 3362 netta A Francesa eseguita nelle scene
1538 3318 2284 3376 a far capriole, e peggio: che, anche se
2311 3357 3064 3408 del caffé concerto; Aristide Garyzano fu
1528 3358 2302 3409 possessori di una bella e limpida voce,
2319 3396 3074 3450 cortretto a bissare, bissare e bissare le
1535 3405 2289 3450 non ne usano come si addice a una
2309 3434 3062 3485 canzonette dette splendidamente; molto
1542 3440 2303 3483 classe che prende suo nome dall’ arte:
2306 3473 3069 3524 bene anche la Maieroni, Pinelli, Raz¬
1535 3476 2301 3532 che ignorano come ci si muovae agiti
2308 3507 3071 3555 zolie Bertini. Messa in scena sontuosa;
1541 3511 2295 3570 sopra un palcoscenico: che, non con¬
2308 3554 3071 3602 costumi elegantissimi ed effetti ottici
1539 3551 2285 3603 tenti di ripeter eid che l’autore scrive,
2318 3588 3068 3647 riusciti; le repliche saranno molte e
1534 3594 2292 3640 si fan lecito di aggiungere, aggiungere
1554 3636 2628 3687 aggiungere; e in modo quasi sempre tutte fortunate.
3082 2903 3167 2961 m
3088 2949 3172 3004 C
3088 3361 3164 3406 Op
3081 3391 3187 3457 Ba
3091 3462 3182 3525 offl.
3092 3510 3177 3558 cu
3085 3544 3192 3606 all
3076 3583 3182 3647 ine
3083 3631 3189 3676 ch.
