3344 4224
1899 151 2303 231 Liebelei
411 161 753 262 N• DE DEBIT —
2437 149 2887 261 box 13/5
1737 155 2313 284 3. MSSELE
205 274 448 370 Ertraft de
567 277 1164 364 NOUVELLES‘ LITTERAIREE
563 351 1158 440 146, Hue Monimartre, 11
197 371 397 460 Adresse
195 475 360 555 Date:
611 471 1252 582 30 SEPTEMBRE 1933
206 550 627 657 Siqnalure
112 674 515 780 LITTERAIREs
128 756 2783 871 STNTNNATAAEATAWNNENNANAATANAEANATAATTNNAAENANN du Théätre Français? Comment hnit-il d’é¬
1879 856 2778 937 puisement et d’indigence? 9 Ces questions,
1878 920 2784 991 cernlest pas un critique de 1933 qui les
1874 966 2790 1051 pose, mais le feuilletoniste des Débats
226 903 1790 1058 A PARIS ET AILLEURS.
1881 1006 2114 1079 en 18331
2002 1057 2661 1164 Courteline et la manille
137 1092 1901 1191 AAAAAA
1908 1120 2774 1209 Nous rapportions, en aoüt demier, la se¬
350 1156 852 1246 IIy acent ans.
1045 1166 1885 1248 Quelques années plus tard, le comte de
1881 1171 2772 1240 monce infligée par l'intransigeant Courteiltie
129 1220 1886 1297 — M.de-Lamartinerctour du vovage en Gobineau, séjóurnant à son tour dans les
1878 1230 2783 1311 à Anatole France, coupable d’avoir écrit
122 1275 1876 1342 Orient, rentre à Mäcon, ou il ärrive quel-iles, entendit conter cette idylie romantique
1884 1292 2780 1358 dans le Mannequin d’osier que deux vieux
132 1334 1875 1384 ques jours après la mort de sastante, Mile de |et elle lui inspira une de ses plus émouvan¬
1879 1333 2774 1401 camarades faisaient une partie de manilie.
135 1372 385 1442 Lamartine.
978 1380 1879 1443 tes nouvelles: Akhrivie Phrangopoulo
1881 1382 2776 1442 La manille, comme le whist, ne se joue pas
159 1404 1005 1488 La Porte-Saint-Martin représente Marie
1002 1427 1881 1492 pourtant I’écrivain transporta le lien de  ac¬
1882 1434 2778 1520 à deux ! avait sévérement fait observer l au¬
131 1467 1003 1534 Tudor, drame en trois journées, de M. Vic¬
1004 1471 1882 1529 tion de Leucade à Naxos et à Santorin. Le
1878 1482 2350 1555 teur de Boubouroche.
131 1520 1006 1593 tor Hugo, et la Gaité, Indiana, tiré du ro
1003 1525 1881 1598 volume ou Gobineau hit paraitre cette nou¬
1923 1512 2770 1606 Eh bien! c’est lui qui se trompait. Re¬
130 1562 727 1635 man de Mme George Sand.
1004 1569 1879 1632 velle — Souvenirs de Vogage — en con¬
1877 1573 2768 1636 tour de Pologne, notre excellent confrère,
145 1593 1020 1682 Mlle Mars fait sa rentrée au Théätre
1010 1616 1872 1681 tient une autre; Le Mouchoir rouge, qui est
1876 1632 2774 1712 le romancier Abel Moreau, nous rappelle
128 1646 1006 1729 Frangais dans Le Misanthrope et dans Les
1015 1671 1871 1748 située à Céphalomie, T’ile la plus proche de
1891 1680 2760 1748 qu'il existe une manille qui se joue parfai¬
1011 1715 1241 1781 Leucade.
134 1715 1015 1768 Enfanis d'Edouard, de Casimir Delavigne.
1882 1719 2768 1805 tement à deux. C’est la manille dite 6 re¬
139 1760 1020 1829 La Taglioni triomphe à I’Opéra dans La
1031 1741 1887 1824 Fidele à la tradition paternelle, Lafcadio
1886 1771 2153 1841 toumée 9.
141 1809 1013 1875 Sylphide, et Giulietta Grist au Theätre
1003 1814 1888 1894 épousa lui-mème une Japonaise et adopta
1921 1799 2777 1904 & Courteline n'a pas été assez longtemps
131 1861 980 1934 Italien dans Anna Bolena, de Donizetti.
1006 1860 1616 1940 sà religion et sa nationalité.
1875 1868 2780 1946 soldat. sinon il n'aurait pas gourmandé à
162 1897 1021 1977 Une statue de Racine est maugurée à la
1882 1927 2761 2002 tort M. Bergeret p, conclut M. Abel Mo¬
1244 1911 1647 2011 Le bibliobus
1178 1920 1263 1999 00
118 1928 1030 2023 Ferté-Milon. Les sculpteurs Rude et Etex
1882 1983 2024 2051 reau.
1036 1986 1875 2067 Depuis longtemps des bibliotheques auto¬
121 2009 1016 2081 reçoivent la commande de bas-reliefs desti¬
2067 2007 2572 2111 Le poker à deux
1009 2018 1884 2101 mobiles sont en service en Amérique, et M.
125 2058 1010 2118 nés à I'Arc de Triomphe. L’Etat achéte
1910 2074 2769 2159 Une aventure presque identique vient
1012 2095 1887 2154 Georges Monnet, T'actif député de Sois¬
123 2101 1008 2185 pour le musée de Versailles la Bataille
1883 2128 2768 2197 précisément d’arriver à M. t’Sterstevens
1004 2143 1879 2199 sons, nous disalt, au moment de notre en¬
130 2151 697 2230 d’Aboukir du baron Gros.
1876 2183 2778 2242 L’excellent romancier avait donné à un de
993 2192 1872 2255 quête sur les bibliothéques publiques, qu'il
386 2203 708 2283 Médan
1880 2237 2771 2302 nos confrères une nouvelle dans laquelle
1004 2246 1876 2315 espérait pouvoir mettre en service dans son
154 2252 1885 2353 Cefuten 1878, apres le zuccès de I43-departement un bibliobus. Cest chose faite
1881 2291 2763 2354 était décrit un poker joué, comme la partie
130 2320 1012 2386 sommoir, que Zola, dans le but d’assurer à
1006 2343 1875 2411 et dorénavant les bibliothéques organisées
1882 2331 2776 2403 de manille d'Anatole France, par deux
124 2363 1012 2427 sa mère, fatiguée, une retraite calme, et
1873 2383 2765 2457 partenaires seulement. Le correcteur du
1005 2381 1874 2450 dans I'Aisne gräce aux Américains seront
128 2415 1000 2475 ausst pour y achever Jui-mème, dans la
1882 2431 2829 2499 journal s indigna contre une telle hérésie et
1006 2433 1878 2501 régulièrement ravitaillées, et le bibliobus
124 2455 1009 2527 paix, les Rougon-Macquart, acheta, à Mé¬
1874 2479 2772 2557 remplaça le poker par une partie d’écarté,
1002 2488 1874 2547 portera mäme les volumes au domicile des
124 2511 1013 2582 dan, la propriété ou se réuniront, diman¬
1001 2538 1879 2597 lecteurs trop éloignés des centres. Après
1872 2533 2763 2597 jeu qui peut être joué à deux, très régulière¬
125 2556 1007 2633 che, sous la pr“ dence de M. lean Vi¬
1876 2575 2767 2653 ment. Mais t’Sterstevens n'est pas content
994 2581 1876 2661 cette bibliothéque ambulante, souhaitons,
121 2608 1003 2674 ghaud assisté de MM. Louis-Ferdinand
1880 2633 2768 2692 du tout, li sontient mordicus que ie poker
1006 2637 1874 2687 avec quelques confrères, qu'un éditeur au¬
138 2650 1010 2707 Céline et Jo##h Hild, les admirateurs et
1007 2668 2757 2748 dacieux crée bientôt la librairie ambulante. 1à deux est pratiqué par Jui et il offre auf
123 2706 1022 2776 les partisans du grand écrivain et du citoyen
1879 2716 2761 2795 correcteur de lui en faire la démonstration.
127 2762 383 2827 courageux.
1182 2732 1694 2841 Un mot de Hugo
1904 2763 2760 2853 Proposons que M. Abel Moreau soit
156 2783 1011 2862 Le pavilion primitif fut, plus tard, con¬
1036 2823 1881 2898 A l’exception d’un ou deux, tous les
1875 2823 2583 2909 choist pour arbitrer la rencontre.
117 2851 1006 2923 siderablement agrandi. Voici, au reste,
1006 2868 1891 2943 noms quson prononce pour le fauteuil Bre¬
2301 2859 2741 2953 CENTRAL 32=65
123 2905 1001 2963 comment Zola annonçait à Flaubert son ac¬
1010 2920 1882 2996 mond, à I'Académie, ne sont pas très bril¬
2677 2915 2908 3016 —A
1860 2911 2105 3027 e
122 2945 994 3011 quisition, dans une lettre adressée à celul¬
989 2965 1881 3046 lants et des écrivains comme jéröme Tha¬
119 2990 572 3074 cile 9 avril 1878:
1006 3026 1881 3085 raud, Georges Duhamel, André Maurois,
168 3015 997 3105 6 J'ai acheté une maison, une cabane à
1001 3074 1883 3141 Edmond Jaloux, qui, il y a un mois, sem¬
122 3086 998 3165 lapins, entre Poissy et Triel, dans un trou
998 3116 1896 3179 blaient avoir leur chance, devront sans
119 3147 1001 3217 charmant, au bord de la Seine: neuf mille
998 3167 1880 3240 doute attendre encore. Comme on s étch¬
111 3195 993 3270 francs; je vous dis le prix pour que vous
998 3219 1889 3282 nait du fait, devant un de ces romanciers,
122 3239 991 3310 nayez pas trop de respect. La littérature a
993 3268 1885 3334 le candidat in partibus cita simplement ce
116 3290 994 3357 payé ce modeste asile champétre qui a le
996 3316 1884 3385 mot de Victor Hugo qui, parlant de I'Aca¬
117 3347 1002 3403 mérite dêtre loin de toute station et de ne#
994 3347 1889 3428 démie, disait un jour: u Son défaut, c’est
121 3397 996 3460 pas compter un seul bourgeois dans son en¬
982 3408 1884 3481 I’élection par les membres qui en font par¬
114 3440 407 3519 tourage 5
984 3462 1879 3541 tie: iI y a dans l'homme une tendance à
299 3490 824 3569 La fondation Zola
991 3503 1512 3587 choisir son inférieur. „
147 3524 992 3613 La maison de Zola, à Médan, a été of¬
1287 3565 1585 3656 Modestie
115 3592 1000 3669 ferte à IAssistance publique par la veuve
1022 3614 1894 3720 Ce mot nous en rappelle un autre de Du¬
118 3644 1003 3710 de T'illustre écrivam. La Fondation fut
989 3686 1209 3765 mas his.
113 3696 998 3760 inaugurée, en octobre 1907, par Gustave
1038 3716 1877 3814 Un ami lui demandait pour qui il vole¬
114 3739 999 3804 Mesureur, à qui revient d’avolr eu l’idée de
997 3788 1594 3864 rait à la prochaine élection.
119 3787 995 3860 transformer la demeure de l'auteur de Fé¬
110 3831 998 3906 condité en une maison de convalescence
1077 3826 1890 3902 — Pourquoi voter? répondit-I. II y a
115 3889 991 3958 pour les nourrissons débiles. Médan a été
995 3885 1903 3951 Pasteur, il y a Taine, il y a Renan et il
108 3931 980 3998 complétement aménagé en höpital. Seuls,
988 3946 1795 4025 Y a moi. Est-ce que ça ne sufht pas?
112 3987 994 4053 deux portraits, celul du romancier et celui
1050 3995 1807 4090 Le souvenir de Montaigne
114 4038 996 4101 de sa femme, et la devise nulla dies sine
1059 4081 1891 4147 Et dire qu’on s’était plaint un moment
109 4082 1004 4148 linea, restée peinte sur le mur de l'’ancien
1759 4130 1828 4179 dn
2916 2959 2976 3017 2008
