3436 4256
399 190 756 257 Liebelei
231 182 1360 299 5 box 12/3
1099 841 2295 921 Ausschnitt aus: Berliner Allgemeine- Zeitung
1337 903 1598 991 16 5. 131
1784 905 1990 989 Berlin
1095 975 1250 1028 vom:
1798 1022 2029 1089 mmmeneane Wee
1308 1089 1934 1182 Neues Volks-Theater.
1245 1169 2017 1232 Schnitzler=Abend: „Literatur“ und
1497 1220 1787 1287 Anbetenter
1235 1256 2072 1335 Man hätte den Wiener Dichter, dessen Leben
1179 1313 2071 1362 gestern ein halbes Jahrhundert vollendete, nicht
1185 1349 2071 1399 besser feiern und würdigen können als durch die
1189 1389 2072 1449 Aufführung dieser beiden Werke, die einen Höhe¬
1180 1433 2069 1485 punkt seines Schaffens bedeuten, und ein klares
1183 1483 2061 1520 und unzweidentiges Spiegelbild seines dichte¬
1181 1514 2068 1560 rischen Schaffens bergen. In keiner seiner ande¬
1179 1549 2071 1608 ren Arbeiten zeigt sich Schnitzler von einer so
1185 1601 2071 1646 persönlichen Seite wie in dem dreiaktigen Schau¬
1184 1631 2067 1685 spiel: „Liebelei“ das vor zwanzig Jahren
1195 1665 2069 1730 entstand und den Beginn seiner schriftstellerischen
1186 1677 2125 1759 Tätigkeit bedeutet. Hier pulsiert jene gradlinie,
1179 1740 2068 1789 von einer gesunden Erotik durchsetzte Weltan¬
1186 1783 2069 1830 schauung, die für den Charakter des genuß¬
1180 1824 2075 1889 frohen Wien typisch ist, und die das Leben
1185 1868 2068 1918 nimmt, wie das Leben eben ist. Alle die Men¬
1181 1906 2076 1962 schen, denen wir begegnen, die „g'spaßige“ Mizi
1179 1939 2068 2004 und der schneidige Theodor, der nichts
1436 1982 2067 2040 und nichts weiter sein will
1189 1985 1434 2042 weiter ist
1195 2023 2072 2080 als ein „liebar, gutar Kerl“, die sentimentale
1194 2057 2074 2128 Christine mit der ehrlichen Sehnsucht und der
1191 2101 2078 2156 junge Fritz Lobheimer mit dem ehrlichen und
1190 2145 2078 2211 guten Willen sind von jenem unverdorbenen,
1196 2185 2078 2245 lachenden Optimismus, der bei Schnitzler so
1191 2218 2080 2274 überaus versöhnend und ausgleichend wirkt.
1183 2262 2075 2312 Und dann kommt das Schicksat herbei, das alle
1190 2294 2083 2362 diese, im Grunde genommen so verschiedenarti¬
1191 2337 2076 2390 gen Gestalten, die nur den Willen zum Glück¬
1189 2383 2078 2429 gemeinsam haben, auseinanderreißt. Aus der
1191 2416 2080 2464 Liebelei, an der man sich berauscht, wird eine
1185 2458 2086 2504 Liebe, an der man zugrunde geht. Das Lachen
1187 2511 2074 2548 der Mädchen, die Scherze der Männer verstum¬
1184 2532 2076 2582 men, und in Tränen, die zerstörte Hoffnungen
1183 2570 2077 2622 zu Grabe tragen, klingt diese alltägliche Ge¬
1193 2616 2085 2682 schichte aus, die ein Künstler zur Dichtung
1189 2660 1355 2720 machte.
1241 2686 1932 2748 Die Aufführung war hervorragend.
1242 2713 2082 2786 Die Regie hatte Interieurs von einer selte¬
1192 2765 2071 2827 nen, frischfarbigen Eindrucksfähigkeit geschaffen,
1184 2808 2082 2868 die jeder Stimmung gerecht wurde, ohne durch
1185 2842 2071 2906 ollzu große Betonung der naturalistischen Mo¬
1196 2883 2093 2949 mente aufdringlich zu erscheinen. Die Darstel¬
1183 2926 2078 2974 lung schien echte und rechte „Weaner Luft“ zu
1195 2961 2092 3026 atmen, und war in ihren Aufgaben durchweg
1194 3004 2095 3074 am Platze. Johannes Riemann, der sich
1181 3048 2079 3116 als ein überaus befähigter Schauspieler zeigte,
1170 3154 2072 3234 und Martha Angerstein seien besonders erwähnt.
1233 3212 2058 3269 Poran ging das Lustspiel „Literatur“, das
1172 3257 2067 3299 wie ein dramatisiertes Feuilleton anmutet, und
1177 3300 2057 3343 wiederum durch die Schlagfertigkeit und Grazie
1177 3332 2054 3391 der Dialogführung entzückte. Hier bildeten die
1170 3364 2066 3434 hübsche Yella Wagner, Aurel Ro¬
1178 3403 2059 3482 wotny, der in sehr guter Maske einen adels¬
1180 3470 2061 3517 wütigen, beschränkt=gutmütigen „Nazi“ gab, und
1164 3506 2058 3560 der wandlungsreiche Robert Müller als
1171 3549 2063 3596 Kafferhausliterat ein ganz vorzügliches Klee¬
1177 3578 2079 3632 blatt, das die dem Stücke innewohnende Charme
1789 3611 2056 3689 E. A. Ipt.
1163 3621 1690 3688 zur besten Geltung brachte.
