3436 4256
519 160 748 233 iebel
305 160 1444 266 5. Le1 box 10/4
1906 195 2624 277 AU Ad
2789 146 3136 313 4543
1851 314 1964 367 ms¬
1963 305 2938 383 blilums, schon seine erste Leistung lieferte den Beweis,
1867 360 1954 402 18.
1975 364 2949 404 daß wir noch viel Schönes, viel Herrliches von dem
1859 397 1934 444 in“
1972 411 2927 462 Sänger erwarten dürfen. Herr Mayer als „Dr. Cajus“
1846 422 1954 486 esi¬
1968 435 2946 491 und Herr Graßl als „Junker Spärlich“ vervollständigten
1843 476 1956 527 ice“.
1973 474 2945 538 das in jeder Hinsicht vortreffliche Ensemble. Gerne geden¬
1968 513 2952 581 ken wir des Chores und des Orchesters. Herr Capell¬
1833 555 1964 611 Okt.:
1965 560 2931 602 meister Andreä hat auch die dritte Oper vor¬
1841 601 1954 647 stel¬
1971 589 2935 644 trefflich einstudirt und es wäre ungerecht gewesen,
1850 637 1954 691 fünf
1974 636 2938 697 wenn nicht das vollbesetzte Haus der ganzen Vorstell¬
1837 677 1949 727 lfang
1970 673 2945 737 ung stürm'schen Applaus gezollt hatte. Die Opern¬
1844 716 1940 772 Mk.
1971 708 2941 773 Aufführungen des Volkstheaters gestalten sich zu einem
1968 744 2945 818 Unternehmen, das bei allen Kunstfreunden die höchste
1960 787 2343 844 Beachtung verdient.
1825 801 1942 862 ams¬
2030 835 2940 886 Münchener Volkstheater, Sonnenstraße 5 (Ein¬
1841 849 1946 901 1 18.,
1964 857 2947 926 gang Joseispitalstraße). Freitag, den 16. Oktober: „Die
1856 888 1954 938 der
1962 904 2937 968 lustigen Weiber von Windsor“, komische Oper
1820 925 1951 980 „Das
1959 945 2923 1016 in vier Akten von O. Nikolat. Anfang 8 Uhr. Sperr¬
1827 962 1938 1019 Gast¬
1966 980 2544 1032 sitz 1 Mk. (Oper 1 Mk. 50 Pfg.).
1812 1005 1948 1063 ther.
2037 1027 2928 1091 Spielplan des Münchener Volkstheaters. Sams¬
1813 1057 1949 1110 g von
1958 1051 2923 1129 tag, den 17.: Gastspiel des Frl. Inez Kubin; „Die Waise
1814 1098 1942 1147 ts in
1955 1104 2928 1165 aus Lowood“, Schauspiel. (Jane Eyre: Inez Kubin.)
1805 1137 1949 1185 ikums
1958 1143 2932 1203 Sonntag, den 18. (zwei Vorstellungen); Nachmittags
1803 1180 1900 1225 ßt i
1957 1190 2933 1242 4 Uhr: „Der Sohn der Wildniß", Drama. Anfang
1803 1215 1934 1269 richtig
1953 1222 2931 1276 8 Uhr: „Die lustigen Weiber von Windsor“ Mon¬
1814 1255 1942 1310 vieler
1967 1257 2933 1319 tag, den 19.: „Der Pfarrer von Kirchfeld, Volksstück
1804 1293 1944 1342 Nusik¬
1957 1301 2914 1354 von L. Anzengruber.— In Vorbereitung: „Don Juan“,
1826 1333 1944 1386 Geld
1962 1338 2932 1383 Oper von W. A. Mozart. — „Das neue Genie",
1804 1371 1947 1421 klären
1964 1374 2479 1436 Schauspiel von W. Henzen.
1810 1412 1941 1463 rgabe
2028 1426 2929 1464 Deutsches Theater. Am vergangenen Dienstag
1820 1450 1940 1502 Volks¬
1962 1455 2929 1520 gelangte im deutschen Theater das bereits in Berlin
1822 1491 1939 1543 Auf¬
1952 1499 2927 1551 gegebene dreiatige Schauspiel „Liebelei“ von Ar¬
1824 1532 1939 1577 neue
1959 1537 2927 1593 thur Schnitzler zur Erstaufführung. Das Haus
1829 1570 1943 1625 muß.
1955 1572 2925 1629 war, wohl mit in Folge des zugkräftigen pikanten Titels
1809 1608 1943 1658 usika¬
1955 1608 2932 1673 des Stückes, gut besucht; die Aufnahme war jedoch
1806 1644 1942 1697 lusti¬
1958 1645 2934 1715 eine getheilte. Die größere Zahl der Erschienenen
1820 1686 1948 1737 Vor¬
1962 1685 2925 1753 dürfte dem Stücke wohl deshalb ihre Sympathieen
1953 1737 2932 1791 nicht zuwenden können, weil das Stück nicht frei von
1820 1749 1942 1817 rbiet¬
1951 1761 2942 1810 Baualitäten ist und in der Art und Weise der Be¬
1846 1809 1938 1851 des
1958 1808 2941 1867 handlung des Stoffes etwas stark an das fin de sieele
1811 1837 1945 1899 stun¬
1958 1845 2937 1908 erinnert. Wir sind gewiß nicht engherzig, aber ein
1819 1886 1943 1933 Tom¬
1950 1883 2933 1932 solches Opportunitätsprinzip wie es nach der morali¬
1840 1921 1949 1980 daß
1953 1925 2937 1972 schen Seite in dem Schnitzler'schen Stück mit Wort
1829 1962 1939 2009 nicht
1961 1971 2929 2029 und That vertreten wird, möchten wir denn doch eher
1818 2002 1939 2056 stische
1953 2011 2933 2067 im vierten Stock jenes alten Violinspielers oder in
1831 2026 2934 2089 r in dem Gargonlogis der beiden jungen Leute, die der
1838 2080 1934 2133 ,daß
1955 2074 2934 2130 Verfasser sich zur Darstellung herausgesucht hat, be¬
1815 2118 1940 2172 #n im
1957 2128 2934 2178 graben, als auf eine Bühne gebracht wissen, an der
1802 2153 1936 2208 erden.
1957 2162 2926 2217 sich das Volk erbauen, unsere Jugend heranbilden soll.
1820 2197 1947 2251 spen¬
1958 2200 2933 2253 Solche Liebeleien wirken in der seichten Art, wie sie
1819 2232 1944 2288 rvor¬
1951 2229 2938 2289 den Intentionen des Dichters entsprechend zur Dar¬
1826 2269 1939 2332 laus.
1952 2280 2923 2340 stellung gelangen müssen, geradezu demoralisirend auf
1818 2314 1941 2365 schste
1954 2312 3009 2385 die Massen. Wer an solchen Darstellungen Gefallen
1823 2355 1935 2399 ater¬
1956 2356 2922 2422 findet, kann nur ein Freund jener Akmosphäre sein,
1824 2390 1934 2445 icher
1949 2393 2923 2459 in welche wir auf ein paar Stunden vom Dichter ver¬
1819 2433 1940 2482 aus¬
1958 2428 2799 2496 fetzt werden. Zu den warmen Beifallsbezeugt
1834 2471 1931 2526 „der
1944 2470 2804 2533 die den Darstellern und der vorzüglichen Inscen
1835 2510 1938 2559 Die
1944 2512 2818 2566 des Stückes jedenfalls gelten sollten, mischte sich
1838 2548 1930 2597 htes
1953 2549 2897 2609 hafte Opposition, die sich in lautem Zischen und ver¬
1830 2586 2918 2640 uten stohlenen abfälligen Bemerkungen bei den Abschlüssen
1842 2624 1946 2684 dem
1948 2637 2922 2689 und im Verlaufe des Stückes kund gab. Die Idee
1842 2669 1909 2713 ter
1950 2667 2954 2715 des Stückes, in welchem der Verfasser wahre Liebe und
1847 2705 1881 2752 1
1939 2691 2922 2754 Liebe zum Zeitvertreib gegensätzlich einander gegenüber¬
1954 2748 2915 2810 stellt, wäre an und für sich nicht schlecht. Es gebricht
1943 2792 2922 2846 jedoch dem Verfasser vor Allem an dem, was seinen
1941 2830 2924 2901 in Episoden aneinander gereibten Scenen ersichtlich
1945 2867 2914 2930 mangelt; es ist dies dramatische Entwickelung. Das,
1937 2899 2920 2948 was wir zu sehen bekommen, ist keine bühnenreife,
1940 2940 2919 3005 fertige Arbeit: Nebensächliches ist zur Hauptsache ge¬
1940 2974 2909 3033 macht, der Grundstoff des Stückes dagegen meist nur
1945 3022 2912 3074 ganz flüchtig punktirt. Der Gegenstand der Darstellung
1950 3059 2909 3116 ist kurz folgender: Zwei junge Leute halten sich aus
1935 3096 2912 3159 Zeitvertreib verschiedene Liebschaften, von denen sie
1842 3132 1930 3189 nd
1941 3142 2913 3189 zweien in ihrem Garconlogis an einem freien Abend
1841 3177 1921 3222 ein
1945 3185 2911 3224 einen gastlichen Empfang bereitet haben. Das eine
1948 3211 2913 3274 Paar ist sich über die wechselnden Gefühle zweier Lie¬
1842 3259 1926 3304 in¬
1938 3258 2917 3314 benden einig, es nimmt das Leben von der leichten
1843 3292 1933 3344 au
1951 3300 2911 3351 Seite, beide sind dabei glücklich, kreuzsidel, moderne
1835 3333 1928 3385 er¬
1948 3329 2907 3395 Menschen. Der andere junge Mann scheint es fast
1847 3370 1928 3419 ein
1944 3376 2918 3433 ernst mit seiner Freundin zu nehmen, die so weltuner¬
1941 3403 2906 3469 fahren ist, daß sie wahre Liebe gegen Liebelei ver¬
1842 3444 1923 3492 rrn
1943 3456 2905 3498 tauschte, denn auch dieser junge Mann ist bereits da¬
1829 3486 1930 3533 öne
1947 3488 2906 3545 hin gelangt, daß er mehrere Liebschaften zugleich besitzt
1838 3529 1931 3579 um
1944 3534 2904 3587 und neben seiner Christine auch ein Liebesverhältniß
1838 3567 1925 3613 sich
1940 3576 2907 3630 mit einer verheiratheten Frau unterhält. Das Liebes¬
1827 3597 1926 3659 Die
1941 3613 2912 3655 mahl der beiden Paare findet plötzlich einen trüben
1819 3641 1929 3697 ster¬
1949 3645 2909 3702 Abschluß. Nach einer überlang ausgedehnten, an Liebes¬
1825 3684 1925 3735 iche,
1948 3688 2908 3726 tändeleien und geradezu eckelhaften Umarmungen und
1817 3724 1923 3772 3 zu
1931 3724 2906 3777 Lieblosungen reich ausgestatteten Speise= und Musi¬
1816 3760 1921 3812 hen,
1945 3773 2899 3819 cirungsscene tritt als moderner Othello der Mann der
1816 3799 1929 3846 illes
1943 3809 2911 3859 verheiratheten Frau in das Zimmer ein, wirft dem
1821 3838 1930 3889 leich
1939 3845 2912 3887 einen der jungen Leute die Liebesbriefe, die dieser an
1825 3871 1929 3925 den
1938 3882 2912 3921 jene hinter seinem Rücken geschrieben hatte, vor die
1831 3917 1923 3972 als
1946 3918 2919 3979 Füße und geberdet sich, weil er den Schleier seiner
1826 3958 1915 4004 ge¬
1938 3953 2915 4017 Frau im Zimmer des Gargon zurückgeblieben glaubt,
1825 3993 1929 4051 ich“
1937 3997 2907 4054 wie ein Rasender. Der junge Mann fühlt sich erkannt
1837 4035 2903 4105 ub= und getroffen und stellte sich dem in Wuth und Ent¬
