3484 4256
901 167 1344 253 box 12/7
691 170 777 244 1
404 165 662 248 Liebel
233 175 894 285 5. J .
766 844 1590 937 Rheinisch Westoh. Zeittee Tars
587 944 1073 1031 23.110
278 954 576 1060 Liesete
374 1199 1532 1283 & Essen, 2. Jm. Stadttheater: Ein Schnitzler=Abend. Sie
316 1252 1534 1311 flnd eigentlich recht leere Gestatten, diese eleginten=Kavaliere
318 1303 1534 1350 Artyur Schnitzters, die alles und nichts auf der Welt trewen,
322 1336 1536 1395 und deren grunblichstes Stwium nuen dem der Pferde und der
321 1372 1540 1434 neursam Kuureklenmode dees der Frau bildet. Diene Ercc#iter
322 1423 1527 1472 aus Langerwene, die hier mit einer Ehefrau zarte Beziehungen
319 1464 1533 1519 pflegen, um dort einem keinen Waner Vorstadtmäden mit ge¬
314 1490 1538 1540 wissentoser Grazie den Kopf zu verdrehen. Sie lieben nicht,
307 1532 1537 1601 diese Abenteurer des Heizens, sie lubeln nur, sie kennen nicht die
309 1582 1528 1628 große Leidenschaft, sie suhen nur die erotische Senjation, den
315 1630 1531 1673 Reiz, der im Wechsel liegt. Ueverfahrene, mude Steptiker schon
315 1658 1521 1713 in jungen Jahren, bleiben sie jeder starken Empfindung unfähig:
319 1701 1529 1748 wenn sie nicht weltmannisch tandeln mit ihrem Gefühl, bungen
320 1741 1528 1789 sie es allenfalls zu einer Sentimentalität, die sich in der Novelle
319 1774 1533 1838 noch ertraglich giet, rom der Buhne herab aber unerträglich wirkt.f
321 1820 1540 1872 In dem Schaspiel „Lietelei“ stießt vor allem der letzte Aufzug
314 1855 1537 1921 über von billiger Empfndelei, die herhalten muß, ein Stück zum
317 1895 1531 1946 Dreiakter zu dehnen, das schon nach dem ersten Akt zu Ende sein
316 1939 1530 1988 könnte, wie de A##o-ehenen. Es ist soviel üder gewisse
311 1971 1535 2044 Fmuenliteratur gewitzelt wenden gerade von dem Schnitzterkvo.s:
317 2016 1547 2056 ich muß gestehen, daß dieses aus spieterischer Frivolitat und allzu
313 2054 1535 2116 billiger Rührsetigkeit gemischte Stück für mich nicht höher steht,
312 2095 1534 2142 wie so manche Leisunng jener Gartenlauben=Litemtur. Es übte
319 2130 1538 2194 das Stoffliche damals vielleicht einen Reiz auss, als Schnitzler
323 2171 1538 2224 seine Erfeige erlebte: heute, wo es uns bis zum Uebendruß in
325 2216 1530 2264 immer neuen Augüssen vorgesetzt worden ist, schmeckt auch das
312 2254 1540 2312 recht abgesunden. Nicht minder abgestunden das dem Lustspiel
325 2289 1542 2347 „Literan zugrunde liegende Motiv vom Weilchen, das dem
322 2344 1534 2386 Chemann dasonläuft, weil es sich unverstanden fühlt, das in
310 2381 1543 2433 literarischen Kafsees herumndanabondiert, mit einem Schriftsteller
311 2409 1541 2465 ein nicht nur ferlisches Verhältnis hat, um schlioßlich in den
324 2446 1539 2521 Armen eines weltmannischen, aber gä zlich untiterarischen Varons
322 2499 1129 2554 das — Glück zu finden. Auf wie lange?
365 2523 1532 2573 Schnitzter ruckt mit einer gewissen anmutigen Frechheit das
319 2589 1540 2635 sittlich Anstößige in gefällige Beleuchtung, er bewahrt dabei stets
322 2620 1547 2678 de Haltung des objektiven „Psychalegen: Allein das Spieleriphe
323 2659 1531 2709 des Literaten ist stärker in ihm, als der ernste Gestaltungswille
327 2681 1547 2760 des Dichtes: diese Szenen unterhalten uns für einen
312 2738 1399 2798 Theaterabend, nachhaltige Eindrücke hinterlassen sie nicht.
379 2787 1533 2829 Dazu kam, daß in Liebelei den Kavalieren (Weitag und
317 2825 1539 2876 Wörtge die sichere, selbstverständliche Grazie mangelte, die
320 2868 1542 2913 den Hauptreiz der Schnitzkerschen Männlichkeit ausmacht, und
312 2885 1539 2944 daß Fräulein Stuckering ihre hübsch angelegte Christine
324 2934 1533 2985 schließlich in peinliches Theater hineinsteigerte. Der vom Dichter
328 2975 1530 3020 ehan überladene Schluß kann nur durch schlichteste Darstellung
302 3003 1541 3080 Ferettet werden. Durchaus richtig im Ton war die Frau Binder
329 3060 912 3119 des Främein Westerland.
370 3098 1540 3167 Die Aufführung von „Literatur“ wurde von dem sein
320 3139 1543 3178 charakterisierten Clemens des Herrn Hübner getragen, der auch
324 3178 1532 3246 die Spielleitung hatte. Fräulein von Helling zeichnete die
318 3234 1533 3271 Umrisse der Margarethe zu dick: Schnitzler ist hier so deutlich,
323 3256 1539 3329 daß die Darsteltung hämpfen muß, sonst wird dieser Schwank
322 3320 1539 3358 peinlich. Auch Her„menne tat als Gilbert zuviel: beide Künstler:
323 3317 1562 3421 sollten sich an Kübner, der die Spielleitung hatte, stilistisch
326 3386 528 3442 11. ——
2124 352 2968 456 a aus Troppader Zeitung
2469 437 2772 531 27.356 1977
2001 495 2102 579 62
1973 587 2992 663 Theater, Kunst und Literatur.
2334 689 2617 783 „Liebelei.“
2058 759 3024 829 Aus der sorglos rosenfarbenen Welt der
2664 782 3020 888 Lichelei in der
1968 816 2511 900 „Anatol“=Szenen ist Sch
1976 841 3020 929 der Dichter zum erster at  oßel Ton
1972 903 3019 996 des Herzens gefunden hat, hervorgegangen. Zwar
1971 954 3024 1036 kehren in allen seinen späteren Werken die Ge¬
1969 999 3008 1077 stalten dieser innigen Lebenstragödie, die erschüt¬
1978 1057 3017 1144 terndes Leid und wuchtigen Ernst aus dem Scheine
1971 1109 3022 1205 unbekümmerter Lebenslust hervorgehen läßt, in
1982 1150 3018 1224 mannigfachen Variationen wieder Dennoch ist
1980 1190 3019 1278 die „Liebelei" Schnitzlers stärkstes Werk geblieben.
1978 1251 3021 1335 Wie ist die Wirkung, die auch heute noch von
1986 1301 3028 1377 diesem Stücke ausgeht, dessen Handlung so ge¬
1989 1345 3047 1434 ringfügig, ja so einfach und alltäglich ist und die
1989 1403 3027 1475 uns dennoch vom ersten Worte an fesselt und in
1978 1441 3041 1529 atemloser Spannung erhält, zu erklären? Ganz
1997 1488 3039 1567 einfach: Weil ein Dichter dieses Spiel der Liebe,,
1996 1540 3038 1625 aus dem für ein junges, in schlichter Selbstlosig
1991 1592 3045 1673 keit hingegebenes Menschenkind das tragische
1994 1639 3038 1724 Schicksal erwächst, ersonnen und gesehen, und
1993 1686 3045 1767 ein Künstler es war, der es gestaltet hat, ein Poet,
2001 1742 3050 1825 der mit sanftem Hauche den Staub von den Din¬
1993 1797 3052 1873 gen des Alltags streift und sie zu feierlichem
2001 1834 3045 1930 Blühen erweckt. Die tiefen Atemzüge der Wirk¬
1992 1882 3058 1963 lichkeit sind in diesem Stücke. Mit scheinbar äu¬
1996 1934 3057 2009 ßerster Kunftlosigkeit ist diese simple Lebensskizze
1992 1981 3061 2064 aufgebaut und kein falscher pathetischer Ton in
1993 2035 3061 2113 der Sprache dieser Menschen, die im leichtsinnigen
2007 2076 3056 2165 Genuß der Stunde oder mit leiser Schwermut
2005 2118 3068 2211 ihrem Schicksal entgegengehen. Aus dem tiefen
2005 2179 3053 2256 Mitleid, das der Dichter in der lautlos hingege¬
2004 2214 3073 2316 benen Gestalt der Christine erweckt, die in ihrer
2016 2275 3068 2359 wunderbaren Schlichtheit einem holden Urbild der
2012 2322 3076 2410 Liebe gleicht, strömt die stärkste Wirkung des
2014 2402 2311 2470 Schauspiels.
2122 2402 3080 2503 Die gestrige Aufführung des Werkes unter
2010 2474 3073 2554 der gediegenen Leitung des Spielleitens Grü¬
2013 2523 3082 2597 nau ließ den Wert der Dichtung vollauf zur
2025 2574 3072 2659 Geltung kommen. Wenn och ein Wunsch uner¬
2029 2635 3073 2709 füllt blieb, so war es der ich einer gleichmäßige¬
2021 2676 3086 2757 ren Beherrschung des Wiener Dialektes. Als
2034 2731 3082 2789 Christine trat uns ein Gast, Fräulein Martha
2033 2775 3079 2851 Kren vom Düsseldorfer Stadttheater entgegen,
2032 2819 3095 2908 die in diese Rolle schlichte Natürlichkeit, sowie
2037 2869 3077 2951 Wärme und Innigkeit des Tons zu legen wußte
2027 2921 3087 2991 und den großen Schmerzensausbruch am Aus¬
2030 2961 3088 3056 gang des Stückes vollkommen wahr zu gestalten
2006 3035 3069 3108 verstand. Fräulein Stein als Mizi Schlager bot
2010 3095 3047 3148 in der feinen Zeichnung frivoler Kälte und naiver
2022 3159 3047 3212 Genußsucht eine sehr gute Leistung. Den leicht¬
2014 3192 3055 3263 sinnig=schwermütigen Fritz Lobheimer spielte Herr
2018 3246 3041 3316 Groß mit ausgezeichnetem Gelingen. Herr
2015 3270 3055 3359 Werner=Eigen erfreute durch sicheres und
2004 3340 3044 3400 gewandtes Spiel, das die Leistungsfähigkeit die¬
2018 3380 3050 3451 sses Darstellers hervortreten ließ. Herr Hart¬
2002 3436 3044 3493 berg fand in der sorgsam durchgearbeiteten Dar¬
2005 3485 3056 3550 stellung der milden Gestalt des Violinspielers
2003 3538 3053 3607 Weiring ergreifende, tragische Töne. Herr Grü¬
2001 3578 3049 3641 nau zn der Rolle des betrogenen Gatten und
2003 3631 3036 3697 Fräukein Conrady in einer anderen illustrie¬
2018 3698 2966 3755 renden Nebenrolle waren gleich vorzüglich.
2876 3726 3073 3826 5ch.
