<?xml version="1.0" encoding="UTF-8" standalone="yes"?>
<PcGts xmlns="http://schema.primaresearch.org/PAGE/gts/pagecontent/2013-07-15" xmlns:xsi="http://www.w3.org/2001/XMLSchema-instance" xsi:schemaLocation="http://schema.primaresearch.org/PAGE/gts/pagecontent/2013-07-15 http://schema.primaresearch.org/PAGE/gts/pagecontent/2013-07-15/pagecontent.xsd">
    <Metadata>
        <Creator>prov=University of Rostock/Institute of Mathematics/CITlab/Gundram Leifert/gundram.leifert@uni-rostock.de:name=ONB_Newseye_GT_M1+(htr_id=10810)::::v=2.4.2
prov=University of Rostock/Institute of Mathematics/CITlab/Tobias Gruening/tobias.gruening@uni-rostock.de:name=de.uros.citlab.module.baseline2polygon.B2PSeamMultiOriented:v=2.4.2
prov=University of Rostock/Institute of Mathematics/CITlab/Tobias Gruening/tobias.gruening@uni-rostock.de:name=/mnt/transkribus/LA/DEA/URO/LA_news_onb_att.pb:de.uros.citlab.segmentation.CITlab_LA_ML:v=2.4.2
Transkribus</Creator>
        <Created>2019-10-07T11:53:00.171+02:00</Created>
        <LastChange>2019-10-09T04:52:52.449+02:00</LastChange>
        <TranskribusMetadata docId="223992" pageId="9507773" pageNr="544" tsid="16622441" status="IN_PROGRESS" userId="40391" imgUrl="https://files.transkribus.eu/Get?id=UAQITMUXAOIHDGGSPQGATKKU&amp;fileType=view" xmlUrl="https://files.transkribus.eu/Get?id=JUWPFZPEAFMWPVPKJJMPYCNK" imageId="6197360"/>
    </Metadata>
    <Page imageFilename="223992_0544.jpeg" imageWidth="3436" imageHeight="4224">
        <ReadingOrder>
            <OrderedGroup id="ro_1711445884184" caption="Regions reading order">
                <RegionRefIndexed index="0" regionRef="r1"/>
                <RegionRefIndexed index="1" regionRef="r2"/>
            </OrderedGroup>
        </ReadingOrder>
        <TextRegion orientation="0.0" id="r1" custom="readingOrder {index:0;}">
            <Coords points="262,203 262,3270 1379,3270 1379,203"/>
            <TextLine id="r1l1" custom="readingOrder {index:0;}">
                <Coords points="414,238 590,245 604,233 620,244 697,236 742,244 742,195 710,195 680,180 607,198 573,181 526,190 414,182"/>
                <Baseline points="423,234 448,234 474,233 500,233 526,232 552,232 578,232 603,232 629,232 655,232 681,232 707,232 733,233"/>
                <TextEquiv>
                    <Unicode>Liebele</Unicode>
                </TextEquiv>
            </TextLine>
            <TextLine id="r1l2" custom="readingOrder {index:1;}">
                <Coords points="253,242 463,276 1388,259 1388,176 1331,166 675,236 253,186"/>
                <Baseline points="262,223 317,234 373,242 429,248 485,252 541,255 597,255 652,255 708,254 764,252 820,249 876,246 932,243 988,240 1043,238 1099,237 1155,236 1211,236 1267,238 1323,242 1379,248"/>
                <TextEquiv>
                    <Unicode>5. 1 box 10/8</Unicode>
                </TextEquiv>
            </TextLine>
            <TextLine id="r1l3" custom="readingOrder {index:2;}">
                <Coords points="330,646 343,646 361,658 390,635 417,665 435,649 451,663 472,652 491,661 494,597 484,596 438,621 427,614 406,619 397,609 380,609 369,619 331,618"/>
                <Baseline points="339,640 367,646 395,648 424,649 452,648 481,649"/>
                <TextEquiv>
                    <Unicode>CATHE</Unicode>
                </TextEquiv>
            </TextLine>
            <TextLine id="r1l4" custom="readingOrder {index:3;}">
                <Coords points="574,678 621,654 645,669 712,652 730,667 759,644 945,655 973,637 1030,653 1076,626 955,593 918,612 884,602 759,621 721,598 656,624 597,601 573,612"/>
                <Baseline points="584,656 609,654 634,653 660,651 685,651 711,649 736,649 761,648 787,647 812,647 838,646 863,646 889,646 914,646 939,645 965,645 990,645 1016,644 1041,644 1067,643"/>
                <TextEquiv>
                    <Unicode>WAMAN THEATRE.</Unicode>
                </TextEquiv>
            </TextLine>
            <TextLine id="r1l5" custom="readingOrder {index:4;}">
                <Coords points="336,686 420,713 546,684 596,720 811,703 812,652 775,643 729,668 713,652 647,667 621,653 598,673 535,642 510,664 473,651 457,664 439,648 418,663 390,635 337,658"/>
                <Baseline points="345,679 370,681 395,683 421,685 446,686 471,687 497,689 522,691 548,692 573,694 598,694 624,695 649,696 675,696 700,696 725,696 751,695 776,695 802,693"/>
                <TextEquiv>
                    <Unicode>d</Unicode>
                </TextEquiv>
            </TextLine>
            <TextLine id="r1l6" custom="readingOrder {index:5;}">
                <Coords points="316,748 519,772 657,740 1130,736 1129,702 1082,687 666,727 530,697 315,712"/>
                <Baseline points="325,751 364,751 404,750 444,749 484,748 524,747 563,746 603,745 643,744 683,743 723,742 762,741 802,740 842,739 882,737 922,736 961,735 1001,733 1041,732 1081,731 1121,729"/>
                <TextEquiv>
                    <Unicode>" Liebeleij' at St. George's Hall.</Unicode>
                </TextEquiv>
            </TextLine>
            <TextLine id="r1l7" custom="readingOrder {index:6;}">
                <Coords points="317,800 1049,795 1144,777 1143,740 365,759 316,787"/>
                <Baseline points="327,799 367,798 407,797 448,796 488,795 528,794 569,794 609,793 649,792 690,791 730,790 770,789 811,787 851,786 891,785 932,784 972,782 1012,780 1053,779 1093,778 1134,776"/>
                <TextEquiv>
                    <Unicode>Next to Der Biberpelz,' Arthur Schnitzler’s</Unicode>
                </TextEquiv>
            </TextLine>
            <TextLine id="r1l8" custom="readingOrder {index:7;}">
                <Coords points="309,848 1125,821 1124,789 1087,784 308,801"/>
                <Baseline points="318,837 357,836 397,836 437,835 477,835 517,834 557,833 597,833 637,832 677,831 717,829 756,828 796,827 836,826 876,825 916,823 956,822 996,821 1036,819 1076,818 1116,816"/>
                <TextEquiv>
                    <Unicode>three-act drama Liebelei“’ is indubitably the</Unicode>
                </TextEquiv>
            </TextLine>
            <TextLine id="r1l9" custom="readingOrder {index:8;}">
                <Coords points="312,887 1059,871 1128,860 1127,820 311,847"/>
                <Baseline points="322,879 361,878 401,876 441,875 481,874 521,873 561,872 600,871 640,871 680,870 720,869 760,868 800,867 840,866 879,865 919,863 959,862 999,860 1039,858 1079,856 1119,853"/>
                <TextEquiv>
                    <Unicode>most interesting piece of work the German actors</Unicode>
                </TextEquiv>
            </TextLine>
            <TextLine id="r1l10" custom="readingOrder {index:9;}">
                <Coords points="303,941 436,918 1141,917 1140,861 301,879"/>
                <Baseline points="311,917 352,916 393,915 434,914 475,913 516,912 557,911 598,910 639,910 680,908 721,907 762,906 803,905 844,904 885,903 926,901 967,899 1008,898 1049,896 1090,894 1132,892"/>
                <TextEquiv>
                    <Unicode>have yet presented. It is a characteristically and</Unicode>
                </TextEquiv>
            </TextLine>
            <TextLine id="r1l11" custom="readingOrder {index:10;}">
                <Coords points="306,956 1092,940 1144,959 1142,908 1089,901 306,932"/>
                <Baseline points="315,957 355,956 396,955 437,954 478,952 519,951 560,950 601,949 642,948 683,948 724,947 764,946 805,945 846,944 887,943 928,941 969,939 1010,938 1051,936 1092,934 1133,932"/>
                <TextEquiv>
                    <Unicode>intimately Viennese play, depicting a phase of</Unicode>
                </TextEquiv>
            </TextLine>
            <TextLine id="r1l12" custom="readingOrder {index:11;}">
                <Coords points="307,986 480,1006 1090,989 1136,982 1135,937 306,968"/>
                <Baseline points="317,995 357,994 398,993 438,993 479,992 519,991 560,990 600,989 641,989 681,988 722,987 762,986 803,984 843,983 884,982 924,981 965,979 1005,978 1046,975 1086,973 1127,971"/>
                <TextEquiv>
                    <Unicode>life peculiar to the Austrian capital. The title</Unicode>
                </TextEquiv>
            </TextLine>
            <TextLine id="r1l13" custom="readingOrder {index:12;}">
                <Coords points="320,1043 1134,1033 1132,977 318,1006"/>
                <Baseline points="328,1032 367,1032 407,1032 447,1032 487,1032 526,1031 566,1030 606,1029 646,1028 685,1027 725,1025 765,1024 805,1023 844,1021 884,1019 924,1018 964,1016 1003,1015 1043,1012 1083,1011 1123,1009"/>
                <TextEquiv>
                    <Unicode>Liebelei may be (very inadequately) translated</Unicode>
                </TextEquiv>
            </TextLine>
            <TextLine id="r1l14" custom="readingOrder {index:13;}">
                <Coords points="342,1088 1141,1058 1140,1032 1095,1016 341,1041"/>
                <Baseline points="351,1072 390,1071 429,1071 468,1070 507,1069 546,1068 585,1068 624,1067 663,1065 702,1064 741,1064 780,1062 819,1061 858,1060 897,1059 936,1058 975,1056 1014,1054 1053,1053 1092,1051 1131,1050"/>
                <TextEquiv>
                    <Unicode>Dalliance, and the morlg ofthe leading person¬</Unicode>
                </TextEquiv>
            </TextLine>
            <TextLine id="r1l15" custom="readingOrder {index:14;}">
                <Coords points="309,1118 1087,1104 1141,1087 1140,1059 308,1091"/>
                <Baseline points="318,1112 358,1111 399,1110 439,1109 480,1108 521,1107 561,1106 602,1105 643,1103 683,1102 724,1101 765,1100 805,1099 846,1097 887,1096 927,1095 968,1094 1009,1093 1049,1092 1090,1092 1131,1091"/>
                <TextEquiv>
                    <Unicode>ages are certainly not above reproach; yet their</Unicode>
                </TextEquiv>
            </TextLine>
            <TextLine id="r1l16" custom="readingOrder {index:15;}">
                <Coords points="309,1175 468,1148 1125,1142 1140,1092 307,1117"/>
                <Baseline points="317,1148 357,1148 398,1147 439,1146 479,1146 520,1145 561,1143 601,1142 642,1141 683,1140 724,1139 764,1137 805,1135 846,1134 886,1133 927,1132 968,1130 1008,1129 1049,1128 1090,1127 1131,1126"/>
                <TextEquiv>
                    <Unicode>irregular relations have not the grossness and vul¬</Unicode>
                </TextEquiv>
            </TextLine>
            <TextLine id="r1l17" custom="readingOrder {index:16;}">
                <Coords points="319,1199 1137,1185 1155,1121 317,1160"/>
                <Baseline points="327,1189 368,1188 409,1187 450,1186 491,1185 532,1184 573,1182 614,1181 655,1180 696,1178 737,1177 778,1175 819,1174 860,1173 901,1172 942,1171 983,1170 1024,1169 1065,1168 1106,1167 1147,1167"/>
                <TextEquiv>
                    <Unicode>garity of what is commonly called“ fast'' life, but</Unicode>
                </TextEquiv>
            </TextLine>
            <TextLine id="r1l18" custom="readingOrder {index:17;}">
                <Coords points="315,1227 1013,1223 1155,1193 1089,1170 314,1196"/>
                <Baseline points="325,1226 366,1225 407,1225 448,1225 489,1224 530,1223 571,1221 612,1220 653,1219 694,1217 735,1216 776,1215 817,1213 858,1211 899,1210 940,1209 981,1207 1022,1206 1063,1206 1104,1205 1145,1204"/>
                <TextEquiv>
                    <Unicode>are founded upon a certain measure, at any rate,</Unicode>
                </TextEquiv>
            </TextLine>
            <TextLine id="r1l19" custom="readingOrder {index:18;}">
                <Coords points="321,1277 1118,1256 1144,1251 1143,1210 319,1231"/>
                <Baseline points="329,1264 369,1264 409,1263 449,1262 490,1261 530,1260 570,1259 611,1258 651,1256 691,1255 732,1254 772,1253 812,1251 852,1250 893,1248 933,1247 973,1245 1014,1244 1054,1242 1094,1241 1135,1239"/>
                <TextEquiv>
                    <Unicode>of real affection and kindness. In a word, the</Unicode>
                </TextEquiv>
            </TextLine>
            <TextLine id="r1l20" custom="readingOrder {index:19;}">
                <Coords points="323,1311 1144,1284 1143,1258 1079,1245 322,1283"/>
                <Baseline points="331,1305 371,1303 411,1302 451,1300 491,1299 532,1297 572,1296 612,1295 652,1294 692,1292 733,1292 773,1290 813,1289 853,1288 893,1287 934,1285 974,1283 1014,1282 1054,1281 1094,1279 1135,1276"/>
                <TextEquiv>
                    <Unicode>grisette of midl-century Paris seems to survive</Unicode>
                </TextEquiv>
            </TextLine>
            <TextLine id="r1l21" custom="readingOrder {index:20;}">
                <Coords points="320,1342 1119,1331 1147,1326 1146,1287 319,1314"/>
                <Baseline points="329,1342 369,1340 409,1339 450,1337 490,1336 531,1335 571,1334 611,1332 652,1331 692,1330 733,1329 773,1328 813,1327 854,1326 894,1325 935,1324 975,1323 1015,1321 1056,1320 1096,1319 1137,1317"/>
                <TextEquiv>
                    <Unicode>(though not without a difference) in the Kaiserstadt,</Unicode>
                </TextEquiv>
            </TextLine>
            <TextLine id="r1l22" custom="readingOrder {index:21;}">
                <Coords points="319,1403 446,1378 1003,1382 1159,1362 1158,1338 419,1355 316,1332"/>
                <Baseline points="327,1381 368,1380 409,1379 450,1378 491,1377 532,1376 573,1375 614,1374 655,1372 696,1371 738,1369 779,1368 820,1367 861,1365 902,1363 943,1362 984,1361 1025,1359 1066,1357 1107,1356 1149,1354"/>
                <TextEquiv>
                    <Unicode>and Liebelei“ is a study of the Teutonic</Unicode>
                </TextEquiv>
            </TextLine>
            <TextLine id="r1l23" custom="readingOrder {index:22;}">
                <Coords points="322,1427 340,1422 356,1434 370,1422 446,1426 453,1418 498,1421 496,1391 468,1391 448,1376 427,1377 406,1388 383,1385 365,1394 353,1387 335,1404 320,1403"/>
                <Baseline points="331,1423 357,1418 383,1415 409,1413 435,1413 461,1412 487,1411"/>
                <TextEquiv>
                    <Unicode>grisette.</Unicode>
                </TextEquiv>
            </TextLine>
            <TextLine id="r1l24" custom="readingOrder {index:23;}">
                <Coords points="362,1454 1022,1458 1168,1422 1167,1381 862,1419 668,1400 569,1428 522,1408 361,1422"/>
                <Baseline points="371,1451 410,1451 449,1451 489,1451 528,1451 568,1450 607,1450 646,1449 686,1448 725,1447 765,1446 804,1445 843,1443 883,1442 922,1440 962,1439 1001,1437 1040,1435 1080,1434 1119,1432 1159,1430"/>
                <TextEquiv>
                    <Unicode>We are introduced in the first act to a gay little</Unicode>
                </TextEquiv>
            </TextLine>
            <TextLine id="r1l25" custom="readingOrder {index:24;}">
                <Coords points="321,1502 1120,1475 1167,1496 1166,1432 1043,1460 320,1470"/>
                <Baseline points="331,1495 372,1495 413,1494 454,1493 496,1492 537,1491 578,1490 620,1489 661,1488 702,1487 744,1486 785,1485 826,1483 867,1482 909,1481 950,1480 991,1478 1033,1476 1074,1475 1115,1473 1157,1471"/>
                <TextEquiv>
                    <Unicode>supper at the rooms of Fritz Lobheimer. The</Unicode>
                </TextEquiv>
            </TextLine>
            <TextLine id="r1l26" custom="readingOrder {index:25;}">
                <Coords points="328,1538 1103,1524 1164,1515 1163,1479 326,1499"/>
                <Baseline points="337,1534 377,1533 418,1532 459,1531 500,1530 541,1529 582,1529 623,1527 664,1527 705,1526 746,1524 786,1523 827,1522 868,1520 909,1519 950,1517 991,1515 1032,1513 1073,1511 1114,1508 1155,1505"/>
                <TextEquiv>
                    <Unicode>party consists of Fritz and his friend Theodor with</Unicode>
                </TextEquiv>
            </TextLine>
            <TextLine id="r1l27" custom="readingOrder {index:26;}">
                <Coords points="324,1572 1159,1559 1158,1521 323,1552"/>
                <Baseline points="333,1573 373,1572 414,1571 455,1570 496,1568 537,1567 577,1566 618,1565 659,1564 700,1563 741,1562 781,1561 822,1560 863,1559 904,1557 945,1556 985,1554 1026,1552 1067,1550 1108,1547 1149,1544"/>
                <TextEquiv>
                    <Unicode>their sweethearts Christine Weiring and Mizzi</Unicode>
                </TextEquiv>
            </TextLine>
            <TextLine id="r1l28" custom="readingOrder {index:27;}">
                <Coords points="325,1622 1084,1587 1158,1604 1156,1549 324,1585"/>
                <Baseline points="334,1612 374,1611 415,1611 455,1610 496,1609 537,1608 577,1606 618,1605 659,1604 699,1603 740,1601 781,1600 821,1599 862,1597 903,1595 943,1594 984,1592 1025,1591 1065,1589 1106,1587 1147,1585"/>
                <TextEquiv>
                    <Unicode>Schlager. It is evident from the first that the</Unicode>
                </TextEquiv>
            </TextLine>
            <TextLine id="r1l29" custom="readingOrder {index:28;}">
                <Coords points="331,1654 1162,1636 1161,1608 1093,1594 330,1622"/>
                <Baseline points="341,1651 381,1650 422,1649 462,1648 503,1647 544,1645 584,1644 625,1643 665,1641 706,1640 747,1638 787,1637 828,1636 868,1634 909,1633 950,1631 990,1630 1031,1628 1071,1627 1112,1625 1153,1623"/>
                <TextEquiv>
                    <Unicode>characters of the two girls are very dfferent. Chris¬</Unicode>
                </TextEquiv>
            </TextLine>
            <TextLine id="r1l30" custom="readingOrder {index:29;}">
                <Coords points="342,1701 1060,1684 1144,1675 1173,1633 340,1668"/>
                <Baseline points="350,1688 390,1688 431,1687 472,1687 512,1686 553,1685 594,1684 634,1682 675,1681 716,1679 757,1678 797,1676 838,1675 879,1672 919,1671 960,1669 1001,1667 1041,1665 1082,1663 1123,1661 1164,1660"/>
                <TextEquiv>
                    <Unicode>tine is sentimental, passionate, essentially pure¬</Unicode>
                </TextEquiv>
            </TextLine>
            <TextLine id="r1l31" custom="readingOrder {index:30;}">
                <Coords points="340,1736 1167,1711 1165,1671 1128,1669 338,1701"/>
                <Baseline points="349,1729 389,1728 429,1727 470,1726 510,1726 551,1724 591,1723 631,1722 672,1720 712,1719 753,1717 793,1716 833,1714 874,1712 914,1711 955,1710 995,1708 1035,1707 1076,1706 1116,1705 1157,1704"/>
                <TextEquiv>
                    <Unicode>minded, and deeply devoted to Fritz, her first and</Unicode>
                </TextEquiv>
            </TextLine>
            <TextLine id="r1l32" custom="readingOrder {index:31;}">
                <Coords points="337,1785 1085,1761 1178,1735 1177,1713 1080,1707 335,1740"/>
                <Baseline points="345,1769 386,1768 427,1767 468,1766 509,1765 551,1764 592,1763 633,1761 674,1760 715,1758 757,1757 798,1755 839,1753 880,1752 921,1750 963,1749 1004,1747 1045,1745 1086,1743 1127,1742 1169,1739"/>
                <TextEquiv>
                    <Unicode>only love. Mizzi is a good-hearted, frivolous little</Unicode>
                </TextEquiv>
            </TextLine>
            <TextLine id="r1l33" custom="readingOrder {index:32;}">
                <Coords points="330,1802 1129,1796 1166,1779 1165,1747 329,1777"/>
                <Baseline points="340,1806 380,1805 421,1805 462,1805 503,1804 544,1803 584,1802 625,1800 666,1799 707,1797 748,1795 788,1794 829,1792 870,1791 911,1788 952,1787 992,1785 1033,1783 1074,1782 1115,1781 1156,1779"/>
                <TextEquiv>
                    <Unicode>creature, sincerely attached to Theodor, but</Unicode>
                </TextEquiv>
            </TextLine>
            <TextLine id="r1l34" custom="readingOrder {index:33;}">
                <Coords points="344,1850 1089,1838 1170,1809 1169,1779 342,1813"/>
                <Baseline points="352,1844 392,1843 433,1843 473,1842 514,1841 554,1840 595,1839 635,1837 676,1836 716,1834 757,1833 797,1831 838,1829 878,1828 919,1827 959,1825 1000,1823 1040,1822 1081,1821 1121,1819 1162,1818"/>
                <TextEquiv>
                    <Unicode>neither expecting nor very scriously desiring that</Unicode>
                </TextEquiv>
            </TextLine>
            <TextLine id="r1l35" custom="readingOrder {index:34;}">
                <Coords points="343,1878 389,1897 1174,1864 1172,1809 1085,1835 342,1852"/>
                <Baseline points="352,1883 392,1881 433,1880 473,1879 514,1878 555,1877 595,1876 636,1875 677,1874 717,1872 758,1871 799,1869 839,1868 880,1867 921,1865 961,1863 1002,1861 1043,1859 1083,1857 1124,1855 1165,1852"/>
                <TextEquiv>
                    <Unicode>their relation should endure for wer. Sho shocks</Unicode>
                </TextEquiv>
            </TextLine>
            <TextLine id="r1l36" custom="readingOrder {index:35;}">
                <Coords points="348,1930 602,1903 695,1924 1154,1903 1135,1861 346,1885"/>
                <Baseline points="357,1918 396,1918 435,1918 475,1918 514,1917 554,1916 593,1915 632,1913 672,1912 711,1911 751,1909 790,1907 829,1905 869,1903 908,1902 948,1899 987,1898 1026,1896 1066,1894 1105,1893 1145,1891"/>
                <TextEquiv>
                    <Unicode>her friend bv talking lightly ofthe men,?'</Unicode>
                </TextEquiv>
            </TextLine>
            <TextLine id="r1l37" custom="readingOrder {index:36;}">
                <Coords points="338,1947 532,1962 1164,1928 1162,1885 448,1928 336,1904"/>
                <Baseline points="347,1951 387,1951 427,1951 467,1950 508,1949 548,1948 588,1947 629,1946 669,1945 709,1943 750,1941 790,1940 830,1938 870,1936 911,1934 951,1932 991,1931 1032,1928 1072,1925 1112,1924 1153,1921"/>
                <TextEquiv>
                    <Unicode>whereas for Christine there is only one man in</Unicode>
                </TextEquiv>
            </TextLine>
            <TextLine id="r1l38" custom="readingOrder {index:37;}">
                <Coords points="342,1988 1173,1969 1153,1929 340,1947"/>
                <Baseline points="351,1984 391,1984 432,1983 472,1982 513,1981 554,1980 594,1980 635,1978 675,1977 716,1976 757,1974 797,1972 838,1971 878,1969 919,1967 960,1965 1000,1963 1041,1960 1081,1958 1122,1955 1163,1952"/>
                <TextEquiv>
                    <Unicode>the world. We soon learn that Fritz is oppressed</Unicode>
                </TextEquiv>
            </TextLine>
            <TextLine id="r1l39" custom="readingOrder {index:38;}">
                <Coords points="345,2026 1179,1987 1178,1953 841,1985 344,1987"/>
                <Baseline points="355,2017 395,2016 436,2015 477,2014 517,2013 558,2011 599,2010 639,2009 680,2008 721,2006 762,2005 802,2003 843,2002 884,2000 924,1998 965,1997 1006,1994 1046,1993 1087,1990 1128,1988 1169,1985"/>
                <TextEquiv>
                    <Unicode>by a load of anzietv. He has formed (before he</Unicode>
                </TextEquiv>
            </TextLine>
            <TextLine id="r1l40" custom="readingOrder {index:39;}">
                <Coords points="348,2055 1198,2040 1175,1981 346,2025"/>
                <Baseline points="357,2050 398,2049 440,2048 481,2047 523,2046 564,2044 606,2043 647,2041 689,2040 730,2037 772,2035 813,2034 855,2032 896,2030 938,2028 979,2026 1021,2025 1062,2023 1104,2022 1145,2020 1187,2019"/>
                <TextEquiv>
                    <Unicode>knew Curistine) a liaison with a married woman, ane</Unicode>
                </TextEquiv>
            </TextLine>
            <TextLine id="r1l41" custom="readingOrder {index:40;}">
                <Coords points="340,2110 446,2080 1116,2068 1175,2058 1174,2028 338,2058"/>
                <Baseline points="349,2083 389,2082 430,2082 471,2081 512,2080 553,2078 593,2077 634,2076 675,2074 716,2072 757,2071 797,2069 838,2067 879,2065 920,2063 961,2061 1001,2059 1042,2057 1083,2056 1124,2054 1165,2053"/>
                <TextEquiv>
                    <Unicode>he is sure that her husband has now discovered it.</Unicode>
                </TextEquiv>
            </TextLine>
            <TextLine id="r1l42" custom="readingOrder {index:41;}">
                <Coords points="350,2119 910,2116 935,2092 1151,2097 1176,2059 349,2091"/>
                <Baseline points="359,2114 399,2113 439,2113 480,2112 520,2111 561,2110 601,2109 641,2108 682,2107 722,2105 763,2103 803,2102 843,2100 884,2098 924,2096 965,2094 1005,2092 1045,2090 1086,2087 1126,2085 1167,2082"/>
                <TextEquiv>
                    <Unicode>In the middle of the supper party there comes a</Unicode>
                </TextEquiv>
            </TextLine>
            <TextLine id="r1l43" custom="readingOrder {index:42;}">
                <Coords points="353,2164 1181,2119 1176,2085 351,2125"/>
                <Baseline points="361,2147 401,2147 442,2146 482,2145 523,2144 563,2143 604,2142 644,2141 685,2140 725,2138 766,2137 806,2135 847,2133 887,2131 928,2129 968,2127 1009,2125 1049,2123 1090,2121 1130,2119 1171,2116"/>
                <TextEquiv>
                    <Unicode>peremptory knock at the door. The two girls</Unicode>
                </TextEquiv>
            </TextLine>
            <TextLine id="r1l44" custom="readingOrder {index:43;}">
                <Coords points="351,2178 1175,2163 1173,2120 350,2144"/>
                <Baseline points="361,2178 401,2178 441,2177 481,2176 521,2175 562,2174 602,2174 642,2172 682,2171 722,2170 763,2168 803,2166 843,2165 883,2163 923,2161 964,2159 1004,2157 1044,2155 1084,2152 1124,2149 1165,2147"/>
                <TextEquiv>
                    <Unicode>are hurried into another room, and the visitor</Unicode>
                </TextEquiv>
            </TextLine>
            <TextLine id="r1l45" custom="readingOrder {index:44;}">
                <Coords points="351,2217 1174,2185 1173,2162 1062,2154 564,2190 350,2178"/>
                <Baseline points="361,2211 401,2210 441,2209 481,2208 521,2207 562,2206 602,2205 642,2204 682,2202 722,2201 763,2199 803,2198 843,2196 883,2195 923,2192 964,2190 1004,2189 1044,2186 1084,2184 1124,2182 1165,2179"/>
                <TextEquiv>
                    <Unicode>is admitted. It is the injured husband, who has</Unicode>
                </TextEquiv>
            </TextLine>
            <TextLine id="r1l46" custom="readingOrder {index:45;}">
                <Coords points="351,2232 496,2253 968,2220 1027,2237 1182,2216 1181,2182 350,2217"/>
                <Baseline points="361,2242 401,2241 442,2240 482,2239 523,2238 564,2237 604,2236 645,2235 685,2234 726,2232 767,2231 807,2230 848,2229 888,2227 929,2224 970,2223 1010,2221 1051,2218 1091,2215 1132,2212 1173,2210"/>
                <TextEquiv>
                    <Unicode>come to challenge Fritz. The duel is arranged</Unicode>
                </TextEquiv>
            </TextLine>
            <TextLine id="r1l47" custom="readingOrder {index:46;}">
                <Coords points="355,2275 1191,2257 1190,2217 353,2243"/>
                <Baseline points="363,2272 403,2272 444,2271 485,2270 526,2270 567,2269 608,2268 649,2266 690,2265 731,2264 772,2262 812,2261 853,2259 894,2257 935,2255 976,2253 1017,2251 1058,2249 1099,2246 1140,2244 1181,2242"/>
                <TextEquiv>
                    <Unicode>for the morrow, the girls are recalled, and the</Unicode>
                </TextEquiv>
            </TextLine>
            <TextLine id="r1l48" custom="readingOrder {index:47;}">
                <Coords points="351,2329 598,2298 1180,2294 1188,2252 349,2277"/>
                <Baseline points="359,2307 400,2305 441,2303 482,2302 523,2300 564,2299 605,2298 646,2296 687,2295 728,2294 769,2293 810,2292 851,2291 892,2290 933,2288 974,2287 1015,2285 1056,2283 1097,2281 1138,2278 1179,2275"/>
                <TextEquiv>
                    <Unicode>supper party proceeds with such gaiety as the</Unicode>
                </TextEquiv>
            </TextLine>
            <TextLine id="r1l49" custom="readingOrder {index:48;}">
                <Coords points="357,2352 1194,2315 1193,2292 1100,2280 356,2316"/>
                <Baseline points="367,2335 407,2334 448,2333 489,2332 530,2331 571,2330 611,2329 652,2328 693,2327 734,2326 775,2325 815,2324 856,2323 897,2321 938,2320 979,2318 1019,2316 1060,2314 1101,2311 1142,2308 1183,2305"/>
                <TextEquiv>
                    <Unicode>voung men can müster un. The two remaining</Unicode>
                </TextEquiv>
            </TextLine>
            <TextLine id="r1l50" custom="readingOrder {index:49;}">
                <Coords points="361,2373 1017,2342 1055,2360 1164,2349 1199,2315 360,2339"/>
                <Baseline points="371,2366 411,2365 452,2364 493,2363 534,2362 575,2361 616,2360 657,2360 698,2359 739,2358 780,2358 820,2356 861,2355 902,2354 943,2353 984,2351 1025,2349 1066,2346 1107,2345 1148,2341 1189,2338"/>
                <TextEquiv>
                    <Unicode>acts take place in Christine’s home. In the</Unicode>
                </TextEquiv>
            </TextLine>
            <TextLine id="r1l51" custom="readingOrder {index:50;}">
                <Coords points="364,2407 1196,2385 1195,2340 363,2375"/>
                <Baseline points="373,2396 413,2395 454,2394 495,2393 535,2392 576,2391 617,2391 657,2390 698,2389 739,2388 780,2387 820,2386 861,2384 902,2383 942,2382 983,2380 1024,2379 1064,2377 1105,2376 1146,2373 1187,2371"/>
                <TextEquiv>
                    <Unicode>second act she confesses her love to her father,</Unicode>
                </TextEquiv>
            </TextLine>
            <TextLine id="r1l52" custom="readingOrder {index:51;}">
                <Coords points="363,2429 1078,2421 1160,2415 1202,2373 362,2407"/>
                <Baseline points="372,2430 413,2428 454,2425 495,2424 536,2423 577,2422 618,2420 659,2419 700,2418 741,2418 782,2417 823,2416 864,2415 905,2415 946,2414 987,2413 1028,2412 1069,2411 1110,2410 1151,2408 1193,2406"/>
                <TextEquiv>
                    <Unicode>an old musician, and has a scene of parting with</Unicode>
                </TextEquiv>
            </TextLine>
            <TextLine id="r1l53" custom="readingOrder {index:52;}">
                <Coords points="374,2463 1197,2448 1196,2408 373,2431"/>
                <Baseline points="383,2459 423,2458 463,2457 503,2456 544,2455 584,2454 624,2453 664,2452 705,2451 745,2450 785,2450 825,2448 866,2447 906,2446 946,2445 986,2444 1027,2443 1067,2440 1107,2438 1147,2437 1188,2434"/>
                <TextEquiv>
                    <Unicode>Fritz who visits her for the first time in her</Unicode>
                </TextEquiv>
            </TextLine>
            <TextLine id="r1l54" custom="readingOrder {index:53;}">
                <Coords points="365,2499 1162,2478 1195,2443 364,2460"/>
                <Baseline points="375,2491 415,2490 456,2489 496,2488 537,2488 578,2487 618,2486 659,2485 699,2484 740,2483 781,2482 821,2481 862,2480 902,2478 943,2477 984,2476 1024,2474 1065,2472 1105,2470 1146,2469 1187,2466"/>
                <TextEquiv>
                    <Unicode>home. and tells her that he is leaving Vienna for</Unicode>
                </TextEquiv>
            </TextLine>
            <TextLine id="r1l55" custom="readingOrder {index:54;}">
                <Coords points="370,2529 1145,2513 1195,2498 1194,2461 369,2499"/>
                <Baseline points="379,2522 419,2521 459,2520 499,2520 540,2519 580,2518 620,2517 661,2517 701,2516 741,2515 782,2514 822,2513 862,2511 902,2510 943,2509 983,2507 1023,2505 1064,2503 1104,2501 1144,2499 1185,2496"/>
                <TextEquiv>
                    <Unicode>a few days. Something in his manner fills her</Unicode>
                </TextEquiv>
            </TextLine>
            <TextLine id="r1l56" custom="readingOrder {index:55;}">
                <Coords points="366,2572 1125,2544 1194,2527 1193,2495 364,2536"/>
                <Baseline points="375,2554 415,2553 456,2552 496,2551 537,2550 577,2550 618,2549 658,2548 699,2547 739,2546 780,2545 820,2544 861,2543 901,2542 942,2541 982,2539 1023,2537 1063,2534 1104,2533 1144,2530 1185,2527"/>
                <TextEquiv>
                    <Unicode>with a vague fear, and the scene is all the more</Unicode>
                </TextEquiv>
            </TextLine>
            <TextLine id="r1l57" custom="readingOrder {index:56;}">
                <Coords points="373,2596 1198,2559 1196,2525 372,2556"/>
                <Baseline points="381,2588 421,2586 461,2585 502,2583 542,2582 583,2581 623,2580 663,2579 704,2578 744,2577 785,2576 825,2575 865,2574 906,2573 946,2572 987,2570 1027,2568 1067,2567 1108,2565 1148,2562 1189,2559"/>
                <TextEquiv>
                    <Unicode>poignant as we know that Fritz is üirmly convinced</Unicode>
                </TextEquiv>
            </TextLine>
            <TextLine id="r1l58" custom="readingOrder {index:57;}">
                <Coords points="369,2618 1178,2607 1201,2567 368,2594"/>
                <Baseline points="379,2620 419,2619 460,2617 501,2617 541,2615 582,2615 623,2613 663,2612 704,2611 745,2610 786,2609 826,2607 867,2606 908,2605 948,2603 989,2602 1030,2600 1070,2599 1111,2597 1152,2595 1193,2592"/>
                <TextEquiv>
                    <Unicode>that he is going to his death. His presentiment</Unicode>
                </TextEquiv>
            </TextLine>
            <TextLine id="r1l59" custom="readingOrder {index:58;}">
                <Coords points="368,2663 1197,2634 1179,2599 368,2635"/>
                <Baseline points="377,2651 417,2650 458,2649 498,2648 539,2648 579,2647 620,2646 660,2645 701,2644 741,2642 782,2641 822,2640 863,2638 903,2637 944,2636 984,2634 1025,2632 1065,2630 1106,2628 1146,2626 1187,2624"/>
                <TextEquiv>
                    <Unicode>is fulfilled, and in the last act Theodor comes to</Unicode>
                </TextEquiv>
            </TextLine>
            <TextLine id="r1l60" custom="readingOrder {index:59;}">
                <Coords points="363,2681 1195,2671 1194,2631 363,2668"/>
                <Baseline points="373,2684 413,2682 454,2681 494,2679 535,2678 576,2678 616,2676 657,2676 697,2675 738,2674 779,2673 819,2672 860,2671 900,2670 941,2669 982,2667 1022,2666 1063,2664 1103,2662 1144,2660 1185,2657"/>
                <TextEquiv>
                    <Unicode>break the news to Christine. She is not only</Unicode>
                </TextEquiv>
            </TextLine>
            <TextLine id="r1l61" custom="readingOrder {index:60;}">
                <Coords points="369,2708 844,2716 875,2694 979,2714 1104,2690 1191,2709 1197,2660 368,2682"/>
                <Baseline points="379,2714 419,2713 460,2712 500,2711 541,2710 581,2710 622,2708 662,2708 703,2707 743,2706 784,2705 824,2704 865,2703 905,2702 946,2700 986,2699 1027,2698 1067,2696 1108,2695 1148,2693 1189,2691"/>
                <TextEquiv>
                    <Unicode>heartbroken, but tortured by the discovery that</Unicode>
                </TextEquiv>
            </TextLine>
            <TextLine id="r1l62" custom="readingOrder {index:61;}">
                <Coords points="381,2760 1065,2746 1196,2734 1195,2693 380,2728"/>
                <Baseline points="389,2744 428,2742 468,2741 508,2740 548,2739 588,2739 628,2738 668,2737 708,2737 748,2736 788,2736 827,2735 867,2735 907,2734 947,2733 987,2732 1027,2730 1067,2728 1107,2727 1147,2724 1187,2721"/>
                <TextEquiv>
                    <Unicode>she was a mere ineident in the life of her lover,</Unicode>
                </TextEquiv>
            </TextLine>
            <TextLine id="r1l63" custom="readingOrder {index:62;}">
                <Coords points="379,2780 1141,2768 1214,2760 1213,2721 378,2752"/>
                <Baseline points="389,2775 429,2775 470,2773 511,2772 552,2771 593,2771 633,2770 674,2769 715,2769 756,2767 797,2767 837,2766 878,2765 919,2764 960,2763 1001,2762 1041,2761 1082,2759 1123,2758 1164,2756 1205,2754"/>
                <TextEquiv>
                    <Unicode>who fought and died for another woman. In the</Unicode>
                </TextEquiv>
            </TextLine>
            <TextLine id="r1l64" custom="readingOrder {index:63;}">
                <Coords points="369,2812 1209,2790 1208,2762 1078,2756 368,2784"/>
                <Baseline points="377,2810 418,2808 459,2807 500,2806 541,2805 582,2804 623,2803 664,2802 705,2801 746,2800 788,2799 829,2798 870,2797 911,2796 952,2795 993,2793 1034,2791 1075,2790 1116,2788 1157,2786 1199,2783"/>
                <TextEquiv>
                    <Unicode>end she rushes away from her home maddened</Unicode>
                </TextEquiv>
            </TextLine>
            <TextLine id="r1l65" custom="readingOrder {index:64;}">
                <Coords points="375,2848 1027,2820 1062,2848 1217,2824 1216,2790 373,2810"/>
                <Baseline points="383,2843 424,2842 465,2841 506,2840 548,2839 589,2838 630,2837 671,2835 713,2834 754,2832 795,2831 836,2830 878,2829 919,2828 960,2826 1001,2825 1043,2824 1084,2823 1125,2821 1166,2820 1208,2819"/>
                <TextEquiv>
                    <Unicode>by grief, and her old father falls on his kuees</Unicode>
                </TextEquiv>
            </TextLine>
            <TextLine id="r1l66" custom="readingOrder {index:65;}">
                <Coords points="381,2879 1158,2862 1205,2854 1204,2819 380,2844"/>
                <Baseline points="391,2874 431,2874 471,2873 511,2872 552,2871 592,2870 632,2869 672,2868 713,2866 753,2865 793,2863 833,2862 874,2860 914,2859 954,2858 994,2856 1035,2856 1075,2855 1115,2854 1155,2853 1196,2853"/>
                <TextEquiv>
                    <Unicode>sobbing:“ I shall never see her again.' This</Unicode>
                </TextEquiv>
            </TextLine>
            <TextLine id="r1l67" custom="readingOrder {index:66;}">
                <Coords points="374,2919 1207,2881 1206,2853 1084,2851 373,2887"/>
                <Baseline points="383,2906 423,2905 464,2903 505,2902 545,2901 586,2900 627,2898 667,2898 708,2897 749,2896 790,2895 830,2894 871,2893 912,2892 952,2890 993,2889 1034,2887 1074,2885 1115,2883 1156,2880 1197,2877"/>
                <TextEquiv>
                    <Unicode>littie every-day tragedy is full of life, truth, cha¬</Unicode>
                </TextEquiv>
            </TextLine>
            <TextLine id="r1l68" custom="readingOrder {index:67;}">
                <Coords points="387,2944 1090,2931 1114,2909 1190,2928 1210,2888 386,2911"/>
                <Baseline points="397,2935 437,2935 477,2934 517,2934 557,2933 598,2932 638,2931 678,2930 718,2929 758,2928 799,2927 839,2926 879,2925 919,2924 959,2923 1000,2922 1040,2921 1080,2919 1120,2918 1160,2917 1201,2916"/>
                <TextEquiv>
                    <Unicode>racter and atmosphere. And it is very well</Unicode>
                </TextEquiv>
            </TextLine>
            <TextLine id="r1l69" custom="readingOrder {index:68;}">
                <Coords points="384,2971 1100,2946 1138,2964 1203,2948 1203,2926 383,2939"/>
                <Baseline points="393,2970 433,2969 473,2968 513,2967 553,2966 593,2965 633,2964 673,2963 713,2962 753,2960 793,2959 833,2958 873,2956 913,2956 953,2954 993,2953 1033,2951 1073,2949 1113,2948 1153,2946 1193,2943"/>
                <TextEquiv>
                    <Unicode>played by the company at St. George’s Hall.</Unicode>
                </TextEquiv>
            </TextLine>
            <TextLine id="r1l70" custom="readingOrder {index:69;}">
                <Coords points="384,3017 1220,2979 1195,2946 383,2973"/>
                <Baseline points="393,3002 433,3001 474,3000 515,2998 556,2997 597,2997 638,2995 679,2994 720,2993 761,2992 802,2990 842,2990 883,2988 924,2987 965,2986 1006,2985 1047,2983 1088,2982 1129,2981 1170,2979 1211,2978"/>
                <TextEquiv>
                    <Unicode>Fräulein Nilasson gives a really powerful and</Unicode>
                </TextEquiv>
            </TextLine>
            <TextLine id="r1l71" custom="readingOrder {index:70;}">
                <Coords points="384,3043 1213,3020 1212,2984 1131,2976 383,3005"/>
                <Baseline points="393,3034 433,3033 474,3031 514,3030 555,3029 595,3028 636,3027 676,3026 717,3025 757,3024 798,3023 838,3022 879,3021 919,3020 960,3019 1000,3017 1041,3016 1081,3014 1122,3012 1162,3010 1203,3007"/>
                <TextEquiv>
                    <Unicode>pathetio rendering of Christine, Herr Hans Andre¬</Unicode>
                </TextEquiv>
            </TextLine>
            <TextLine id="r1l72" custom="readingOrder {index:71;}">
                <Coords points="390,3066 1221,3049 1203,3012 390,3051"/>
                <Baseline points="399,3066 439,3064 480,3063 520,3062 561,3060 602,3059 642,3058 683,3057 723,3057 764,3056 805,3055 845,3054 886,3053 926,3052 967,3051 1008,3050 1048,3049 1089,3047 1129,3046 1170,3045 1211,3042"/>
                <TextEquiv>
                    <Unicode>zen makes an excellent Fritz, and Herr Max</Unicode>
                </TextEquiv>
            </TextLine>
            <TextLine id="r1l73" custom="readingOrder {index:72;}">
                <Coords points="375,3117 1106,3091 1216,3081 1215,3051 373,3076"/>
                <Baseline points="383,3100 424,3097 465,3096 506,3094 547,3092 589,3091 630,3090 671,3088 712,3088 753,3087 795,3086 836,3084 877,3083 918,3082 959,3081 1001,3079 1042,3079 1083,3076 1124,3074 1165,3073 1207,3070"/>
                <TextEquiv>
                    <Unicode>Behrend is moderately good as the old musician—</Unicode>
                </TextEquiv>
            </TextLine>
            <TextLine id="r1l74" custom="readingOrder {index:73;}">
                <Coords points="381,3132 1109,3103 1230,3123 1213,3069 381,3106"/>
                <Baseline points="391,3133 432,3130 473,3128 515,3126 556,3124 598,3122 639,3121 680,3120 722,3119 763,3118 805,3117 846,3116 887,3115 929,3114 970,3114 1012,3112 1053,3111 1094,3109 1136,3107 1177,3105 1219,3102"/>
                <TextEquiv>
                    <Unicode>the part played in Vienna by the great actor</Unicode>
                </TextEquiv>
            </TextLine>
            <TextLine id="r1l75" custom="readingOrder {index:74;}">
                <Coords points="390,3162 1113,3152 1221,3120 1108,3103 390,3136"/>
                <Baseline points="400,3162 440,3160 481,3159 521,3157 562,3156 602,3154 643,3152 683,3151 724,3150 764,3149 805,3147 846,3146 886,3145 927,3144 967,3143 1008,3142 1048,3141 1089,3140 1129,3139 1170,3138 1211,3137"/>
                <TextEquiv>
                    <Unicode>Sonnenthal. The performance concluded on Fri¬</Unicode>
                </TextEquiv>
            </TextLine>
            <TextLine id="r1l76" custom="readingOrder {index:75;}">
                <Coords points="393,3206 1208,3173 1207,3145 1166,3140 392,3168"/>
                <Baseline points="401,3192 440,3192 480,3191 520,3190 560,3189 600,3188 640,3186 680,3185 720,3184 760,3183 800,3182 839,3180 879,3179 919,3178 959,3177 999,3176 1039,3175 1079,3173 1119,3172 1159,3172 1199,3171"/>
                <TextEquiv>
                    <Unicode>day evening with an agrecable light comedy,</Unicode>
                </TextEquiv>
            </TextLine>
            <TextLine id="r1l77" custom="readingOrder {index:76;}">
                <Coords points="411,3221 534,3245 690,3237 730,3211 918,3235 1231,3206 1230,3180 1187,3171 411,3197"/>
                <Baseline points="420,3222 460,3221 500,3221 540,3220 580,3219 620,3219 660,3218 700,3216 740,3216 780,3214 820,3213 860,3212 900,3211 940,3210 980,3209 1020,3208 1060,3207 1100,3206 1140,3204 1180,3203 1221,3202"/>
                <TextEquiv>
                    <Unicode>* Die Schulreiterin“ (The Circus-Rider), by Emil</Unicode>
                </TextEquiv>
            </TextLine>
            <TextLine id="r1l78" custom="readingOrder {index:77;}">
                <Coords points="399,3279 433,3280 452,3263 467,3266 473,3272 484,3268 499,3272 523,3269 525,3228 502,3227 489,3233 478,3225 457,3226 448,3231 427,3219 401,3226"/>
                <Baseline points="410,3255 436,3256 462,3255 488,3256 515,3260"/>
                <TextEquiv>
                    <Unicode>Pohl.</Unicode>
                </TextEquiv>
            </TextLine>
            <TextEquiv>
                <Unicode>Liebele
5. 1 box 10/8
CATHE
WAMAN THEATRE.
d
" Liebeleij' at St. George's Hall.
Next to Der Biberpelz,' Arthur Schnitzler’s
three-act drama Liebelei“’ is indubitably the
most interesting piece of work the German actors
have yet presented. It is a characteristically and
intimately Viennese play, depicting a phase of
life peculiar to the Austrian capital. The title
Liebelei may be (very inadequately) translated
Dalliance, and the morlg ofthe leading person¬
ages are certainly not above reproach; yet their
irregular relations have not the grossness and vul¬
garity of what is commonly called“ fast'' life, but
are founded upon a certain measure, at any rate,
of real affection and kindness. In a word, the
grisette of midl-century Paris seems to survive
(though not without a difference) in the Kaiserstadt,
and Liebelei“ is a study of the Teutonic
grisette.
We are introduced in the first act to a gay little
supper at the rooms of Fritz Lobheimer. The
party consists of Fritz and his friend Theodor with
their sweethearts Christine Weiring and Mizzi
Schlager. It is evident from the first that the
characters of the two girls are very dfferent. Chris¬
tine is sentimental, passionate, essentially pure¬
minded, and deeply devoted to Fritz, her first and
only love. Mizzi is a good-hearted, frivolous little
creature, sincerely attached to Theodor, but
neither expecting nor very scriously desiring that
their relation should endure for wer. Sho shocks
her friend bv talking lightly ofthe men,?'
whereas for Christine there is only one man in
the world. We soon learn that Fritz is oppressed
by a load of anzietv. He has formed (before he
knew Curistine) a liaison with a married woman, ane
he is sure that her husband has now discovered it.
In the middle of the supper party there comes a
peremptory knock at the door. The two girls
are hurried into another room, and the visitor
is admitted. It is the injured husband, who has
come to challenge Fritz. The duel is arranged
for the morrow, the girls are recalled, and the
supper party proceeds with such gaiety as the
voung men can müster un. The two remaining
acts take place in Christine’s home. In the
second act she confesses her love to her father,
an old musician, and has a scene of parting with
Fritz who visits her for the first time in her
home. and tells her that he is leaving Vienna for
a few days. Something in his manner fills her
with a vague fear, and the scene is all the more
poignant as we know that Fritz is üirmly convinced
that he is going to his death. His presentiment
is fulfilled, and in the last act Theodor comes to
break the news to Christine. She is not only
heartbroken, but tortured by the discovery that
she was a mere ineident in the life of her lover,
who fought and died for another woman. In the
end she rushes away from her home maddened
by grief, and her old father falls on his kuees
sobbing:“ I shall never see her again.' This
littie every-day tragedy is full of life, truth, cha¬
racter and atmosphere. And it is very well
played by the company at St. George’s Hall.
Fräulein Nilasson gives a really powerful and
pathetio rendering of Christine, Herr Hans Andre¬
zen makes an excellent Fritz, and Herr Max
Behrend is moderately good as the old musician—
the part played in Vienna by the great actor
Sonnenthal. The performance concluded on Fri¬
day evening with an agrecable light comedy,
* Die Schulreiterin“ (The Circus-Rider), by Emil
Pohl.</Unicode>
            </TextEquiv>
        </TextRegion>
        <TextRegion orientation="0.0" id="r2" custom="readingOrder {index:1;}">
            <Coords points="1451,233 1451,4070 3305,4070 3305,233"/>
            <TextLine id="r2l1" custom="readingOrder {index:0;}">
                <Coords points="2567,257 2611,279 2702,262 2769,277 2837,265 2868,285 2903,265 2945,285 3107,272 3108,233 3050,211 3018,229 2966,212 2926,234 2806,208 2752,224 2677,203 2568,219"/>
                <Baseline points="2576,253 2602,253 2628,253 2654,254 2680,254 2706,254 2732,255 2758,255 2784,255 2810,256 2837,257 2863,257 2889,258 2915,259 2941,260 2967,261 2993,261 3019,263 3045,263 3071,265 3098,266"/>
                <TextEquiv>
                    <Unicode>THE GERMAN PLAVS,</Unicode>
                </TextEquiv>
            </TextLine>
            <TextLine id="r2l2" custom="readingOrder {index:1;}">
                <Coords points="1559,339 1611,352 1706,334 1784,363 1905,346 2036,381 2120,363 2125,270 2103,261 2068,283 2031,272 1949,292 1889,256 1783,279 1666,187 1566,221"/>
                <Baseline points="1569,330 1596,330 1623,331 1650,331 1677,333 1704,333 1731,335 1759,337 1786,339 1813,341 1840,343 1867,345 1894,347 1921,349 1949,350 1976,352 2003,353 2030,354 2057,354 2084,355 2112,354"/>
                <TextEquiv>
                    <Unicode>Mautaad.</Unicode>
                </TextEquiv>
            </TextLine>
            <TextLine id="r2l3" custom="readingOrder {index:2;}">
                <Coords points="2421,337 3307,366 3287,315 2735,317 2669,287 2422,305"/>
                <Baseline points="2431,334 2474,335 2517,336 2561,337 2604,338 2647,339 2691,339 2734,340 2777,341 2821,343 2864,344 2907,345 2951,346 2994,347 3037,349 3081,350 3124,352 3167,353 3211,355 3254,357 3298,358"/>
                <TextEquiv>
                    <Unicode>First performance of Herr Schnitzler’s famous play</Unicode>
                </TextEquiv>
            </TextLine>
            <TextLine id="r2l4" custom="readingOrder {index:3;}">
                <Coords points="2407,376 2430,373 2441,383 2531,379 2548,386 2563,378 2576,383 2595,366 2605,366 2605,344 2560,343 2543,354 2534,344 2478,348 2470,340 2459,348 2431,337 2408,337"/>
                <Baseline points="2416,372 2441,372 2467,373 2493,374 2518,375 2544,376 2570,376 2596,375"/>
                <TextEquiv>
                    <Unicode> Liebelei.“</Unicode>
                </TextEquiv>
            </TextLine>
            <TextLine id="r2l5" custom="readingOrder {index:4;}">
                <Coords points="2450,411 3227,435 3304,425 3305,378 2451,385"/>
                <Baseline points="2459,408 2500,408 2542,408 2584,408 2626,409 2668,409 2709,410 2751,410 2793,411 2835,412 2877,413 2918,414 2960,415 3002,416 3044,417 3086,418 3127,419 3169,421 3211,421 3253,422 3295,424"/>
                <TextEquiv>
                    <Unicode>Liebelei' is a simple titleto a simple and pathetic</Unicode>
                </TextEquiv>
            </TextLine>
            <TextLine id="r2l6" custom="readingOrder {index:5;}">
                <Coords points="2385,461 3262,469 3301,460 3302,428 2486,420 2387,393"/>
                <Baseline points="2396,442 2440,442 2485,442 2530,442 2575,443 2619,443 2664,444 2709,445 2754,446 2798,447 2843,448 2888,449 2933,450 2977,451 3022,452 3067,453 3112,455 3156,455 3201,456 3246,457 3291,458"/>
                <TextEquiv>
                    <Unicode>storv. There is no real equivalent to the German term</Unicode>
                </TextEquiv>
            </TextLine>
            <TextLine id="r2l7" custom="readingOrder {index:6;}">
                <Coords points="2386,486 3315,513 3299,458 2387,456"/>
                <Baseline points="2396,480 2441,479 2486,479 2532,479 2577,479 2623,480 2668,480 2714,481 2759,482 2805,483 2850,485 2895,486 2941,487 2986,488 3032,489 3077,491 3123,492 3168,493 3214,494 3259,495 3305,496"/>
                <TextEquiv>
                    <Unicode>in English, flirtation' may come nearest to it, and</Unicode>
                </TextEquiv>
            </TextLine>
            <TextLine id="r2l8" custom="readingOrder {index:7;}">
                <Coords points="2398,534 2716,517 3303,546 3303,512 3219,494 2399,486"/>
                <Baseline points="2408,514 2452,515 2496,515 2540,516 2585,517 2629,518 2673,519 2718,520 2762,520 2806,521 2851,522 2895,523 2939,524 2983,524 3028,525 3072,526 3116,527 3161,527 3205,527 3249,528 3294,528"/>
                <TextEquiv>
                    <Unicode>get in the Germanword their lies a deeper meaning.</Unicode>
                </TextEquiv>
            </TextLine>
            <TextLine id="r2l9" custom="readingOrder {index:8;}">
                <Coords points="1649,539 2106,541 2144,524 2144,498 2060,481 1837,494 1711,480 1649,500"/>
                <Baseline points="1658,527 1683,527 1708,528 1733,528 1758,528 1783,528 1808,529 1833,529 1858,530 1883,530 1908,530 1933,531 1958,531 1983,531 2008,531 2033,531 2058,531 2083,531 2108,530 2134,529"/>
                <TextEquiv>
                    <Unicode>GERMAN PLAYS.</Unicode>
                </TextEquiv>
            </TextLine>
            <TextLine id="r2l10" custom="readingOrder {index:9;}">
                <Coords points="2395,556 3307,581 3285,532 2396,525"/>
                <Baseline points="2404,547 2448,547 2493,548 2538,548 2582,549 2627,550 2672,552 2716,553 2761,554 2806,555 2851,556 2895,558 2940,559 2985,560 3029,561 3074,562 3119,563 3163,564 3208,564 3253,564 3298,564"/>
                <TextEquiv>
                    <Unicode>A meaning which ie masterfully developed in the</Unicode>
                </TextEquiv>
            </TextLine>
            <TextLine id="r2l11" custom="readingOrder {index:10;}">
                <Coords points="2385,584 3310,613 3308,581 3166,563 2386,554"/>
                <Baseline points="2394,586 2439,585 2484,585 2529,585 2575,585 2620,586 2665,586 2711,588 2756,589 2801,589 2847,591 2892,593 2937,594 2982,595 3028,597 3073,598 3118,600 3164,601 3209,601 3254,602 3300,602"/>
                <TextEquiv>
                    <Unicode>plav, so simple, so natural, so intensely Luman,</Unicode>
                </TextEquiv>
            </TextLine>
            <TextLine id="r2l12" custom="readingOrder {index:11;}">
                <Coords points="1483,612 2307,623 2288,561 1483,573"/>
                <Baseline points="1492,608 1532,608 1572,609 1612,609 1653,609 1693,609 1733,610 1774,610 1814,610 1854,610 1895,611 1935,611 1975,611 2015,611 2056,611 2096,611 2136,610 2177,610 2217,609 2257,609 2298,608"/>
                <TextEquiv>
                    <Unicode>The Liebler of Herr Schnitzler teaches the</Unicode>
                </TextEquiv>
            </TextLine>
            <TextLine id="r2l13" custom="readingOrder {index:12;}">
                <Coords points="2393,637 2547,615 3241,650 3301,642 3302,607 2394,594"/>
                <Baseline points="2402,618 2446,619 2491,619 2535,619 2580,620 2624,620 2669,621 2713,622 2758,623 2802,624 2847,625 2891,626 2936,628 2980,629 3025,630 3069,632 3114,633 3158,634 3203,636 3247,637 3292,639"/>
                <TextEquiv>
                    <Unicode>and for this very reason so powerful, se truc. Aye,</Unicode>
                </TextEquiv>
            </TextLine>
            <TextLine id="r2l14" custom="readingOrder {index:13;}">
                <Coords points="1441,658 2306,661 2306,623 1441,620"/>
                <Baseline points="1451,650 1493,650 1535,649 1577,649 1620,649 1662,649 1704,649 1747,649 1789,649 1831,649 1874,649 1916,649 1958,649 2000,649 2043,649 2085,649 2127,648 2170,648 2212,647 2254,646 2297,645"/>
                <TextEquiv>
                    <Unicode>same moral lesson, by different dramatie means, as</Unicode>
                </TextEquiv>
            </TextLine>
            <TextLine id="r2l15" custom="readingOrder {index:14;}">
                <Coords points="2384,658 3304,670 3304,640 3184,630 2385,626"/>
                <Baseline points="2394,655 2439,655 2484,655 2529,655 2574,655 2619,656 2664,657 2709,657 2754,658 2799,659 2844,660 2889,662 2934,663 2979,664 3024,666 3069,667 3114,668 3159,669 3204,670 3249,671 3295,672"/>
                <TextEquiv>
                    <Unicode>gberein lies the great strength of the play, that it is</Unicode>
                </TextEquiv>
            </TextLine>
            <TextLine id="r2l16" custom="readingOrder {index:15;}">
                <Coords points="1443,692 2313,697 2313,658 1442,670"/>
                <Baseline points="1451,686 1493,686 1536,686 1578,686 1621,686 1664,686 1706,686 1749,686 1791,685 1834,685 1877,685 1919,684 1962,683 2004,683 2047,683 2090,682 2132,682 2175,681 2217,681 2260,681 2303,680"/>
                <TextEquiv>
                    <Unicode>Alfred de Musset’s well-named Oa ne Badine pas arec</Unicode>
                </TextEquiv>
            </TextLine>
            <TextLine id="r2l17" custom="readingOrder {index:16;}">
                <Coords points="2389,698 3216,719 3305,712 3306,669 2390,653"/>
                <Baseline points="2398,688 2442,688 2487,687 2532,687 2577,687 2622,688 2667,689 2712,690 2757,691 2802,692 2847,694 2891,695 2936,697 2981,698 3026,700 3071,701 3116,702 3161,703 3206,704 3251,705 3296,705"/>
                <TextEquiv>
                    <Unicode>absolutely trueto human nature; no chance, no false</Unicode>
                </TextEquiv>
            </TextLine>
            <TextLine id="r2l18" custom="readingOrder {index:17;}">
                <Coords points="1455,730 2309,722 2288,687 1455,690"/>
                <Baseline points="1465,721 1506,721 1548,721 1590,722 1631,722 1673,721 1715,721 1756,721 1798,721 1840,720 1882,720 1923,720 1965,719 2007,719 2048,719 2090,718 2132,718 2173,717 2215,717 2257,717 2299,717"/>
                <TextEquiv>
                    <Unicode>T'dmour, and it throws discredit on the philosophy of</Unicode>
                </TextEquiv>
            </TextLine>
            <TextLine id="r2l19" custom="readingOrder {index:18;}">
                <Coords points="2394,735 3293,743 3262,706 2395,699"/>
                <Baseline points="2404,727 2450,725 2496,724 2542,723 2589,723 2635,723 2681,723 2727,724 2774,725 2820,727 2866,728 2912,730 2959,731 3005,733 3051,735 3097,736 3144,737 3190,739 3236,739 3283,740"/>
                <TextEquiv>
                    <Unicode>pathos, everything runs its course inevitably to the</Unicode>
                </TextEquiv>
            </TextLine>
            <TextLine id="r2l20" custom="readingOrder {index:19;}">
                <Coords points="1453,755 2236,767 2310,752 2310,727 1453,732"/>
                <Baseline points="1462,758 1504,758 1546,757 1588,756 1630,756 1672,756 1714,755 1756,755 1798,755 1840,755 1882,755 1924,754 1966,754 2008,754 2050,754 2092,754 2134,754 2176,753 2218,753 2260,752 2302,752"/>
                <TextEquiv>
                    <Unicode>one of the characters in the piece, Theodor Kaiser,</Unicode>
                </TextEquiv>
            </TextLine>
            <TextLine id="r2l21" custom="readingOrder {index:20;}">
                <Coords points="2398,769 3301,775 3215,738 2399,733"/>
                <Baseline points="2408,757 2452,758 2496,759 2540,760 2584,761 2628,762 2672,762 2717,763 2761,764 2805,764 2849,765 2893,766 2937,766 2981,767 3026,768 3070,769 3114,769 3158,770 3202,771 3246,772 3291,774"/>
                <TextEquiv>
                    <Unicode>tragie end. Thus, and only thus, it could be. It is</Unicode>
                </TextEquiv>
            </TextLine>
            <TextLine id="r2l22" custom="readingOrder {index:21;}">
                <Coords points="1448,797 2289,800 2313,795 2313,751 1448,770"/>
                <Baseline points="1458,795 1500,794 1542,793 1584,793 1627,792 1669,791 1711,791 1753,791 1796,790 1838,790 1880,790 1922,790 1965,790 2007,790 2049,789 2091,789 2134,789 2176,789 2218,788 2260,788 2303,788"/>
                <TextEquiv>
                    <Unicode>who, to cure a friend, Fritz Lobheimer, of</Unicode>
                </TextEquiv>
            </TextLine>
            <TextLine id="r2l23" custom="readingOrder {index:22;}">
                <Coords points="2393,798 3179,826 3293,816 3294,777 2393,774"/>
                <Baseline points="2402,794 2446,795 2490,795 2534,796 2578,796 2622,797 2666,798 2711,799 2755,799 2799,800 2843,801 2887,802 2931,803 2975,804 3020,805 3064,805 3108,806 3152,807 3196,808 3240,809 3285,810"/>
                <TextEquiv>
                    <Unicode>the old, old story of love and sorrow as it</Unicode>
                </TextEquiv>
            </TextLine>
            <TextLine id="r2l24" custom="readingOrder {index:23;}">
                <Coords points="1449,840 2254,838 2314,817 2257,791 1449,802"/>
                <Baseline points="1458,828 1500,827 1542,827 1584,827 1627,827 1669,827 1711,826 1754,826 1796,826 1838,826 1881,825 1923,825 1965,825 2007,824 2050,824 2092,824 2134,823 2177,823 2219,822 2261,822 2304,822"/>
                <TextEquiv>
                    <Unicode>his passion for a married woman inculeates</Unicode>
                </TextEquiv>
            </TextLine>
            <TextLine id="r2l25" custom="readingOrder {index:24;}">
                <Coords points="2397,832 2789,852 2820,830 3063,864 3285,838 3222,805 2959,826 2758,791 2726,815 2398,802"/>
                <Baseline points="2406,829 2449,830 2492,830 2536,831 2579,832 2623,833 2666,834 2710,835 2753,836 2797,837 2840,838 2883,839 2927,840 2970,841 3014,841 3057,842 3101,842 3144,842 3188,842 3231,841 3275,840"/>
                <TextEquiv>
                    <Unicode>is lived day by day among rich and poor:</Unicode>
                </TextEquiv>
            </TextLine>
            <TextLine id="r2l26" custom="readingOrder {index:25;}">
                <Coords points="1455,859 2301,866 2314,817 1455,841"/>
                <Baseline points="1465,858 1507,858 1549,858 1591,858 1633,858 1675,858 1717,857 1759,857 1801,857 1843,857 1885,857 1927,857 1969,856 2011,856 2053,856 2095,856 2137,855 2179,855 2221,854 2263,854 2305,854"/>
                <TextEquiv>
                    <Unicode>the novel maxim that to have some chance of</Unicode>
                </TextEquiv>
            </TextLine>
            <TextLine id="r2l27" custom="readingOrder {index:26;}">
                <Coords points="2391,871 3235,891 3299,881 3300,855 2392,828"/>
                <Baseline points="2400,863 2444,865 2488,866 2533,867 2577,868 2622,869 2666,870 2711,871 2755,871 2800,872 2844,873 2888,873 2933,874 2977,875 3022,875 3066,876 3111,877 3155,877 3200,878 3244,879 3289,879"/>
                <TextEquiv>
                    <Unicode>it is, in fact, lifc on the stage. The hand</Unicode>
                </TextEquiv>
            </TextLine>
            <TextLine id="r2l28" custom="readingOrder {index:27;}">
                <Coords points="1450,905 2246,897 2317,885 2317,847 2214,869 1450,860"/>
                <Baseline points="1459,892 1501,891 1543,891 1586,891 1628,890 1671,890 1713,890 1755,889 1798,889 1840,889 1883,889 1925,888 1967,888 2010,887 2052,887 2095,887 2137,886 2179,886 2222,885 2264,885 2307,884"/>
                <TextEquiv>
                    <Unicode>happiness in life, a man should“ hate the woman he</Unicode>
                </TextEquiv>
            </TextLine>
            <TextLine id="r2l29" custom="readingOrder {index:28;}">
                <Coords points="2393,900 3257,929 3302,926 3303,880 2393,868"/>
                <Baseline points="2402,901 2446,901 2491,901 2535,901 2580,901 2624,902 2669,903 2713,904 2758,905 2802,906 2847,907 2892,908 2936,909 2981,910 3025,911 3070,912 3114,913 3159,914 3203,914 3248,914 3293,913"/>
                <TextEquiv>
                    <Unicode>of a master has drawn these characters; Fritz and</Unicode>
                </TextEquiv>
            </TextLine>
            <TextLine id="r2l30" custom="readingOrder {index:29;}">
                <Coords points="1453,939 1725,917 2241,931 2310,918 2310,892 1453,905"/>
                <Baseline points="1463,921 1504,921 1546,921 1588,921 1630,921 1672,921 1714,921 1756,921 1798,920 1840,920 1882,920 1923,920 1965,919 2007,919 2049,919 2091,919 2133,918 2175,918 2217,918 2259,918 2301,918"/>
                <TextEquiv>
                    <Unicode>loves, and love the woman he does not care for.“</Unicode>
                </TextEquiv>
            </TextLine>
            <TextLine id="r2l31" custom="readingOrder {index:30;}">
                <Coords points="2393,946 3280,967 3296,922 2394,899"/>
                <Baseline points="2402,935 2446,935 2490,936 2534,936 2579,937 2623,938 2667,939 2711,940 2756,941 2800,942 2844,943 2888,943 2933,944 2977,945 3021,946 3065,947 3110,948 3154,949 3198,950 3242,950 3287,951"/>
                <TextEquiv>
                    <Unicode>Theodor, the two friends so unlike each other, the</Unicode>
                </TextEquiv>
            </TextLine>
            <TextLine id="r2l32" custom="readingOrder {index:31;}">
                <Coords points="1468,959 2312,956 2278,919 1468,927"/>
                <Baseline points="1477,951 1518,951 1559,952 1600,952 1642,952 1683,952 1724,953 1766,953 1807,953 1848,953 1890,953 1931,952 1972,952 2013,952 2055,952 2096,951 2137,951 2179,951 2220,950 2261,949 2303,949"/>
                <TextEquiv>
                    <Unicode>Thus he will avoid the perils of what Stendhal, in his</Unicode>
                </TextEquiv>
            </TextLine>
            <TextLine id="r2l33" custom="readingOrder {index:32;}">
                <Coords points="2392,982 3291,996 3291,969 3237,953 2393,944"/>
                <Baseline points="2402,971 2448,971 2494,971 2540,971 2587,972 2633,973 2679,973 2725,974 2772,976 2818,976 2864,977 2910,978 2957,979 3003,980 3049,981 3095,982 3142,983 3188,983 3234,983 3281,984"/>
                <TextEquiv>
                    <Unicode>former inclined to take life and love seriously, the</Unicode>
                </TextEquiv>
            </TextLine>
            <TextLine id="r2l34" custom="readingOrder {index:33;}">
                <Coords points="1455,988 2305,1004 2312,957 1454,956"/>
                <Baseline points="1463,984 1505,984 1547,984 1589,984 1631,983 1673,983 1715,983 1757,983 1799,983 1841,982 1883,982 1925,982 1967,982 2009,982 2051,982 2093,981 2135,981 2177,981 2219,981 2261,981 2303,981"/>
                <TextEquiv>
                    <Unicode>treatise on love, calls 7e coup de Jbudre, while securing</Unicode>
                </TextEquiv>
            </TextLine>
            <TextLine id="r2l35" custom="readingOrder {index:34;}">
                <Coords points="2386,1001 3296,1025 3285,989 2387,977"/>
                <Baseline points="2396,1005 2440,1005 2485,1005 2529,1006 2574,1007 2618,1007 2663,1008 2707,1009 2752,1010 2796,1011 2841,1013 2885,1014 2930,1015 2974,1016 3019,1017 3063,1017 3108,1018 3152,1018 3197,1017 3241,1017 3286,1016"/>
                <TextEquiv>
                    <Unicode>latter trifling with life and love; Christine, the bud¬</Unicode>
                </TextEquiv>
            </TextLine>
            <TextLine id="r2l36" custom="readingOrder {index:35;}">
                <Coords points="1456,1014 2306,1023 2306,998 2265,987 1456,988"/>
                <Baseline points="1465,1017 1506,1016 1548,1016 1589,1015 1631,1015 1673,1014 1714,1014 1756,1013 1797,1013 1839,1013 1881,1013 1922,1012 1964,1012 2005,1012 2047,1012 2089,1012 2130,1012 2172,1012 2213,1012 2255,1012 2297,1012"/>
                <TextEquiv>
                    <Unicode>for himself the pleasures of a very agrecable pastime.</Unicode>
                </TextEquiv>
            </TextLine>
            <TextLine id="r2l37" custom="readingOrder {index:36;}">
                <Coords points="1453,1053 2281,1058 2316,1009 1453,1026"/>
                <Baseline points="1463,1051 1505,1050 1547,1049 1589,1048 1631,1047 1674,1046 1716,1046 1758,1045 1800,1045 1842,1045 1885,1045 1927,1045 1969,1045 2011,1045 2053,1045 2096,1045 2138,1044 2180,1044 2222,1044 2264,1044 2307,1044"/>
                <TextEquiv>
                    <Unicode>The dramatist has spared us the spectacle of Herr</Unicode>
                </TextEquiv>
            </TextLine>
            <TextLine id="r2l38" custom="readingOrder {index:37;}">
                <Coords points="2386,1064 2554,1044 3221,1066 3293,1043 3293,1022 2387,1015"/>
                <Baseline points="2396,1041 2440,1042 2484,1042 2529,1043 2573,1044 2618,1044 2662,1045 2706,1046 2751,1046 2795,1047 2840,1048 2884,1049 2928,1049 2973,1050 3017,1051 3062,1052 3106,1052 3150,1053 3195,1054 3239,1055 3284,1055"/>
                <TextEquiv>
                    <Unicode>ding flower, living her first life of love and sorrow</Unicode>
                </TextEquiv>
            </TextLine>
            <TextLine id="r2l39" custom="readingOrder {index:38;}">
                <Coords points="1458,1081 2306,1084 2306,1059 2216,1046 1458,1055"/>
                <Baseline points="1467,1082 1508,1081 1550,1079 1591,1079 1633,1078 1674,1078 1716,1077 1757,1077 1799,1077 1840,1077 1882,1077 1923,1078 1965,1078 2006,1078 2048,1078 2089,1078 2131,1078 2172,1077 2214,1077 2255,1076 2297,1075"/>
                <TextEquiv>
                    <Unicode>Lobheimer’s love-making with the married lady.</Unicode>
                </TextEquiv>
            </TextLine>
            <TextLine id="r2l40" custom="readingOrder {index:39;}">
                <Coords points="2389,1090 3291,1107 3293,1043 2795,1066 2390,1041"/>
                <Baseline points="2398,1075 2442,1076 2486,1077 2530,1077 2574,1078 2619,1079 2663,1080 2707,1081 2751,1082 2795,1083 2840,1083 2884,1084 2928,1085 2972,1086 3016,1087 3061,1088 3105,1089 3149,1089 3193,1090 3237,1090 3282,1091"/>
                <TextEquiv>
                    <Unicode>of which she perishes, and Mizi, the light-hearted</Unicode>
                </TextEquiv>
            </TextLine>
            <TextLine id="r2l41" custom="readingOrder {index:40;}">
                <Coords points="1450,1115 2185,1125 2228,1100 2311,1125 2311,1080 1450,1096"/>
                <Baseline points="1460,1114 1502,1112 1544,1111 1586,1110 1628,1109 1670,1108 1712,1108 1754,1108 1796,1108 1838,1108 1880,1109 1922,1109 1964,1109 2006,1109 2048,1110 2090,1110 2132,1110 2174,1110 2216,1110 2258,1109 2301,1108"/>
                <TextEquiv>
                    <Unicode>But the inconveniences and dangers of the</Unicode>
                </TextEquiv>
            </TextLine>
            <TextLine id="r2l42" custom="readingOrder {index:41;}">
                <Coords points="2382,1114 3247,1141 3304,1106 2383,1086"/>
                <Baseline points="2392,1113 2437,1113 2482,1113 2527,1113 2572,1113 2617,1114 2662,1115 2707,1116 2752,1117 2797,1118 2842,1119 2887,1120 2932,1121 2977,1122 3022,1123 3067,1124 3112,1124 3157,1125 3202,1125 3247,1126 3293,1126"/>
                <TextEquiv>
                    <Unicode>milliner, whose life is alrcady stripped of its first</Unicode>
                </TextEquiv>
            </TextLine>
            <TextLine id="r2l43" custom="readingOrder {index:42;}">
                <Coords points="1452,1144 2304,1147 2304,1117 2245,1113 1452,1118"/>
                <Baseline points="1461,1143 1502,1142 1544,1142 1586,1142 1627,1142 1669,1142 1711,1142 1752,1142 1794,1142 1836,1142 1878,1142 1919,1143 1961,1143 2003,1142 2044,1142 2086,1142 2128,1141 2169,1141 2211,1140 2253,1139 2295,1137"/>
                <TextEquiv>
                    <Unicode>situation are well brought out in a con¬</Unicode>
                </TextEquiv>
            </TextLine>
            <TextLine id="r2l44" custom="readingOrder {index:43;}">
                <Coords points="2379,1168 2671,1147 3235,1174 3299,1160 3300,1126 2380,1123"/>
                <Baseline points="2389,1150 2434,1149 2479,1148 2524,1148 2569,1148 2614,1148 2659,1149 2704,1150 2749,1150 2794,1151 2839,1152 2884,1153 2929,1155 2974,1156 3019,1157 3064,1158 3109,1159 3154,1160 3199,1161 3244,1161 3289,1162"/>
                <TextEquiv>
                    <Unicode>flower, and old Weiring, Christine's father, we meet</Unicode>
                </TextEquiv>
            </TextLine>
            <TextLine id="r2l45" custom="readingOrder {index:44;}">
                <Coords points="1450,1179 2309,1185 2287,1142 1450,1151"/>
                <Baseline points="1459,1174 1501,1174 1543,1173 1585,1173 1627,1173 1669,1173 1711,1173 1753,1173 1795,1173 1837,1173 1879,1173 1921,1173 1963,1172 2005,1172 2047,1172 2089,1172 2131,1171 2173,1171 2215,1170 2257,1170 2299,1169"/>
                <TextEquiv>
                    <Unicode>versation between the two men; and, to save</Unicode>
                </TextEquiv>
            </TextLine>
            <TextLine id="r2l46" custom="readingOrder {index:45;}">
                <Coords points="2388,1183 2838,1214 3198,1194 3260,1226 3299,1216 3301,1159 2389,1159"/>
                <Baseline points="2398,1183 2442,1182 2487,1182 2531,1182 2576,1183 2621,1183 2665,1184 2710,1185 2755,1187 2799,1188 2844,1190 2889,1191 2933,1192 2978,1194 3023,1195 3067,1196 3112,1197 3157,1198 3201,1198 3246,1198 3291,1198"/>
                <TextEquiv>
                    <Unicode>them at almost every step we take, if only we walk</Unicode>
                </TextEquiv>
            </TextLine>
            <TextLine id="r2l47" custom="readingOrder {index:46;}">
                <Coords points="1455,1214 2141,1219 2308,1208 2308,1174 1454,1176"/>
                <Baseline points="1464,1208 1505,1207 1547,1207 1589,1206 1631,1206 1672,1206 1714,1206 1756,1206 1798,1205 1839,1205 1881,1205 1923,1205 1965,1205 2006,1204 2048,1204 2090,1204 2132,1203 2173,1203 2215,1202 2257,1202 2299,1201"/>
                <TextEquiv>
                    <Unicode>his susceptible friend from possibly tragic conse¬</Unicode>
                </TextEquiv>
            </TextLine>
            <TextLine id="r2l48" custom="readingOrder {index:47;}">
                <Coords points="2385,1237 2434,1222 2483,1234 2629,1224 2644,1238 2673,1219 2695,1233 2851,1223 2851,1197 2819,1206 2776,1191 2577,1194 2544,1182 2386,1195"/>
                <Baseline points="2394,1219 2420,1218 2446,1218 2473,1217 2499,1217 2525,1217 2552,1218 2578,1218 2604,1218 2631,1219 2657,1219 2683,1219 2710,1220 2736,1221 2762,1221 2789,1222 2815,1222 2842,1223"/>
                <TextEquiv>
                    <Unicode>along with our eves open.</Unicode>
                </TextEquiv>
            </TextLine>
            <TextLine id="r2l49" custom="readingOrder {index:48;}">
                <Coords points="1452,1246 2242,1248 2307,1242 2307,1204 1451,1213"/>
                <Baseline points="1461,1239 1502,1239 1544,1240 1586,1240 1628,1240 1670,1240 1711,1239 1753,1239 1795,1238 1837,1237 1879,1237 1920,1236 1962,1236 2004,1235 2046,1234 2088,1234 2129,1234 2171,1233 2213,1233 2255,1234 2297,1234"/>
                <TextEquiv>
                    <Unicode>quences, the cynical paradox-monger introduces him to</Unicode>
                </TextEquiv>
            </TextLine>
            <TextLine id="r2l50" custom="readingOrder {index:49;}">
                <Coords points="2437,1242 2446,1241 2450,1237 2458,1244 2460,1242 2462,1244 2469,1237 2478,1236 2476,1216 2463,1217 2460,1221 2456,1223 2446,1222 2435,1224"/>
                <Baseline points="2446,1237 2468,1235"/>
                <TextEquiv>
                    <Unicode>„</Unicode>
                </TextEquiv>
            </TextLine>
            <TextLine id="r2l51" custom="readingOrder {index:50;}">
                <Coords points="2420,1252 3192,1285 3288,1279 3289,1217 2420,1239"/>
                <Baseline points="2430,1251 2472,1252 2514,1253 2557,1254 2599,1254 2642,1255 2684,1256 2726,1257 2769,1257 2811,1258 2854,1259 2896,1259 2938,1260 2981,1260 3023,1261 3066,1262 3108,1262 3150,1263 3193,1264 3235,1264 3278,1265"/>
                <TextEquiv>
                    <Unicode>This play was for the first time presented to us be</Unicode>
                </TextEquiv>
            </TextLine>
            <TextLine id="r2l52" custom="readingOrder {index:51;}">
                <Coords points="1447,1273 2241,1281 2303,1273 2303,1241 1447,1244"/>
                <Baseline points="1457,1270 1498,1270 1540,1270 1582,1270 1624,1270 1666,1270 1707,1270 1749,1270 1791,1270 1833,1270 1875,1270 1916,1269 1958,1269 2000,1269 2042,1269 2084,1269 2125,1268 2167,1268 2209,1268 2251,1267 2293,1267"/>
                <TextEquiv>
                    <Unicode>an interesting young girl, who, he hopes, will inspire</Unicode>
                </TextEquiv>
            </TextLine>
            <TextLine id="r2l53" custom="readingOrder {index:52;}">
                <Coords points="2376,1281 2507,1306 3307,1301 3307,1267 2463,1266 2377,1242"/>
                <Baseline points="2385,1289 2430,1289 2476,1289 2521,1289 2567,1290 2613,1291 2658,1292 2704,1293 2749,1294 2795,1295 2841,1296 2886,1297 2932,1299 2977,1299 3023,1300 3069,1301 3114,1301 3160,1301 3205,1301 3251,1301 3297,1300"/>
                <TextEquiv>
                    <Unicode>the German company last night. And it was a rare</Unicode>
                </TextEquiv>
            </TextLine>
            <TextLine id="r2l54" custom="readingOrder {index:53;}">
                <Coords points="1453,1305 2271,1302 2314,1324 2314,1264 1453,1271"/>
                <Baseline points="1463,1303 1505,1302 1547,1302 1589,1301 1631,1301 1673,1301 1715,1300 1757,1300 1799,1300 1841,1300 1884,1300 1926,1299 1968,1299 2010,1299 2052,1299 2094,1299 2136,1299 2178,1299 2220,1300 2262,1300 2305,1300"/>
                <TextEquiv>
                    <Unicode>him with nothing more serious than Stendhal’s No. 2</Unicode>
                </TextEquiv>
            </TextLine>
            <TextLine id="r2l55" custom="readingOrder {index:54;}">
                <Coords points="1450,1343 2289,1344 2306,1310 1450,1311"/>
                <Baseline points="1459,1334 1500,1334 1542,1334 1584,1334 1626,1333 1668,1333 1710,1332 1752,1332 1794,1332 1836,1331 1878,1331 1919,1330 1961,1330 2003,1330 2045,1330 2087,1330 2129,1330 2171,1330 2213,1330 2255,1331 2297,1331"/>
                <TextEquiv>
                    <Unicode>formof affection, labelled amour-cuprice, or, at most,</Unicode>
                </TextEquiv>
            </TextLine>
            <TextLine id="r2l56" custom="readingOrder {index:55;}">
                <Coords points="2383,1331 3263,1352 3302,1349 3303,1311 2384,1281"/>
                <Baseline points="2392,1326 2437,1325 2482,1325 2527,1325 2572,1326 2617,1327 2662,1328 2707,1329 2752,1330 2797,1331 2843,1333 2888,1334 2933,1335 2978,1336 3023,1337 3068,1337 3113,1337 3158,1337 3203,1337 3248,1336 3294,1335"/>
                <TextEquiv>
                    <Unicode>enjoyment to see this perfect play perfectly rendcred.</Unicode>
                </TextEquiv>
            </TextLine>
            <TextLine id="r2l57" custom="readingOrder {index:56;}">
                <Coords points="2494,1356 2504,1354 2506,1356 2508,1355 2514,1358 2518,1357 2521,1354 2528,1353 2522,1323 2512,1325 2511,1328 2489,1333"/>
                <Baseline points="2502,1344 2516,1341"/>
                <TextEquiv>
                    <Unicode>F</Unicode>
                </TextEquiv>
            </TextLine>
            <TextLine id="r2l58" custom="readingOrder {index:57;}">
                <Coords points="1447,1380 2229,1376 2315,1368 2315,1325 1446,1334"/>
                <Baseline points="1455,1367 1497,1367 1540,1367 1582,1367 1625,1366 1667,1366 1710,1366 1752,1365 1795,1365 1837,1365 1880,1364 1922,1364 1965,1364 2007,1363 2050,1363 2092,1362 2135,1362 2177,1362 2220,1361 2262,1361 2305,1361"/>
                <TextEquiv>
                    <Unicode>the No. 3 form, rising to the dignity of amour-gout.</Unicode>
                </TextEquiv>
            </TextLine>
            <TextLine id="r2l59" custom="readingOrder {index:58;}">
                <Coords points="2393,1366 3298,1375 3298,1339 2394,1332"/>
                <Baseline points="2402,1357 2446,1358 2490,1359 2534,1361 2579,1362 2623,1363 2667,1364 2712,1365 2756,1366 2800,1367 2845,1368 2889,1369 2933,1370 2977,1370 3022,1371 3066,1372 3110,1373 3155,1373 3199,1374 3243,1374 3288,1375"/>
                <TextEquiv>
                    <Unicode>That Fraulein Nilasson is an actress of remarkable,</Unicode>
                </TextEquiv>
            </TextLine>
            <TextLine id="r2l60" custom="readingOrder {index:59;}">
                <Coords points="1454,1416 1610,1396 1740,1418 1837,1389 2246,1406 2304,1396 2304,1368 1454,1379"/>
                <Baseline points="1463,1398 1504,1398 1546,1398 1587,1398 1629,1398 1671,1398 1712,1398 1754,1398 1795,1398 1837,1398 1879,1397 1920,1397 1962,1397 2003,1396 2045,1396 2087,1395 2128,1394 2170,1393 2211,1393 2253,1392 2295,1390"/>
                <TextEquiv>
                    <Unicode>without reaching the higher development named</Unicode>
                </TextEquiv>
            </TextLine>
            <TextLine id="r2l61" custom="readingOrder {index:60;}">
                <Coords points="2386,1394 3262,1419 3289,1372 2386,1371"/>
                <Baseline points="2396,1393 2440,1394 2484,1395 2528,1396 2572,1397 2616,1398 2660,1399 2705,1400 2749,1402 2793,1403 2837,1404 2881,1404 2925,1405 2969,1406 3014,1406 3058,1406 3102,1406 3146,1406 3190,1406 3234,1405 3279,1404"/>
                <TextEquiv>
                    <Unicode>nay, great, gifts, I had already beon coslvinced of by</Unicode>
                </TextEquiv>
            </TextLine>
            <TextLine id="r2l62" custom="readingOrder {index:61;}">
                <Coords points="1457,1436 2305,1437 2305,1396 1457,1404"/>
                <Baseline points="1466,1429 1507,1429 1548,1429 1590,1429 1631,1429 1673,1429 1714,1429 1756,1430 1797,1430 1839,1429 1880,1429 1921,1429 1963,1429 2004,1428 2046,1428 2087,1427 2129,1426 2170,1425 2212,1424 2253,1423 2295,1421"/>
                <TextEquiv>
                    <Unicode>amour-sympathte, still less the exalted and</Unicode>
                </TextEquiv>
            </TextLine>
            <TextLine id="r2l63" custom="readingOrder {index:62;}">
                <Coords points="2397,1435 3302,1436 3287,1396 2878,1419 2398,1399"/>
                <Baseline points="2406,1427 2450,1428 2494,1429 2538,1430 2583,1432 2627,1433 2671,1434 2716,1435 2760,1437 2804,1437 2849,1438 2893,1439 2937,1440 2981,1440 3026,1441 3070,1441 3114,1442 3159,1442 3203,1442 3247,1441 3292,1441"/>
                <TextEquiv>
                    <Unicode>her impersonation of Magda and Elisabeth (“ Gluck</Unicode>
                </TextEquiv>
            </TextLine>
            <TextLine id="r2l64" custom="readingOrder {index:63;}">
                <Coords points="1459,1475 2307,1467 2307,1423 1459,1434"/>
                <Baseline points="1468,1461 1509,1461 1550,1460 1592,1460 1633,1460 1675,1460 1716,1460 1758,1460 1799,1460 1841,1460 1882,1460 1923,1460 1965,1460 2006,1459 2048,1459 2089,1459 2131,1458 2172,1457 2214,1456 2255,1455 2297,1454"/>
                <TextEquiv>
                    <Unicode>overwhelming one of amour-passton. Christine,</Unicode>
                </TextEquiv>
            </TextLine>
            <TextLine id="r2l65" custom="readingOrder {index:64;}">
                <Coords points="2389,1478 3130,1486 3173,1483 3174,1442 2390,1438"/>
                <Baseline points="2398,1463 2436,1465 2474,1467 2512,1468 2551,1469 2589,1470 2627,1471 2665,1471 2704,1471 2742,1472 2780,1472 2818,1472 2857,1472 2895,1472 2933,1473 2971,1473 3010,1474 3048,1475 3086,1476 3124,1476 3163,1478"/>
                <TextEquiv>
                    <Unicode>im Winkel*). But 1 had not as vet trusted hei</Unicode>
                </TextEquiv>
            </TextLine>
            <TextLine id="r2l66" custom="readingOrder {index:65;}">
                <Coords points="1452,1505 2304,1499 2281,1458 1452,1464"/>
                <Baseline points="1462,1492 1503,1492 1545,1492 1586,1492 1628,1492 1670,1492 1711,1492 1753,1492 1795,1492 1836,1492 1878,1491 1920,1491 1961,1491 2003,1490 2045,1490 2086,1489 2128,1488 2170,1487 2211,1486 2253,1485 2295,1483"/>
                <TextEquiv>
                    <Unicode>daughter of an unsuccessful musician, is a poor but</Unicode>
                </TextEquiv>
            </TextLine>
            <TextLine id="r2l67" custom="readingOrder {index:66;}">
                <Coords points="2396,1508 3099,1523 3127,1522 3128,1482 2396,1474"/>
                <Baseline points="2406,1501 2441,1502 2477,1503 2512,1503 2548,1504 2584,1504 2619,1505 2655,1505 2690,1505 2726,1505 2762,1506 2797,1506 2833,1506 2868,1506 2904,1507 2940,1507 2975,1508 3011,1508 3046,1509 3082,1511 3118,1512"/>
                <TextEquiv>
                    <Unicode>the power and depth of feeling she displaye</Unicode>
                </TextEquiv>
            </TextLine>
            <TextLine id="r2l68" custom="readingOrder {index:67;}">
                <Coords points="1448,1537 2268,1527 2307,1491 1447,1499"/>
                <Baseline points="1457,1526 1499,1526 1541,1525 1583,1525 1625,1524 1667,1524 1709,1524 1751,1523 1793,1523 1835,1523 1877,1522 1919,1522 1961,1522 2003,1521 2045,1521 2087,1520 2129,1519 2171,1518 2213,1517 2255,1516 2297,1515"/>
                <TextEquiv>
                    <Unicode>pretty girl, who may be loved without danger or incon¬</Unicode>
                </TextEquiv>
            </TextLine>
            <TextLine id="r2l69" custom="readingOrder {index:68;}">
                <Coords points="2392,1552 3113,1559 3113,1522 3074,1514 2565,1503 2490,1523 2393,1505"/>
                <Baseline points="2402,1536 2437,1538 2472,1539 2507,1541 2542,1541 2577,1542 2612,1542 2647,1542 2682,1542 2717,1542 2753,1542 2788,1542 2823,1541 2858,1541 2893,1541 2928,1542 2963,1542 2998,1543 3033,1544 3068,1545 3104,1547"/>
                <TextEquiv>
                    <Unicode>part of Christine. She found a worthy p</Unicode>
                </TextEquiv>
            </TextLine>
            <TextLine id="r2l70" custom="readingOrder {index:69;}">
                <Coords points="1458,1565 2302,1557 2301,1517 1457,1529"/>
                <Baseline points="1467,1555 1508,1556 1549,1556 1590,1556 1632,1556 1673,1556 1714,1556 1755,1556 1797,1555 1838,1555 1879,1554 1920,1553 1962,1552 2003,1551 2044,1551 2085,1550 2127,1548 2168,1548 2209,1547 2250,1546 2292,1545"/>
                <TextEquiv>
                    <Unicode>venience of anv kind, and the professor of the amatory</Unicode>
                </TextEquiv>
            </TextLine>
            <TextLine id="r2l71" custom="readingOrder {index:70;}">
                <Coords points="2381,1577 3058,1590 3111,1585 3112,1538 2382,1547"/>
                <Baseline points="2390,1572 2425,1572 2461,1573 2496,1573 2532,1574 2568,1574 2603,1574 2639,1575 2674,1576 2710,1576 2746,1577 2781,1577 2817,1578 2852,1578 2888,1579 2924,1579 2959,1580 2995,1580 3030,1580 3066,1580 3102,1580"/>
                <TextEquiv>
                    <Unicode>Herr Andresen, who gave an exzellent and</Unicode>
                </TextEquiv>
            </TextLine>
            <TextLine id="r2l72" custom="readingOrder {index:71;}">
                <Coords points="1453,1600 2310,1595 2310,1565 1452,1560"/>
                <Baseline points="1463,1587 1504,1587 1546,1588 1588,1588 1630,1588 1672,1587 1714,1587 1756,1586 1798,1585 1840,1585 1882,1584 1923,1583 1965,1582 2007,1582 2049,1581 2091,1580 2133,1580 2175,1580 2217,1580 2259,1580 2301,1581"/>
                <TextEquiv>
                    <Unicode>art, the specialist in connection with the love malady,</Unicode>
                </TextEquiv>
            </TextLine>
            <TextLine id="r2l73" custom="readingOrder {index:72;}">
                <Coords points="2381,1606 3099,1624 3100,1590 2381,1574"/>
                <Baseline points="2390,1605 2425,1606 2460,1608 2495,1609 2530,1610 2565,1610 2600,1611 2635,1611 2670,1612 2705,1612 2740,1613 2775,1613 2810,1613 2845,1613 2880,1613 2915,1613 2950,1613 2985,1613 3020,1613 3055,1613 3090,1613"/>
                <TextEquiv>
                    <Unicode>like rendering of the part of Fritz. Frau</Unicode>
                </TextEquiv>
            </TextLine>
            <TextLine id="r2l74" custom="readingOrder {index:73;}">
                <Coords points="1451,1629 2291,1626 2306,1592 1450,1601"/>
                <Baseline points="1461,1622 1502,1621 1544,1620 1586,1620 1628,1619 1670,1618 1711,1618 1753,1617 1795,1616 1837,1616 1879,1615 1920,1615 1962,1614 2004,1614 2046,1613 2088,1613 2129,1613 2171,1612 2213,1612 2255,1611 2297,1611"/>
                <TextEquiv>
                    <Unicode> proposes, by means ofsuch charms as she possesses, to</Unicode>
                </TextEquiv>
            </TextLine>
            <TextLine id="r2l75" custom="readingOrder {index:74;}">
                <Coords points="2379,1655 3120,1666 3141,1619 2473,1625 2379,1600"/>
                <Baseline points="2388,1641 2425,1642 2462,1643 2499,1644 2536,1645 2574,1646 2611,1647 2648,1648 2685,1648 2722,1649 2760,1649 2797,1649 2834,1649 2871,1649 2908,1649 2946,1649 2983,1648 3020,1648 3057,1647 3094,1647 3132,1646"/>
                <TextEquiv>
                    <Unicode>man, as Mizi Schlager, was charmingly vivaci</Unicode>
                </TextEquiv>
            </TextLine>
            <TextLine id="r2l76" custom="readingOrder {index:75;}">
                <Coords points="1460,1650 2247,1655 2305,1623 1460,1629"/>
                <Baseline points="1469,1653 1510,1653 1551,1652 1592,1652 1634,1651 1675,1650 1716,1650 1758,1649 1799,1648 1840,1647 1882,1647 1923,1646 1964,1646 2005,1645 2047,1644 2088,1644 2129,1644 2171,1643 2212,1643 2253,1643 2295,1643"/>
                <TextEquiv>
                    <Unicode>cure Fritz, homcopathically, of His fatal infatuation.</Unicode>
                </TextEquiv>
            </TextLine>
            <TextLine id="r2l77" custom="readingOrder {index:76;}">
                <Coords points="1458,1679 2284,1687 2317,1683 2317,1651 1457,1649"/>
                <Baseline points="1467,1685 1509,1685 1551,1684 1593,1684 1635,1683 1677,1683 1719,1682 1761,1681 1803,1681 1845,1680 1887,1679 1929,1678 1971,1677 2013,1677 2055,1676 2097,1675 2139,1675 2181,1674 2223,1674 2265,1674 2307,1674"/>
                <TextEquiv>
                    <Unicode>Unhappily. however, the case has not been taken in</Unicode>
                </TextEquiv>
            </TextLine>
            <TextLine id="r2l78" custom="readingOrder {index:77;}">
                <Coords points="2382,1690 3289,1691 3289,1659 3221,1655 2383,1649"/>
                <Baseline points="2392,1677 2436,1677 2480,1678 2525,1679 2569,1679 2613,1680 2658,1681 2702,1681 2746,1682 2791,1682 2835,1683 2879,1683 2924,1683 2968,1684 3012,1684 3057,1684 3101,1684 3145,1683 3190,1683 3234,1682 3279,1681"/>
                <TextEquiv>
                    <Unicode>lively, and Herr Schindler, too, was very praise¬</Unicode>
                </TextEquiv>
            </TextLine>
            <TextLine id="r2l79" custom="readingOrder {index:78;}">
                <Coords points="1462,1727 2314,1707 2313,1677 1461,1689"/>
                <Baseline points="1471,1715 1512,1715 1554,1716 1595,1716 1637,1715 1679,1715 1720,1714 1762,1714 1804,1713 1845,1712 1887,1711 1929,1711 1970,1710 2012,1709 2054,1708 2095,1707 2137,1706 2179,1705 2220,1705 2262,1704 2304,1704"/>
                <TextEquiv>
                    <Unicode>hand quite soon enough. Christine and an attractive</Unicode>
                </TextEquiv>
            </TextLine>
            <TextLine id="r2l80" custom="readingOrder {index:79;}">
                <Coords points="2391,1720 2736,1719 2786,1746 3021,1719 3120,1746 3295,1737 3296,1681 2946,1704 2391,1684"/>
                <Baseline points="2401,1712 2445,1713 2489,1714 2533,1715 2577,1716 2622,1717 2666,1718 2710,1718 2754,1719 2798,1720 2843,1721 2887,1721 2931,1722 2975,1722 3019,1723 3064,1723 3108,1723 3152,1723 3196,1723 3240,1723 3285,1723"/>
                <TextEquiv>
                    <Unicode>worthy in the part of Theodor, his best moments</Unicode>
                </TextEquiv>
            </TextLine>
            <TextLine id="r2l81" custom="readingOrder {index:80;}">
                <Coords points="1467,1746 2313,1741 2312,1709 1466,1726"/>
                <Baseline points="1477,1747 1518,1747 1559,1747 1601,1746 1642,1745 1683,1744 1725,1744 1766,1743 1807,1742 1849,1742 1890,1741 1931,1740 1973,1739 2014,1739 2055,1738 2097,1738 2138,1737 2179,1737 2221,1737 2262,1737 2304,1737"/>
                <TextEquiv>
                    <Unicode>voung friend of hers have come to visit Fritz, and are</Unicode>
                </TextEquiv>
            </TextLine>
            <TextLine id="r2l82" custom="readingOrder {index:81;}">
                <Coords points="2390,1753 2478,1764 2497,1753 2574,1762 2602,1753 2659,1766 2769,1748 2769,1724 2737,1719 2390,1719"/>
                <Baseline points="2400,1745 2425,1748 2451,1750 2476,1750 2502,1751 2528,1750 2553,1750 2579,1750 2605,1749 2630,1748 2656,1747 2682,1747 2707,1748 2733,1749 2759,1751"/>
                <TextEquiv>
                    <Unicode>being in the first act.</Unicode>
                </TextEquiv>
            </TextLine>
            <TextLine id="r2l83" custom="readingOrder {index:82;}">
                <Coords points="2580,1766 2589,1768 2591,1766 2601,1779 2603,1777 2612,1779 2616,1753 2601,1750 2597,1752 2592,1747 2583,1746"/>
                <Baseline points="2589,1768 2604,1770"/>
                <TextEquiv>
                    <Unicode>* „</Unicode>
                </TextEquiv>
            </TextLine>
            <TextLine id="r2l84" custom="readingOrder {index:83;}">
                <Coords points="1458,1785 2119,1787 2293,1778 2310,1744 1458,1745"/>
                <Baseline points="1467,1778 1508,1778 1550,1778 1592,1777 1633,1777 1675,1776 1717,1776 1758,1775 1800,1774 1842,1774 1884,1773 1925,1772 1967,1772 2009,1771 2050,1771 2092,1770 2134,1770 2175,1770 2217,1769 2259,1769 2301,1769"/>
                <TextEquiv>
                    <Unicode>being entertained by him ab supper, when an</Unicode>
                </TextEquiv>
            </TextLine>
            <TextLine id="r2l85" custom="readingOrder {index:84;}">
                <Coords points="2409,1783 3225,1796 3203,1745 3160,1769 2880,1741 2615,1772 2409,1758"/>
                <Baseline points="2419,1776 2458,1778 2498,1781 2538,1783 2578,1785 2618,1786 2657,1787 2697,1787 2737,1788 2777,1788 2817,1788 2856,1788 2896,1788 2936,1787 2976,1787 3016,1788 3055,1788 3095,1788 3135,1789 3175,1790 3215,1792"/>
                <TextEquiv>
                    <Unicode> Liebelei was followed by a charming and m</Unicode>
                </TextEquiv>
            </TextLine>
            <TextLine id="r2l86" custom="readingOrder {index:85;}">
                <Coords points="1458,1820 2120,1804 2203,1825 2248,1797 2297,1808 2317,1775 1458,1784"/>
                <Baseline points="1467,1809 1509,1809 1551,1808 1593,1807 1635,1807 1677,1806 1719,1806 1761,1805 1803,1805 1845,1804 1887,1804 1929,1803 1971,1803 2013,1802 2055,1802 2097,1802 2139,1802 2181,1801 2223,1801 2265,1801 2307,1801"/>
                <TextEquiv>
                    <Unicode>unexpected and unwelcume stranger arrives in</Unicode>
                </TextEquiv>
            </TextLine>
            <TextLine id="r2l87" custom="readingOrder {index:86;}">
                <Coords points="2378,1821 3140,1837 3141,1797 3120,1793 2379,1795"/>
                <Baseline points="2388,1820 2425,1819 2462,1818 2499,1818 2536,1818 2573,1819 2610,1820 2647,1821 2684,1822 2721,1823 2759,1825 2796,1826 2833,1827 2870,1828 2907,1829 2944,1830 2981,1830 3018,1830 3055,1830 3092,1829 3130,1827"/>
                <TextEquiv>
                    <Unicode>amusing one-act comedy, Die Schulreiterin,“</Unicode>
                </TextEquiv>
            </TextLine>
            <TextLine id="r2l88" custom="readingOrder {index:87;}">
                <Coords points="1469,1844 2244,1847 2317,1833 2317,1810 1469,1815"/>
                <Baseline points="1479,1839 1520,1839 1561,1839 1603,1839 1644,1839 1686,1838 1727,1838 1769,1838 1810,1837 1852,1837 1893,1836 1934,1836 1976,1836 2017,1835 2059,1835 2100,1834 2142,1834 2183,1834 2225,1834 2266,1833 2308,1834"/>
                <TextEquiv>
                    <Unicode>the person of the injured husband. The feast</Unicode>
                </TextEquiv>
            </TextLine>
            <TextLine id="r2l89" custom="readingOrder {index:88;}">
                <Coords points="2377,1857 3099,1871 3100,1830 2378,1822"/>
                <Baseline points="2387,1858 2422,1857 2457,1856 2492,1856 2527,1856 2562,1856 2597,1857 2633,1858 2668,1859 2703,1860 2738,1861 2773,1863 2808,1864 2843,1865 2879,1866 2914,1867 2949,1867 2984,1867 3019,1866 3054,1866 3090,1864"/>
                <TextEquiv>
                    <Unicode>Emil Pohl, in which Fraculein Nilasson, H</Unicode>
                </TextEquiv>
            </TextLine>
            <TextLine id="r2l90" custom="readingOrder {index:89;}">
                <Coords points="1460,1873 2287,1878 2319,1865 2319,1831 1459,1848"/>
                <Baseline points="1469,1872 1511,1871 1553,1871 1595,1870 1637,1870 1679,1870 1721,1869 1763,1869 1805,1868 1847,1868 1889,1868 1931,1867 1973,1867 2015,1867 2057,1866 2099,1866 2141,1866 2183,1865 2225,1865 2267,1864 2309,1864"/>
                <TextEquiv>
                    <Unicode>termmnates likethe last feast of Don Juan—interrupted</Unicode>
                </TextEquiv>
            </TextLine>
            <TextLine id="r2l91" custom="readingOrder {index:90;}">
                <Coords points="2387,1898 3003,1907 3021,1906 3022,1870 2388,1864"/>
                <Baseline points="2396,1889 2426,1889 2457,1890 2488,1891 2519,1892 2550,1893 2580,1893 2611,1894 2642,1895 2673,1896 2704,1897 2734,1898 2765,1899 2796,1899 2827,1900 2858,1900 2888,1900 2919,1900 2950,1900 2981,1900 3012,1899"/>
                <TextEquiv>
                    <Unicode>litzsch, Andresen, and Schindler to</Unicode>
                </TextEquiv>
            </TextLine>
            <TextLine id="r2l92" custom="readingOrder {index:91;}">
                <Coords points="1457,1902 2317,1901 2305,1865 1457,1868"/>
                <Baseline points="1467,1905 1509,1904 1551,1903 1593,1902 1635,1901 1677,1901 1719,1900 1761,1900 1803,1900 1845,1900 1887,1899 1929,1899 1971,1899 2013,1899 2055,1899 2097,1898 2139,1898 2181,1897 2223,1896 2265,1895 2308,1894"/>
                <TextEquiv>
                    <Unicode>bythe sudden appearance of the statue of the Com¬</Unicode>
                </TextEquiv>
            </TextLine>
            <TextLine id="r2l93" custom="readingOrder {index:92;}">
                <Coords points="2385,1928 2970,1940 2986,1897 2385,1898"/>
                <Baseline points="2395,1924 2424,1924 2453,1925 2482,1926 2511,1926 2540,1927 2569,1928 2598,1928 2627,1930 2656,1931 2685,1932 2714,1933 2743,1934 2772,1934 2801,1935 2830,1935 2859,1935 2888,1936 2917,1936 2946,1935 2976,1935"/>
                <TextEquiv>
                    <Unicode>Worlitzsch had again a chance of di</Unicode>
                </TextEquiv>
            </TextLine>
            <TextLine id="r2l94" custom="readingOrder {index:93;}">
                <Coords points="1457,1946 2319,1940 2318,1901 2294,1899 1457,1901"/>
                <Baseline points="1467,1935 1509,1935 1551,1934 1593,1933 1635,1933 1677,1932 1719,1932 1761,1932 1803,1932 1845,1932 1888,1931 1930,1931 1972,1931 2014,1931 2056,1931 2098,1931 2140,1930 2182,1930 2224,1929 2266,1929 2309,1928"/>
                <TextEquiv>
                    <Unicode>mander; and before the curtain falis Fritz has promised</Unicode>
                </TextEquiv>
            </TextLine>
            <TextLine id="r2l95" custom="readingOrder {index:94;}">
                <Coords points="1464,1970 2006,1988 2184,1965 2321,1988 2306,1934 1464,1951"/>
                <Baseline points="1473,1968 1514,1967 1556,1966 1598,1965 1640,1965 1682,1965 1724,1965 1766,1965 1808,1965 1850,1965 1892,1965 1933,1965 1975,1965 2017,1965 2059,1965 2101,1964 2143,1964 2185,1962 2227,1961 2269,1960 2311,1957"/>
                <TextEquiv>
                    <Unicode>to remain at home the next morning in order to receive</Unicode>
                </TextEquiv>
            </TextLine>
            <TextLine id="r2l96" custom="readingOrder {index:95;}">
                <Coords points="2378,1967 2905,1977 2963,1971 2964,1932 2379,1935"/>
                <Baseline points="2388,1960 2416,1961 2444,1961 2472,1962 2501,1963 2529,1963 2557,1964 2586,1965 2614,1965 2642,1965 2671,1966 2699,1967 2727,1967 2755,1968 2784,1968 2812,1969 2840,1970 2869,1970 2897,1970 2925,1971 2954,1971"/>
                <TextEquiv>
                    <Unicode>histrionic talents in the part of E</Unicode>
                </TextEquiv>
            </TextLine>
            <TextLine id="r2l97" custom="readingOrder {index:96;}">
                <Coords points="1468,2009 1498,2017 1533,2001 1590,2016 1646,2003 1792,2002 1811,2013 1832,2002 1832,1972 1468,1972"/>
                <Baseline points="1477,1999 1503,1998 1530,1997 1556,1997 1583,1996 1610,1996 1636,1996 1663,1996 1689,1996 1716,1996 1743,1996 1769,1996 1796,1997 1823,1997"/>
                <TextEquiv>
                    <Unicode>the husband’s seconds.</Unicode>
                </TextEquiv>
            </TextLine>
            <TextLine id="r2l98" custom="readingOrder {index:97;}">
                <Coords points="2378,2000 2886,2012 2946,2005 2947,1973 2378,1974"/>
                <Baseline points="2387,1998 2414,1998 2442,1998 2469,1997 2497,1997 2524,1998 2552,1998 2579,1998 2607,1999 2634,1999 2662,2000 2689,2000 2717,2001 2744,2002 2772,2002 2799,2003 2827,2003 2854,2004 2882,2004 2909,2004 2937,2004"/>
                <TextEquiv>
                    <Unicode>ingshausen, in which he is inimit</Unicode>
                </TextEquiv>
            </TextLine>
            <TextLine id="r2l99" custom="readingOrder {index:98;}">
                <Coords points="1489,2032 2290,2037 2320,2035 2320,1988 1489,2006"/>
                <Baseline points="1499,2028 1539,2028 1580,2028 1620,2028 1661,2028 1702,2028 1742,2028 1783,2028 1823,2028 1864,2028 1905,2028 1945,2028 1986,2028 2026,2027 2067,2027 2108,2026 2148,2025 2189,2025 2229,2024 2270,2023 2311,2022"/>
                <TextEquiv>
                    <Unicode>The second act is of idyllic character and very</Unicode>
                </TextEquiv>
            </TextLine>
            <TextLine id="r2l100" custom="readingOrder {index:99;}">
                <Coords points="2372,2030 2419,2047 2943,2048 2943,2003 2373,2000"/>
                <Baseline points="2382,2033 2409,2033 2437,2033 2464,2033 2492,2034 2520,2034 2547,2035 2575,2035 2602,2035 2630,2036 2658,2037 2685,2037 2713,2038 2740,2038 2768,2038 2796,2039 2823,2039 2851,2040 2878,2040 2906,2040 2934,2040"/>
                <TextEquiv>
                    <Unicode>Nilasson quite surprised us bythe</Unicode>
                </TextEquiv>
            </TextLine>
            <TextLine id="r2l101" custom="readingOrder {index:100;}">
                <Coords points="1460,2071 2314,2066 2314,2030 2285,2023 1460,2028"/>
                <Baseline points="1469,2062 1510,2062 1552,2061 1594,2061 1636,2061 1678,2061 1719,2061 1761,2061 1803,2061 1845,2061 1887,2061 1928,2061 1970,2061 2012,2061 2054,2060 2096,2060 2137,2059 2179,2058 2221,2057 2263,2055 2305,2053"/>
                <TextEquiv>
                    <Unicode>charming. Fritz has not merely formed a caprice for</Unicode>
                </TextEquiv>
            </TextLine>
            <TextLine id="r2l102" custom="readingOrder {index:101;}">
                <Coords points="2391,2072 2813,2072 2862,2090 2943,2078 2943,2046 2911,2040 2391,2043"/>
                <Baseline points="2400,2067 2426,2067 2453,2067 2480,2068 2506,2068 2533,2069 2560,2069 2586,2070 2613,2070 2640,2071 2667,2072 2693,2072 2720,2073 2747,2073 2773,2074 2800,2074 2827,2074 2853,2075 2880,2075 2907,2075 2934,2075"/>
                <TextEquiv>
                    <Unicode>way in which she acted the Bai</Unicode>
                </TextEquiv>
            </TextLine>
            <TextLine id="r2l103" custom="readingOrder {index:102;}">
                <Coords points="1462,2090 2156,2105 2315,2098 2315,2066 1461,2060"/>
                <Baseline points="1471,2096 1512,2094 1554,2093 1596,2093 1637,2092 1679,2092 1721,2092 1762,2093 1804,2093 1846,2093 1888,2094 1929,2094 1971,2094 2013,2094 2054,2094 2096,2093 2138,2092 2179,2091 2221,2089 2263,2087 2305,2084"/>
                <TextEquiv>
                    <Unicode>the young girl who was to have played the part of a</Unicode>
                </TextEquiv>
            </TextLine>
            <TextLine id="r2l104" custom="readingOrder {index:103;}">
                <Coords points="2387,2108 2667,2124 2939,2112 2939,2084 2881,2076 2558,2082 2523,2066 2425,2082 2388,2068"/>
                <Baseline points="2396,2102 2422,2103 2449,2104 2475,2105 2502,2106 2529,2106 2555,2107 2582,2107 2609,2107 2635,2108 2662,2108 2689,2108 2715,2108 2742,2108 2769,2108 2795,2108 2822,2108 2849,2109 2875,2109 2902,2110 2929,2110"/>
                <TextEquiv>
                    <Unicode>considering the great strain her</Unicode>
                </TextEquiv>
            </TextLine>
            <TextLine id="r2l105" custom="readingOrder {index:104;}">
                <Coords points="1465,2142 2313,2126 2312,2092 1464,2105"/>
                <Baseline points="1473,2128 1514,2127 1556,2126 1597,2126 1639,2126 1680,2126 1722,2126 1763,2126 1805,2127 1846,2127 1888,2127 1929,2127 1971,2127 2012,2127 2054,2127 2095,2126 2137,2125 2178,2123 2220,2122 2261,2119 2303,2116"/>
                <TextEquiv>
                    <Unicode>lightning conductor in presencc of the menacing</Unicode>
                </TextEquiv>
            </TextLine>
            <TextLine id="r2l106" custom="readingOrder {index:105;}">
                <Coords points="2389,2146 2959,2152 2959,2120 2927,2111 2389,2108"/>
                <Baseline points="2398,2138 2425,2139 2453,2140 2480,2140 2508,2141 2535,2141 2563,2141 2590,2141 2618,2142 2645,2142 2673,2142 2701,2142 2728,2142 2756,2142 2783,2142 2811,2142 2838,2142 2866,2142 2893,2142 2921,2142 2949,2142"/>
                <TextEquiv>
                    <Unicode>necessarily have put on her. Her</Unicode>
                </TextEquiv>
            </TextLine>
            <TextLine id="r2l107" custom="readingOrder {index:106;}">
                <Coords points="1460,2184 1837,2152 2320,2164 2319,2126 2293,2124 1460,2122"/>
                <Baseline points="1469,2158 1511,2158 1553,2158 1595,2159 1637,2159 1679,2159 1721,2159 1763,2160 1805,2160 1847,2160 1890,2160 1932,2160 1974,2159 2016,2159 2058,2158 2100,2157 2142,2156 2184,2154 2226,2153 2268,2151 2311,2148"/>
                <TextEquiv>
                    <Unicode>thunderbolt. He has taken a fancy to her, and</Unicode>
                </TextEquiv>
            </TextLine>
            <TextLine id="r2l108" custom="readingOrder {index:107;}">
                <Coords points="2378,2185 3061,2186 3061,2158 3028,2148 2682,2160 2379,2136"/>
                <Baseline points="2387,2176 2420,2176 2453,2176 2486,2176 2520,2176 2553,2176 2586,2177 2619,2177 2653,2177 2686,2178 2719,2178 2752,2179 2786,2179 2819,2180 2852,2180 2885,2180 2919,2181 2952,2181 2985,2181 3018,2181 3052,2181"/>
                <TextEquiv>
                    <Unicode>delightful sketch of the amorous butle</Unicode>
                </TextEquiv>
            </TextLine>
            <TextLine id="r2l109" custom="readingOrder {index:108;}">
                <Coords points="1470,2196 2315,2195 2314,2154 1470,2162"/>
                <Baseline points="1479,2188 1520,2189 1561,2190 1602,2191 1644,2192 1685,2192 1726,2193 1768,2193 1809,2193 1850,2193 1892,2193 1933,2193 1974,2193 2015,2192 2057,2191 2098,2190 2139,2188 2181,2186 2222,2185 2263,2182 2305,2179"/>
                <TextEquiv>
                    <Unicode>she is gradually inspiring him with sympathy.</Unicode>
                </TextEquiv>
            </TextLine>
            <TextLine id="r2l110" custom="readingOrder {index:109;}">
                <Coords points="2385,2222 3079,2220 3171,2244 3229,2234 3230,2187 2385,2179"/>
                <Baseline points="2394,2210 2435,2210 2476,2211 2517,2211 2559,2211 2600,2212 2641,2212 2683,2213 2724,2214 2765,2215 2807,2215 2848,2216 2889,2217 2930,2218 2972,2218 3013,2219 3054,2219 3096,2219 3137,2219 3178,2219 3220,2219"/>
                <TextEquiv>
                    <Unicode>Schindler was all that could be wished in the part</Unicode>
                </TextEquiv>
            </TextLine>
            <TextLine id="r2l111" custom="readingOrder {index:110;}">
                <Coords points="1473,2226 2319,2230 2319,2179 1473,2196"/>
                <Baseline points="1483,2220 1524,2220 1565,2221 1606,2221 1648,2221 1689,2221 1730,2222 1772,2222 1813,2222 1854,2222 1896,2222 1937,2221 1978,2221 2019,2220 2061,2219 2102,2218 2143,2217 2185,2215 2226,2213 2267,2211 2309,2209"/>
                <TextEquiv>
                    <Unicode>She, on her side, has fallen sincerely in love with Fritz;</Unicode>
                </TextEquiv>
            </TextLine>
            <TextLine id="r2l112" custom="readingOrder {index:111;}">
                <Coords points="2395,2264 2408,2264 2421,2253 2436,2253 2445,2261 2461,2252 2476,2256 2489,2250 2496,2256 2526,2254 2532,2260 2537,2255 2564,2261 2590,2255 2590,2229 2551,2221 2521,2224 2514,2217 2469,2214 2438,2225 2422,2216 2395,2223"/>
                <Baseline points="2405,2246 2430,2245 2455,2244 2480,2244 2505,2244 2530,2246 2555,2246 2581,2248"/>
                <TextEquiv>
                    <Unicode>ihe Baron.</Unicode>
                </TextEquiv>
            </TextLine>
            <TextLine id="r2l113" custom="readingOrder {index:112;}">
                <Coords points="1458,2277 2304,2257 2320,2218 1457,2224"/>
                <Baseline points="1467,2254 1509,2253 1551,2253 1593,2253 1635,2253 1678,2253 1720,2253 1762,2253 1804,2253 1846,2253 1889,2253 1931,2253 1973,2253 2015,2252 2057,2251 2100,2250 2142,2249 2184,2248 2226,2247 2268,2244 2311,2242"/>
                <TextEquiv>
                    <Unicode>hoping, though not too confidently, that he in return</Unicode>
                </TextEquiv>
            </TextLine>
            <TextLine id="r2l114" custom="readingOrder {index:113;}">
                <Coords points="1471,2292 2233,2293 2315,2283 2315,2253 1471,2256"/>
                <Baseline points="1481,2284 1522,2284 1563,2285 1604,2286 1646,2286 1687,2286 1728,2286 1769,2285 1811,2285 1852,2285 1893,2284 1934,2284 1976,2283 2017,2283 2058,2282 2099,2282 2141,2282 2182,2281 2223,2282 2264,2282 2306,2282"/>
                <TextEquiv>
                    <Unicode>may take some little interest in her. But days pass,</Unicode>
                </TextEquiv>
            </TextLine>
            <TextLine id="r2l115" custom="readingOrder {index:114;}">
                <Coords points="1474,2329 2316,2328 2316,2287 1473,2289"/>
                <Baseline points="1483,2314 1524,2316 1565,2317 1606,2318 1647,2318 1689,2318 1730,2318 1771,2317 1812,2317 1853,2316 1895,2315 1936,2314 1977,2313 2018,2312 2059,2311 2101,2310 2142,2309 2183,2309 2224,2308 2265,2308 2307,2308"/>
                <TextEquiv>
                    <Unicode>and she sees nothing of him. Christine is now (Act III.)</Unicode>
                </TextEquiv>
            </TextLine>
            <TextLine id="r2l116" custom="readingOrder {index:115;}">
                <Coords points="1465,2346 2216,2355 2319,2342 2319,2312 1465,2324"/>
                <Baseline points="1475,2348 1516,2349 1558,2349 1600,2349 1642,2349 1683,2349 1725,2349 1767,2348 1809,2348 1850,2347 1892,2346 1934,2345 1976,2344 2017,2344 2059,2343 2101,2342 2143,2341 2184,2341 2226,2340 2268,2340 2310,2340"/>
                <TextEquiv>
                    <Unicode>disconsolate and in dread of a coming misfortune.</Unicode>
                </TextEquiv>
            </TextLine>
            <TextLine id="r2l117" custom="readingOrder {index:116;}">
                <Coords points="2402,2379 2682,2369 2733,2400 2776,2367 2883,2405 3024,2409 3149,2385 3150,2359 2896,2325 2840,2345 2796,2325 2769,2348 2586,2315 2404,2325"/>
                <Baseline points="2412,2363 2448,2363 2484,2364 2521,2365 2557,2366 2594,2367 2630,2369 2666,2371 2703,2373 2739,2375 2776,2376 2812,2378 2848,2380 2885,2381 2921,2383 2958,2384 2994,2385 3030,2385 3067,2386 3103,2385 3140,2384"/>
                <TextEquiv>
                    <Unicode>ce</Unicode>
                </TextEquiv>
            </TextLine>
            <TextLine id="r2l118" custom="readingOrder {index:117;}">
                <Coords points="1478,2385 2322,2383 2322,2343 1477,2353"/>
                <Baseline points="1487,2380 1528,2381 1569,2381 1610,2381 1652,2381 1693,2380 1734,2380 1776,2379 1817,2379 1858,2378 1900,2377 1941,2376 1982,2376 2023,2375 2065,2374 2106,2373 2147,2373 2189,2372 2230,2372 2271,2372 2313,2372"/>
                <TextEquiv>
                    <Unicode>Suddenlyshe hears that Fritz has been killed in aduel.</Unicode>
                </TextEquiv>
            </TextLine>
            <TextLine id="r2l119" custom="readingOrder {index:118;}">
                <Coords points="1469,2416 2284,2417 2319,2405 2319,2377 1469,2392"/>
                <Baseline points="1479,2414 1520,2413 1562,2413 1603,2412 1645,2411 1686,2411 1728,2410 1769,2409 1811,2409 1852,2408 1894,2408 1936,2407 1977,2407 2019,2406 2060,2406 2102,2405 2143,2405 2185,2404 2226,2404 2268,2403 2310,2403"/>
                <TextEquiv>
                    <Unicode>He has died without leaving! rawerdoffarewell. He</Unicode>
                </TextEquiv>
            </TextLine>
            <TextLine id="r2l120" custom="readingOrder {index:119;}">
                <Coords points="1940,2448 1975,2442 2015,2457 2028,2445 2107,2444 2122,2455 2133,2443 2309,2446 2309,2410 2029,2411 1939,2428"/>
                <Baseline points="1950,2442 1975,2440 2000,2439 2025,2438 2050,2436 2075,2436 2100,2436 2125,2435 2150,2435 2175,2435 2200,2435 2225,2435 2250,2435 2275,2435 2300,2434"/>
                <TextEquiv>
                    <Unicode>and his love-passages</Unicode>
                </TextEquiv>
            </TextLine>
            <TextLine id="r2l121" custom="readingOrder {index:120;}">
                <Coords points="1476,2453 1870,2454 1937,2447 1937,2417 1505,2427 1475,2414"/>
                <Baseline points="1485,2444 1511,2445 1537,2445 1563,2445 1589,2445 1615,2444 1641,2444 1667,2443 1693,2442 1719,2441 1745,2441 1771,2439 1797,2439 1823,2439 1849,2438 1875,2439 1901,2439 1928,2440"/>
                <TextEquiv>
                    <Unicode>has died for another woma</Unicode>
                </TextEquiv>
            </TextLine>
            <TextLine id="r2l122" custom="readingOrder {index:121;}">
                <Coords points="1934,2483 2012,2484 2038,2470 2102,2482 2117,2471 2209,2481 2232,2469 2275,2480 2314,2473 2314,2445 1933,2448"/>
                <Baseline points="1943,2470 1968,2470 1994,2471 2020,2471 2046,2470 2071,2470 2097,2470 2123,2469 2149,2468 2175,2467 2200,2467 2226,2467 2252,2466 2278,2466 2304,2466"/>
                <TextEquiv>
                    <Unicode>sion. She cannot even</Unicode>
                </TextEquiv>
            </TextLine>
            <TextLine id="r2l123" custom="readingOrder {index:122;}">
                <Coords points="1461,2498 1560,2477 1602,2490 1682,2477 1926,2482 1926,2448 1460,2444"/>
                <Baseline points="1471,2475 1497,2476 1523,2476 1549,2477 1575,2477 1602,2477 1628,2476 1654,2475 1680,2475 1707,2474 1733,2473 1759,2472 1785,2472 1812,2471 1838,2471 1864,2470 1890,2470 1917,2471"/>
                <TextEquiv>
                    <Unicode>with her had been mere die</Unicode>
                </TextEquiv>
            </TextLine>
            <TextLine id="r2l124" custom="readingOrder {index:123;}">
                <Coords points="1935,2510 1956,2519 1976,2509 2211,2507 2222,2516 2305,2506 2304,2474 2269,2480 2233,2467 2183,2485 2124,2470 2064,2482 2045,2469 2019,2483 1935,2483"/>
                <Baseline points="1945,2505 1970,2503 1995,2502 2020,2501 2045,2500 2070,2500 2095,2500 2120,2500 2145,2500 2170,2500 2195,2500 2220,2500 2245,2500 2270,2500 2295,2499"/>
                <TextEquiv>
                    <Unicode>these two days. She is</Unicode>
                </TextEquiv>
            </TextLine>
            <TextLine id="r2l125" custom="readingOrder {index:124;}">
                <Coords points="1470,2515 1719,2517 1740,2505 1753,2516 1903,2517 1920,2511 1920,2485 1469,2482"/>
                <Baseline points="1479,2507 1504,2508 1529,2508 1555,2508 1580,2508 1606,2508 1631,2507 1656,2507 1682,2506 1707,2506 1733,2505 1758,2505 1783,2504 1809,2503 1834,2503 1860,2502 1885,2502 1911,2501"/>
                <TextEquiv>
                    <Unicode>see him; he has been burie</Unicode>
                </TextEquiv>
            </TextLine>
            <TextLine id="r2l126" custom="readingOrder {index:125;}">
                <Coords points="1928,2542 2315,2541 2314,2507 2294,2505 2222,2516 2147,2501 2069,2516 1928,2510"/>
                <Baseline points="1938,2536 1964,2535 1990,2535 2016,2534 2042,2534 2069,2533 2095,2533 2121,2532 2147,2532 2173,2532 2200,2532 2226,2532 2252,2531 2278,2531 2305,2531"/>
                <TextEquiv>
                    <Unicode>lot go to his grave, since</Unicode>
                </TextEquiv>
            </TextLine>
            <TextLine id="r2l127" custom="readingOrder {index:126;}">
                <Coords points="2490,2539 2522,2533 2587,2563 2602,2550 2698,2534 2737,2563 2771,2565 2792,2548 2835,2563 2835,2496 2801,2497 2770,2480 2749,2491 2629,2477 2588,2479 2571,2496 2546,2484 2490,2492"/>
                <Baseline points="2499,2529 2524,2532 2549,2533 2574,2535 2599,2536 2624,2537 2649,2538 2674,2538 2699,2538 2724,2537 2749,2537 2774,2535 2799,2533 2825,2530"/>
                <TextEquiv>
                    <Unicode>Weste</Unicode>
                </TextEquiv>
            </TextLine>
            <TextLine id="r2l128" custom="readingOrder {index:127;}">
                <Coords points="1473,2542 1916,2547 1915,2510 1737,2506 1675,2519 1613,2501 1594,2516 1472,2512"/>
                <Baseline points="1483,2541 1509,2540 1536,2539 1562,2538 1589,2538 1615,2537 1642,2537 1668,2536 1695,2536 1721,2536 1748,2535 1774,2535 1801,2535 1827,2535 1854,2535 1880,2535 1907,2535"/>
                <TextEquiv>
                    <Unicode>told, moreover, that she mi</Unicode>
                </TextEquiv>
            </TextLine>
            <TextLine id="r2l129" custom="readingOrder {index:128;}">
                <Coords points="2143,2559 2160,2559 2177,2577 2225,2571 2237,2577 2253,2571 2265,2578 2298,2579 2302,2543 2268,2543 2248,2536 2223,2543 2147,2525"/>
                <Baseline points="2154,2548 2181,2554 2208,2558 2235,2561 2262,2564 2290,2566"/>
                <TextEquiv>
                    <Unicode>1#I will ge</Unicode>
                </TextEquiv>
            </TextLine>
            <TextLine id="r2l130" custom="readingOrder {index:129;}">
                <Coords points="1922,2565 1947,2578 1967,2573 1979,2584 1999,2572 2016,2578 2033,2571 2144,2572 2143,2544 2128,2540 2045,2543 2039,2537 2006,2546 1959,2540 1921,2547"/>
                <Baseline points="1932,2570 1957,2569 1982,2567 2007,2566 2033,2564 2058,2563 2083,2563 2108,2564 2134,2566"/>
                <TextEquiv>
                    <Unicode>ung for him.</Unicode>
                </TextEquiv>
            </TextLine>
            <TextLine id="r2l131" custom="readingOrder {index:130;}">
                <Coords points="1465,2565 1499,2581 1674,2572 1758,2583 1792,2569 1830,2584 1899,2581 1899,2544 1465,2539"/>
                <Baseline points="1475,2573 1500,2572 1526,2571 1552,2570 1578,2570 1604,2569 1630,2568 1656,2568 1682,2567 1707,2567 1733,2566 1759,2566 1785,2567 1811,2567 1837,2568 1863,2569 1889,2570"/>
                <TextEquiv>
                    <Unicode>his relations may be there</Unicode>
                </TextEquiv>
            </TextLine>
            <TextLine id="r2l132" custom="readingOrder {index:131;}">
                <Coords points="1924,2605 2314,2606 2314,2568 2192,2574 2148,2559 2109,2575 1999,2572 1980,2586 1967,2573 1923,2573"/>
                <Baseline points="1934,2600 1960,2599 1987,2597 2013,2596 2040,2595 2066,2594 2093,2594 2119,2594 2146,2594 2172,2594 2199,2594 2225,2594 2252,2594 2278,2594 2305,2593"/>
                <TextEquiv>
                    <Unicode>ri, but not to pray; and</Unicode>
                </TextEquiv>
            </TextLine>
            <TextLine id="r2l133" custom="readingOrder {index:132;}">
                <Coords points="1461,2606 1594,2616 1778,2602 1853,2616 1892,2612 1892,2580 1794,2570 1517,2579 1460,2559"/>
                <Baseline points="1471,2607 1496,2605 1522,2604 1548,2603 1574,2602 1599,2601 1625,2601 1651,2601 1677,2601 1702,2601 1728,2601 1754,2601 1780,2601 1805,2601 1831,2600 1857,2600 1883,2599"/>
                <TextEquiv>
                    <Unicode>to his grave,“ cries the pe</Unicode>
                </TextEquiv>
            </TextLine>
            <TextLine id="r2l134" custom="readingOrder {index:133;}">
                <Coords points="1919,2635 2114,2643 2328,2632 2328,2589 2159,2613 2109,2598 1919,2607"/>
                <Baseline points="1929,2631 1955,2629 1981,2628 2007,2627 2033,2626 2059,2626 2085,2626 2111,2626 2137,2626 2163,2626 2189,2627 2215,2627 2241,2627 2267,2627 2293,2626 2319,2625"/>
                <TextEquiv>
                    <Unicode>urries out in a paroxysm</Unicode>
                </TextEquiv>
            </TextLine>
            <TextLine id="r2l135" custom="readingOrder {index:134;}">
                <Coords points="1462,2647 1876,2637 1875,2607 1851,2604 1611,2605 1596,2615 1461,2606"/>
                <Baseline points="1471,2636 1497,2636 1523,2636 1550,2635 1576,2635 1603,2634 1629,2633 1655,2632 1682,2632 1708,2631 1735,2630 1761,2630 1787,2630 1814,2630 1840,2630 1867,2630"/>
                <TextEquiv>
                    <Unicode>herold father exclaims,a</Unicode>
                </TextEquiv>
            </TextLine>
            <TextLine id="r2l136" custom="readingOrder {index:135;}">
                <Coords points="1917,2667 1994,2674 2037,2658 2099,2678 2131,2665 2307,2673 2324,2665 2324,2633 2251,2626 2221,2640 2140,2633 2106,2645 2070,2628 1917,2643"/>
                <Baseline points="1926,2664 1951,2662 1977,2660 2003,2659 2029,2658 2055,2658 2081,2657 2107,2657 2133,2657 2159,2657 2185,2657 2211,2658 2237,2658 2263,2658 2289,2657 2315,2657"/>
                <TextEquiv>
                    <Unicode>#urn. The whole ofthis</Unicode>
                </TextEquiv>
            </TextLine>
            <TextLine id="r2l137" custom="readingOrder {index:136;}">
                <Coords points="1476,2672 1604,2679 1619,2669 1639,2680 1690,2667 1715,2678 1816,2666 1840,2676 1866,2670 1866,2642 1475,2644"/>
                <Baseline points="1485,2667 1511,2668 1538,2669 1564,2668 1591,2668 1617,2667 1644,2666 1671,2665 1697,2663 1724,2663 1750,2662 1777,2661 1803,2661 1830,2661 1857,2662"/>
                <TextEquiv>
                    <Unicode>of grief, that she will ne</Unicode>
                </TextEquiv>
            </TextLine>
            <TextLine id="r2l138" custom="readingOrder {index:137;}">
                <Coords points="1918,2696 2102,2696 2125,2707 2198,2689 2219,2702 2245,2693 2282,2702 2320,2690 2320,2669 2113,2664 2081,2674 2036,2659 2006,2673 1918,2672"/>
                <Baseline points="1928,2694 1953,2693 1978,2692 2004,2692 2029,2691 2055,2691 2080,2691 2106,2690 2131,2690 2157,2690 2182,2690 2208,2690 2233,2690 2259,2690 2284,2689 2310,2689"/>
                <TextEquiv>
                    <Unicode>onthe part of the</Unicode>
                </TextEquiv>
            </TextLine>
            <TextLine id="r2l139" custom="readingOrder {index:138;}">
                <Coords points="1467,2702 1849,2701 1862,2699 1862,2669 1515,2677 1466,2655"/>
                <Baseline points="1475,2697 1500,2698 1525,2699 1550,2699 1575,2699 1601,2698 1626,2698 1651,2697 1676,2697 1701,2696 1727,2695 1752,2695 1777,2694 1802,2694 1827,2694 1853,2694"/>
                <TextEquiv>
                    <Unicode>last act is a piece of in</Unicode>
                </TextEquiv>
            </TextLine>
            <TextLine id="r2l140" custom="readingOrder {index:139;}">
                <Coords points="1926,2737 1995,2740 2027,2726 2157,2735 2181,2725 2238,2739 2318,2726 2317,2694 2218,2702 2190,2693 2126,2706 2100,2695 2019,2704 1980,2695 1925,2707"/>
                <Baseline points="1935,2730 1961,2728 1988,2725 2014,2723 2041,2722 2068,2721 2094,2720 2121,2720 2148,2720 2174,2720 2201,2721 2228,2721 2254,2721 2281,2720 2308,2720"/>
                <TextEquiv>
                    <Unicode>plays it like an inspired</Unicode>
                </TextEquiv>
            </TextLine>
            <TextLine id="r2l141" custom="readingOrder {index:140;}">
                <Coords points="1471,2730 1503,2742 1710,2732 1766,2745 1781,2733 1854,2732 1854,2700 1471,2707"/>
                <Baseline points="1481,2728 1507,2728 1533,2729 1559,2729 1585,2729 1611,2728 1637,2728 1663,2727 1689,2727 1715,2726 1741,2726 1767,2725 1793,2725 1819,2725 1845,2725"/>
                <TextEquiv>
                    <Unicode>author, and Fränlein!</Unicode>
                </TextEquiv>
            </TextLine>
            <TextLine id="r2l142" custom="readingOrder {index:141;}">
                <Coords points="1918,2764 1980,2773 1995,2758 2040,2768 2119,2758 2216,2778 2250,2755 2308,2758 2308,2726 2240,2738 2229,2727 1996,2724 1985,2735 1918,2738"/>
                <Baseline points="1928,2760 1954,2757 1980,2756 2007,2754 2033,2753 2060,2753 2086,2752 2113,2752 2139,2752 2165,2753 2192,2753 2218,2753 2245,2753 2271,2753 2298,2752"/>
                <TextEquiv>
                    <Unicode>ets are interesting, and</Unicode>
                </TextEquiv>
            </TextLine>
            <TextLine id="r2l143" custom="readingOrder {index:142;}">
                <Coords points="1478,2773 1608,2771 1619,2761 1630,2772 1679,2772 1698,2758 1720,2771 1826,2771 1840,2765 1840,2733 1478,2734"/>
                <Baseline points="1487,2759 1513,2760 1539,2761 1566,2761 1592,2761 1619,2760 1645,2760 1672,2759 1698,2758 1725,2757 1751,2757 1778,2756 1804,2756 1831,2756"/>
                <TextEquiv>
                    <Unicode>actress. The two pre</Unicode>
                </TextEquiv>
            </TextLine>
            <TextLine id="r2l144" custom="readingOrder {index:143;}">
                <Coords points="1924,2791 1992,2803 2044,2787 2069,2800 2241,2785 2257,2798 2324,2793 2323,2760 2308,2758 2250,2755 2211,2773 2186,2762 2130,2770 2119,2759 1924,2770"/>
                <Baseline points="1934,2791 1959,2789 1984,2788 2010,2787 2035,2786 2060,2786 2086,2786 2111,2786 2136,2786 2162,2786 2187,2786 2212,2786 2238,2785 2263,2784 2288,2782 2314,2780"/>
                <TextEquiv>
                    <Unicode>to the final one. But</Unicode>
                </TextEquiv>
            </TextLine>
            <TextLine id="r2l145" custom="readingOrder {index:144;}">
                <Coords points="1479,2797 1813,2803 1837,2795 1837,2771 1619,2761 1596,2772 1549,2764 1478,2772"/>
                <Baseline points="1487,2790 1513,2792 1539,2793 1565,2793 1591,2793 1617,2793 1643,2792 1670,2792 1696,2791 1722,2790 1748,2789 1774,2789 1800,2788 1827,2788"/>
                <TextEquiv>
                    <Unicode>well contrived as prei</Unicode>
                </TextEquiv>
            </TextLine>
            <TextLine id="r2l146" custom="readingOrder {index:145;}">
                <Coords points="1910,2828 2029,2833 2072,2819 2107,2833 2199,2819 2312,2832 2323,2829 2323,2792 1910,2797"/>
                <Baseline points="1920,2822 1946,2820 1972,2819 1998,2817 2025,2817 2051,2816 2077,2816 2103,2816 2130,2816 2156,2816 2182,2816 2208,2816 2235,2815 2261,2814 2287,2812 2314,2811"/>
                <TextEquiv>
                    <Unicode>anc than the two others,</Unicode>
                </TextEquiv>
            </TextLine>
            <TextLine id="r2l147" custom="readingOrder {index:146;}">
                <Coords points="1484,2831 1835,2827 1834,2796 1810,2804 1667,2793 1645,2803 1483,2797"/>
                <Baseline points="1494,2825 1519,2825 1545,2825 1570,2825 1596,2824 1621,2823 1647,2822 1672,2822 1698,2821 1723,2820 1749,2820 1774,2820 1800,2820 1826,2821"/>
                <TextEquiv>
                    <Unicode>the third act is onal</Unicode>
                </TextEquiv>
            </TextLine>
            <TextLine id="r2l148" custom="readingOrder {index:147;}">
                <Coords points="1904,2857 2105,2852 2182,2871 2221,2858 2276,2877 2328,2851 2328,2822 1904,2833"/>
                <Baseline points="1914,2852 1939,2850 1964,2849 1989,2848 2015,2848 2040,2848 2065,2848 2091,2848 2116,2849 2141,2850 2167,2851 2192,2851 2217,2851 2243,2851 2268,2850 2293,2849 2319,2847"/>
                <TextEquiv>
                    <Unicode>even as in real life the</Unicode>
                </TextEquiv>
            </TextLine>
            <TextLine id="r2l149" custom="readingOrder {index:148;}">
                <Coords points="1469,2864 1668,2860 1693,2869 1839,2856 1838,2832 1793,2824 1568,2836 1469,2825"/>
                <Baseline points="1478,2858 1503,2858 1528,2857 1553,2857 1578,2856 1603,2855 1628,2854 1654,2853 1679,2853 1704,2852 1729,2852 1754,2851 1779,2852 1804,2852 1830,2854"/>
                <TextEquiv>
                    <Unicode>though naturally led</Unicode>
                </TextEquiv>
            </TextLine>
            <TextLine id="r2l150" custom="readingOrder {index:149;}">
                <Coords points="1899,2888 1946,2897 2036,2893 2045,2885 2075,2893 2128,2886 2149,2896 2175,2892 2175,2860 2144,2854 2041,2861 2002,2854 1927,2868 1899,2851"/>
                <Baseline points="1909,2885 1934,2883 1960,2881 1985,2880 2011,2879 2037,2878 2062,2878 2088,2879 2113,2880 2139,2881 2165,2883"/>
                <TextEquiv>
                    <Unicode>e purely trivial.</Unicode>
                </TextEquiv>
            </TextLine>
            <TextLine id="r2l151" custom="readingOrder {index:150;}">
                <Coords points="1470,2899 1553,2910 1596,2899 1639,2913 1650,2903 1791,2909 1830,2899 1830,2863 1469,2865"/>
                <Baseline points="1480,2889 1506,2889 1532,2890 1558,2889 1584,2889 1610,2888 1636,2887 1663,2887 1689,2886 1715,2886 1741,2885 1767,2885 1793,2886 1820,2887"/>
                <TextEquiv>
                    <Unicode>tragic may be preced¬</Unicode>
                </TextEquiv>
            </TextLine>
            <TextLine id="r2l152" custom="readingOrder {index:151;}">
                <Coords points="1892,2921 1952,2933 2093,2914 2350,2919 2349,2859 2278,2891 2246,2873 2134,2890 1892,2891"/>
                <Baseline points="1902,2907 1927,2908 1953,2908 1979,2909 2005,2909 2031,2909 2056,2909 2082,2909 2108,2909 2134,2909 2160,2908 2186,2908 2211,2907 2237,2907 2263,2905 2289,2904 2315,2903 2341,2901"/>
                <TextEquiv>
                    <Unicode>senue (Zirl? ie a ono-ont</Unicode>
                </TextEquiv>
            </TextLine>
            <TextLine id="r2l153" custom="readingOrder {index:152;}">
                <Coords points="1510,3045 1790,3037 1841,3003 2003,3030 2547,3003 2553,2957 1508,2982"/>
                <Baseline points="1519,3022 1570,3020 1621,3019 1672,3017 1724,3016 1775,3014 1826,3012 1878,3010 1929,3008 1980,3006 2032,3004 2083,3002 2134,3000 2185,2998 2237,2996 2288,2994 2339,2993 2391,2991 2442,2990 2493,2988 2545,2987"/>
                <TextEquiv>
                    <Unicode>Victör Herber nusic is pleasing, but not inspiring.</Unicode>
                </TextEquiv>
            </TextLine>
            <TextLine id="r2l154" custom="readingOrder {index:153;}">
                <Coords points="2412,3055 2459,3040 2514,3052 2569,3034 2611,3044 2626,3032 2763,3048 2843,3029 2842,2993 2790,2979 2745,2999 2711,2985 2692,2997 2566,2985 2546,3003 2435,2992 2411,3004"/>
                <Baseline points="2421,3030 2446,3030 2472,3030 2498,3030 2524,3030 2549,3029 2575,3029 2601,3029 2627,3028 2652,3027 2678,3026 2704,3025 2730,3024 2755,3023 2781,3022 2807,3021 2833,3020"/>
                <TextEquiv>
                    <Unicode>The Lobby Lounger.</Unicode>
                </TextEquiv>
            </TextLine>
            <TextLine id="r2l155" custom="readingOrder {index:154;}">
                <Coords points="1924,3140 2073,3158 2130,3133 2451,3138 2483,3133 2482,3088 2324,3090 2303,3075 2229,3098 1923,3098"/>
                <Baseline points="1933,3135 1960,3134 1987,3134 2014,3134 2041,3133 2068,3133 2095,3133 2122,3132 2149,3131 2176,3130 2203,3129 2230,3128 2257,3127 2284,3126 2311,3125 2338,3124 2365,3123 2392,3122 2419,3120 2446,3120 2473,3118"/>
                <TextEquiv>
                    <Unicode>ROUND ABoUT THE THEATRES</Unicode>
                </TextEquiv>
            </TextLine>
            <TextLine id="r2l156" custom="readingOrder {index:155;}">
                <Coords points="1547,3188 2884,3150 2776,3108 1546,3146"/>
                <Baseline points="1556,3193 1625,3191 1694,3190 1764,3188 1833,3186 1903,3184 1972,3182 2041,3180 2111,3177 2180,3175 2250,3172 2319,3170 2389,3167 2458,3165 2527,3163 2597,3161 2666,3159 2736,3157 2805,3156 2875,3155"/>
                <TextEquiv>
                    <Unicode>Wx may or e may not be quite ready for many of the modern school</Unicode>
                </TextEquiv>
            </TextLine>
            <TextLine id="r2l157" custom="readingOrder {index:156;}">
                <Coords points="1515,3238 2781,3208 2870,3173 1514,3202"/>
                <Baseline points="1523,3233 1593,3231 1663,3230 1734,3228 1804,3226 1875,3223 1945,3221 2016,3218 2086,3216 2157,3213 2227,3211 2298,3208 2368,3206 2439,3204 2509,3201 2580,3200 2650,3198 2721,3197 2791,3196 2862,3195"/>
                <TextEquiv>
                    <Unicode>of German d natists in this country, and a play like Schnitzler’s  The</Unicode>
                </TextEquiv>
            </TextLine>
            <TextLine id="r2l158" custom="readingOrder {index:157;}">
                <Coords points="1515,3278 2884,3242 2864,3190 1514,3246"/>
                <Baseline points="1525,3273 1592,3271 1660,3268 1727,3266 1795,3264 1862,3262 1930,3259 1997,3257 2065,3255 2132,3253 2200,3251 2267,3248 2335,3246 2402,3244 2470,3241 2537,3239 2605,3237 2672,3235 2740,3233 2807,3230 2875,3228"/>
                <TextEquiv>
                    <Unicode>Reckoning,“ich has been admirably translated by Grace Isabel“</Unicode>
                </TextEquiv>
            </TextLine>
            <TextLine id="r2l159" custom="readingOrder {index:158;}">
                <Coords points="1521,3317 2884,3269 2858,3236 2588,3235 1520,3281"/>
                <Baseline points="1530,3310 1597,3308 1664,3306 1731,3303 1799,3301 1866,3299 1933,3297 2000,3294 2068,3292 2135,3290 2202,3288 2269,3286 2337,3283 2404,3281 2471,3279 2538,3277 2606,3275 2673,3273 2740,3271 2807,3269 2875,3267"/>
                <TextEquiv>
                    <Unicode>Colbren, and produced at the Berkeley Lyceum, is not food for babes;</Unicode>
                </TextEquiv>
            </TextLine>
            <TextLine id="r2l160" custom="readingOrder {index:159;}">
                <Coords points="1513,3354 2878,3314 2877,3282 2731,3270 1512,3321"/>
                <Baseline points="1523,3347 1590,3345 1657,3344 1724,3341 1792,3339 1859,3337 1926,3335 1993,3332 2061,3330 2128,3328 2195,3325 2262,3323 2330,3321 2397,3318 2464,3316 2531,3314 2599,3312 2666,3310 2733,3309 2800,3307 2868,3306"/>
                <TextEquiv>
                    <Unicode>but no one can deny its tremendous power, and few will leave the little</Unicode>
                </TextEquiv>
            </TextLine>
            <TextLine id="r2l161" custom="readingOrder {index:160;}">
                <Coords points="1513,3387 2843,3355 2870,3314 1512,3357"/>
                <Baseline points="1523,3383 1589,3381 1656,3379 1723,3377 1790,3375 1857,3373 1924,3371 1991,3369 2058,3366 2125,3364 2192,3362 2258,3359 2325,3357 2392,3355 2459,3353 2526,3351 2593,3349 2660,3347 2727,3345 2794,3344 2861,3343"/>
                <TextEquiv>
                    <Unicode>Forty-fourth street playhouse without doing a great deal of thinking</Unicode>
                </TextEquiv>
            </TextLine>
            <TextLine id="r2l162" custom="readingOrder {index:161;}">
                <Coords points="1520,3419 2884,3382 2860,3348 2545,3349 1519,3396"/>
                <Baseline points="1530,3422 1597,3420 1664,3417 1731,3415 1799,3413 1866,3411 1933,3409 2000,3406 2068,3404 2135,3402 2202,3399 2269,3397 2337,3394 2404,3392 2471,3390 2538,3388 2606,3385 2673,3384 2740,3382 2807,3380 2875,3378"/>
                <TextEquiv>
                    <Unicode>for several hours. This is the play which gave Sorma her first real start</Unicode>
                </TextEquiv>
            </TextLine>
            <TextLine id="r2l163" custom="readingOrder {index:162;}">
                <Coords points="1512,3469 2879,3416 2878,3382 2600,3382 1511,3432"/>
                <Baseline points="1521,3460 1588,3458 1655,3456 1723,3454 1790,3451 1858,3449 1925,3447 1992,3444 2060,3442 2127,3439 2195,3437 2262,3435 2329,3433 2397,3430 2464,3427 2532,3425 2599,3423 2666,3421 2734,3418 2801,3416 2869,3414"/>
                <TextEquiv>
                    <Unicode>in Germany. The star part here is played by Katherine Grey, who has</Unicode>
                </TextEquiv>
            </TextLine>
            <TextLine id="r2l164" custom="readingOrder {index:163;}">
                <Coords points="1520,3502 2889,3452 2795,3417 1519,3466"/>
                <Baseline points="1529,3496 1596,3494 1664,3491 1731,3489 1799,3487 1866,3485 1934,3483 2001,3480 2069,3478 2136,3476 2204,3474 2271,3471 2339,3469 2406,3467 2474,3464 2541,3462 2609,3460 2676,3457 2744,3455 2811,3452 2879,3449"/>
                <TextEquiv>
                    <Unicode>done many excellent things, but nothing to compare with this. Her</Unicode>
                </TextEquiv>
            </TextLine>
            <TextLine id="r2l165" custom="readingOrder {index:164;}">
                <Coords points="1513,3532 2830,3503 2875,3457 1512,3500"/>
                <Baseline points="1523,3535 1590,3532 1657,3529 1724,3527 1791,3524 1859,3522 1926,3520 1993,3517 2060,3515 2127,3513 2195,3510 2262,3508 2329,3506 2396,3503 2463,3502 2531,3499 2598,3497 2665,3495 2732,3492 2799,3490 2867,3487"/>
                <TextEquiv>
                    <Unicode>expression of light-hearted youthfulness in the first act, and her tender,</Unicode>
                </TextEquiv>
            </TextLine>
            <TextLine id="r2l166" custom="readingOrder {index:165;}">
                <Coords points="1526,3584 2880,3533 2878,3496 2737,3491 1524,3537"/>
                <Baseline points="1535,3574 1601,3570 1668,3567 1735,3564 1802,3561 1868,3558 1935,3556 2002,3553 2069,3550 2135,3548 2202,3546 2269,3544 2336,3541 2402,3540 2469,3538 2536,3536 2603,3534 2669,3532 2736,3530 2803,3528 2870,3526"/>
                <TextEquiv>
                    <Unicode>girlish love for Fritz in the second, were beautifully shown; but in the final</Unicode>
                </TextEquiv>
            </TextLine>
            <TextLine id="r2l167" custom="readingOrder {index:166;}">
                <Coords points="1522,3607 2880,3567 2668,3533 1521,3588"/>
                <Baseline points="1531,3611 1601,3607 1671,3604 1742,3601 1812,3598 1883,3594 1953,3591 2024,3589 2094,3586 2165,3584 2235,3581 2306,3579 2376,3577 2447,3574 2517,3572 2588,3570 2658,3568 2729,3565 2799,3562 2870,3560"/>
                <TextEquiv>
                    <Unicode>great scene, where she learns of her lover’s death, she reached the pinnacle</Unicode>
                </TextEquiv>
            </TextLine>
            <TextLine id="r2l168" custom="readingOrder {index:167;}">
                <Coords points="1529,3663 2863,3609 2886,3561 1527,3612"/>
                <Baseline points="1537,3644 1604,3642 1671,3640 1738,3637 1805,3635 1872,3633 1939,3630 2006,3628 2073,3626 2140,3623 2208,3621 2275,3618 2342,3616 2409,3613 2476,3611 2543,3609 2610,3607 2677,3605 2744,3603 2811,3601 2879,3599"/>
                <TextEquiv>
                    <Unicode>of her art. Save for Nazimova, no actress on the stage this season has</Unicode>
                </TextEquiv>
            </TextLine>
            <TextLine id="r2l169" custom="readingOrder {index:168;}">
                <Coords points="1532,3696 2882,3654 2891,3600 1530,3656"/>
                <Baseline points="1541,3682 1608,3679 1675,3677 1742,3674 1809,3671 1876,3669 1943,3667 2010,3665 2077,3662 2144,3659 2212,3657 2279,3655 2346,3653 2413,3651 2480,3649 2547,3647 2614,3645 2681,3643 2748,3640 2815,3639 2883,3636"/>
                <TextEquiv>
                    <Unicode>given a finer performance. Phyllis Rankin proved how much timeshe has</Unicode>
                </TextEquiv>
            </TextLine>
            <TextLine id="r2l170" custom="readingOrder {index:169;}">
                <Coords points="1522,3710 2790,3688 2889,3682 2888,3650 1521,3690"/>
                <Baseline points="1531,3720 1598,3718 1665,3714 1733,3712 1800,3709 1868,3707 1935,3704 2002,3701 2070,3699 2137,3697 2205,3695 2272,3693 2339,3690 2407,3688 2474,3686 2542,3684 2609,3682 2676,3680 2744,3677 2811,3676 2879,3673"/>
                <TextEquiv>
                    <Unicode>wasted in the past in Casino productions, for her portraval of Milet was</Unicode>
                </TextEquiv>
            </TextLine>
            <TextLine id="r2l171" custom="readingOrder {index:170;}">
                <Coords points="1523,3772 2905,3709 2633,3679 1522,3729"/>
                <Baseline points="1531,3752 1599,3751 1667,3750 1735,3748 1803,3746 1872,3743 1940,3741 2008,3738 2076,3737 2144,3733 2213,3731 2281,3729 2349,3725 2417,3723 2485,3721 2554,3718 2622,3716 2690,3714 2758,3712 2826,3711 2895,3709"/>
                <TextEquiv>
                    <Unicode>excellent in every way. Robert Conness made a splendid Theodore, and</Unicode>
                </TextEquiv>
            </TextLine>
            <TextLine id="r2l172" custom="readingOrder {index:171;}">
                <Coords points="1523,3801 2885,3755 2825,3715 1522,3763"/>
                <Baseline points="1533,3790 1600,3789 1667,3786 1734,3784 1801,3782 1868,3780 1935,3778 2002,3775 2069,3774 2136,3771 2204,3769 2271,3767 2338,3764 2405,3762 2472,3760 2539,3757 2606,3755 2673,3753 2740,3750 2807,3747 2875,3745"/>
                <TextEquiv>
                    <Unicode>Albert Bruning, in a part which brought him into view for only a few</Unicode>
                </TextEquiv>
            </TextLine>
            <TextLine id="r2l173" custom="readingOrder {index:172;}">
                <Coords points="1530,3830 2890,3784 2748,3752 1529,3799"/>
                <Baseline points="1539,3827 1606,3825 1673,3823 1740,3821 1807,3819 1874,3816 1941,3814 2008,3812 2075,3809 2142,3807 2210,3805 2277,3802 2344,3800 2411,3798 2478,3795 2545,3793 2612,3791 2679,3789 2746,3786 2813,3785 2881,3783"/>
                <TextEquiv>
                    <Unicode>moments, created nothing short of a sensation. The balance of the cast</Unicode>
                </TextEquiv>
            </TextLine>
            <TextLine id="r2l174" custom="readingOrder {index:173;}">
                <Coords points="1533,3862 2895,3840 2893,3791 2722,3783 1532,3834"/>
                <Baseline points="1543,3863 1610,3862 1677,3860 1744,3858 1811,3857 1878,3854 1945,3852 2012,3850 2079,3847 2146,3845 2214,3842 2281,3840 2348,3837 2415,3835 2482,3833 2549,3831 2616,3828 2683,3827 2750,3825 2817,3824 2885,3823"/>
                <TextEquiv>
                    <Unicode>was adequate. The lighting was particularly poor, and it will be a pity</Unicode>
                </TextEquiv>
            </TextLine>
            <TextLine id="r2l175" custom="readingOrder {index:174;}">
                <Coords points="1531,3918 2763,3867 2731,3831 1529,3865"/>
                <Baseline points="1540,3900 1600,3898 1661,3897 1721,3895 1782,3893 1843,3891 1903,3889 1964,3887 2025,3886 2085,3883 2146,3881 2207,3880 2267,3878 2328,3875 2389,3874 2449,3872 2510,3869 2571,3867 2631,3864 2692,3861 2753,3859"/>
                <TextEquiv>
                    <Unicode>if this heart-breaking drama is not given later on in a larger theatre.</Unicode>
                </TextEquiv>
            </TextLine>
            <TextLine id="r2l176" custom="readingOrder {index:175;}">
                <Coords points="2590,3908 2645,3920 2671,3920 2682,3910 2724,3920 2776,3904 2827,3910 2853,3902 2852,3857 2826,3869 2798,3868 2788,3858 2741,3873 2722,3866 2589,3871"/>
                <Baseline points="2599,3898 2626,3900 2653,3900 2680,3899 2707,3898 2734,3897 2761,3896 2788,3895 2815,3895 2843,3895"/>
                <TextEquiv>
                    <Unicode>The Stroller.</Unicode>
                </TextEquiv>
            </TextLine>
            <TextLine id="r2l177" custom="readingOrder {index:176;}">
                <Coords points="1595,4068 2392,4080 2545,4007 2874,4073 3114,4030 3113,3985 2944,3922 2841,3966 2244,3930 1594,3986"/>
                <Baseline points="1604,4059 1679,4060 1754,4060 1829,4059 1904,4059 1979,4058 2054,4056 2129,4055 2204,4053 2279,4052 2354,4050 2429,4049 2504,4048 2579,4047 2654,4046 2729,4045 2804,4045 2879,4046 2954,4047 3029,4048 3104,4050"/>
                <TextEquiv>
                    <Unicode> Geffe</Unicode>
                </TextEquiv>
            </TextLine>
            <TextEquiv>
                <Unicode>THE GERMAN PLAVS,
Mautaad.
First performance of Herr Schnitzler’s famous play
 Liebelei.“
Liebelei' is a simple titleto a simple and pathetic
storv. There is no real equivalent to the German term
in English, flirtation' may come nearest to it, and
get in the Germanword their lies a deeper meaning.
GERMAN PLAYS.
A meaning which ie masterfully developed in the
plav, so simple, so natural, so intensely Luman,
The Liebler of Herr Schnitzler teaches the
and for this very reason so powerful, se truc. Aye,
same moral lesson, by different dramatie means, as
gberein lies the great strength of the play, that it is
Alfred de Musset’s well-named Oa ne Badine pas arec
absolutely trueto human nature; no chance, no false
T'dmour, and it throws discredit on the philosophy of
pathos, everything runs its course inevitably to the
one of the characters in the piece, Theodor Kaiser,
tragie end. Thus, and only thus, it could be. It is
who, to cure a friend, Fritz Lobheimer, of
the old, old story of love and sorrow as it
his passion for a married woman inculeates
is lived day by day among rich and poor:
the novel maxim that to have some chance of
it is, in fact, lifc on the stage. The hand
happiness in life, a man should“ hate the woman he
of a master has drawn these characters; Fritz and
loves, and love the woman he does not care for.“
Theodor, the two friends so unlike each other, the
Thus he will avoid the perils of what Stendhal, in his
former inclined to take life and love seriously, the
treatise on love, calls 7e coup de Jbudre, while securing
latter trifling with life and love; Christine, the bud¬
for himself the pleasures of a very agrecable pastime.
The dramatist has spared us the spectacle of Herr
ding flower, living her first life of love and sorrow
Lobheimer’s love-making with the married lady.
of which she perishes, and Mizi, the light-hearted
But the inconveniences and dangers of the
milliner, whose life is alrcady stripped of its first
situation are well brought out in a con¬
flower, and old Weiring, Christine's father, we meet
versation between the two men; and, to save
them at almost every step we take, if only we walk
his susceptible friend from possibly tragic conse¬
along with our eves open.
quences, the cynical paradox-monger introduces him to
„
This play was for the first time presented to us be
an interesting young girl, who, he hopes, will inspire
the German company last night. And it was a rare
him with nothing more serious than Stendhal’s No. 2
formof affection, labelled amour-cuprice, or, at most,
enjoyment to see this perfect play perfectly rendcred.
F
the No. 3 form, rising to the dignity of amour-gout.
That Fraulein Nilasson is an actress of remarkable,
without reaching the higher development named
nay, great, gifts, I had already beon coslvinced of by
amour-sympathte, still less the exalted and
her impersonation of Magda and Elisabeth (“ Gluck
overwhelming one of amour-passton. Christine,
im Winkel*). But 1 had not as vet trusted hei
daughter of an unsuccessful musician, is a poor but
the power and depth of feeling she displaye
pretty girl, who may be loved without danger or incon¬
part of Christine. She found a worthy p
venience of anv kind, and the professor of the amatory
Herr Andresen, who gave an exzellent and
art, the specialist in connection with the love malady,
like rendering of the part of Fritz. Frau
 proposes, by means ofsuch charms as she possesses, to
man, as Mizi Schlager, was charmingly vivaci
cure Fritz, homcopathically, of His fatal infatuation.
Unhappily. however, the case has not been taken in
lively, and Herr Schindler, too, was very praise¬
hand quite soon enough. Christine and an attractive
worthy in the part of Theodor, his best moments
voung friend of hers have come to visit Fritz, and are
being in the first act.
* „
being entertained by him ab supper, when an
 Liebelei was followed by a charming and m
unexpected and unwelcume stranger arrives in
amusing one-act comedy, Die Schulreiterin,“
the person of the injured husband. The feast
Emil Pohl, in which Fraculein Nilasson, H
termmnates likethe last feast of Don Juan—interrupted
litzsch, Andresen, and Schindler to
bythe sudden appearance of the statue of the Com¬
Worlitzsch had again a chance of di
mander; and before the curtain falis Fritz has promised
to remain at home the next morning in order to receive
histrionic talents in the part of E
the husband’s seconds.
ingshausen, in which he is inimit
The second act is of idyllic character and very
Nilasson quite surprised us bythe
charming. Fritz has not merely formed a caprice for
way in which she acted the Bai
the young girl who was to have played the part of a
considering the great strain her
lightning conductor in presencc of the menacing
necessarily have put on her. Her
thunderbolt. He has taken a fancy to her, and
delightful sketch of the amorous butle
she is gradually inspiring him with sympathy.
Schindler was all that could be wished in the part
She, on her side, has fallen sincerely in love with Fritz;
ihe Baron.
hoping, though not too confidently, that he in return
may take some little interest in her. But days pass,
and she sees nothing of him. Christine is now (Act III.)
disconsolate and in dread of a coming misfortune.
ce
Suddenlyshe hears that Fritz has been killed in aduel.
He has died without leaving! rawerdoffarewell. He
and his love-passages
has died for another woma
sion. She cannot even
with her had been mere die
these two days. She is
see him; he has been burie
lot go to his grave, since
Weste
told, moreover, that she mi
1#I will ge
ung for him.
his relations may be there
ri, but not to pray; and
to his grave,“ cries the pe
urries out in a paroxysm
herold father exclaims,a
#urn. The whole ofthis
of grief, that she will ne
onthe part of the
last act is a piece of in
plays it like an inspired
author, and Fränlein!
ets are interesting, and
actress. The two pre
to the final one. But
well contrived as prei
anc than the two others,
the third act is onal
even as in real life the
though naturally led
e purely trivial.
tragic may be preced¬
senue (Zirl? ie a ono-ont
Victör Herber nusic is pleasing, but not inspiring.
The Lobby Lounger.
ROUND ABoUT THE THEATRES
Wx may or e may not be quite ready for many of the modern school
of German d natists in this country, and a play like Schnitzler’s  The
Reckoning,“ich has been admirably translated by Grace Isabel“
Colbren, and produced at the Berkeley Lyceum, is not food for babes;
but no one can deny its tremendous power, and few will leave the little
Forty-fourth street playhouse without doing a great deal of thinking
for several hours. This is the play which gave Sorma her first real start
in Germany. The star part here is played by Katherine Grey, who has
done many excellent things, but nothing to compare with this. Her
expression of light-hearted youthfulness in the first act, and her tender,
girlish love for Fritz in the second, were beautifully shown; but in the final
great scene, where she learns of her lover’s death, she reached the pinnacle
of her art. Save for Nazimova, no actress on the stage this season has
given a finer performance. Phyllis Rankin proved how much timeshe has
wasted in the past in Casino productions, for her portraval of Milet was
excellent in every way. Robert Conness made a splendid Theodore, and
Albert Bruning, in a part which brought him into view for only a few
moments, created nothing short of a sensation. The balance of the cast
was adequate. The lighting was particularly poor, and it will be a pity
if this heart-breaking drama is not given later on in a larger theatre.
The Stroller.
 Geffe</Unicode>
            </TextEquiv>
        </TextRegion>
    </Page>
</PcGts>
