<?xml version="1.0" encoding="UTF-8" standalone="yes"?>
<PcGts xmlns="http://schema.primaresearch.org/PAGE/gts/pagecontent/2013-07-15" xmlns:xsi="http://www.w3.org/2001/XMLSchema-instance" xsi:schemaLocation="http://schema.primaresearch.org/PAGE/gts/pagecontent/2013-07-15 http://schema.primaresearch.org/PAGE/gts/pagecontent/2013-07-15/pagecontent.xsd">
    <Metadata>
        <Creator>prov=University of Rostock/Institute of Mathematics/CITlab/Gundram Leifert/gundram.leifert@uni-rostock.de:name=ONB_Newseye_GT_M1+(htr_id=10810)::::v=2.4.2
prov=University of Rostock/Institute of Mathematics/CITlab/Tobias Gruening/tobias.gruening@uni-rostock.de:name=de.uros.citlab.module.baseline2polygon.B2PSeamMultiOriented:v=2.4.2
prov=University of Rostock/Institute of Mathematics/CITlab/Tobias Gruening/tobias.gruening@uni-rostock.de:name=/mnt/transkribus/LA/DEA/URO/LA_news_onb_att.pb:de.uros.citlab.segmentation.CITlab_LA_ML:v=2.4.2
Transkribus</Creator>
        <Created>2019-10-07T11:54:57.979+02:00</Created>
        <LastChange>2019-10-09T07:10:27.359+02:00</LastChange>
        <TranskribusMetadata docId="223992" pageId="9508254" pageNr="761" tsid="16625187" status="IN_PROGRESS" userId="40391" imgUrl="https://files.transkribus.eu/Get?id=NNUOHISCNHJLASHMIJCNEMZL&amp;fileType=view" xmlUrl="https://files.transkribus.eu/Get?id=EYENRFTEWSBGRILEFWFWLKCJ" imageId="6197653"/>
    </Metadata>
    <Page imageFilename="223992_0761.jpeg" imageWidth="3436" imageHeight="4224">
        <ReadingOrder>
            <OrderedGroup id="ro_1711445987417" caption="Regions reading order">
                <RegionRefIndexed index="0" regionRef="r1"/>
            </OrderedGroup>
        </ReadingOrder>
        <TextRegion orientation="0.0" id="r1" custom="readingOrder {index:0;}">
            <Coords points="228,235 228,2704 2962,2704 2962,235"/>
            <TextLine id="r1l1" custom="readingOrder {index:0;}">
                <Coords points="213,265 243,262 288,295 360,264 759,273 759,207 428,194 347,228 287,202 212,220"/>
                <Baseline points="228,255 253,259 279,262 305,264 331,266 357,267 383,267 408,267 434,266 460,266 486,265 512,264 538,262 564,262 589,260 615,259 641,259 667,259 693,259 719,260 745,262"/>
                <TextEquiv>
                    <Unicode>5. Liebelei</Unicode>
                </TextEquiv>
            </TextLine>
            <TextLine id="r1l2" custom="readingOrder {index:1;}">
                <Coords points="401,306 1368,287 1366,218 1312,198 939,206 811,258 400,264"/>
                <Baseline points="414,282 460,285 507,286 554,287 601,288 648,287 695,286 742,284 789,282 836,280 883,278 929,275 976,273 1023,271 1070,270 1117,269 1164,269 1211,269 1258,270 1305,272 1352,276"/>
                <TextEquiv>
                    <Unicode>EEREL box 11/2</Unicode>
                </TextEquiv>
            </TextLine>
            <TextLine id="r1l3" custom="readingOrder {index:2;}">
                <Coords points="1735,688 2900,709 2945,688 2946,625 1874,648 1736,610"/>
                <Baseline points="1750,673 1809,674 1868,675 1927,676 1986,677 2045,678 2104,679 2163,680 2222,681 2281,681 2340,682 2399,683 2458,684 2517,685 2576,686 2635,686 2694,687 2753,689 2812,690 2871,691 2931,692"/>
                <TextEquiv>
                    <Unicode>dem „reinlichen Zimmer“ der kleinen Christine spielt, kam eine</Unicode>
                </TextEquiv>
            </TextLine>
            <TextLine id="r1l4" custom="readingOrder {index:3;}">
                <Coords points="1740,720 2692,752 2948,722 2924,683 1740,681"/>
                <Baseline points="1756,718 1814,719 1873,721 1932,722 1991,723 2050,724 2109,725 2167,726 2226,726 2285,727 2344,728 2403,728 2462,729 2521,729 2579,730 2638,730 2697,731 2756,731 2815,732 2874,732 2933,733"/>
                <TextEquiv>
                    <Unicode>stark wirkende Einheit von realistischer Illusion und mitschwingen¬</Unicode>
                </TextEquiv>
            </TextLine>
            <TextLine id="r1l5" custom="readingOrder {index:4;}">
                <Coords points="1743,771 2932,792 2933,738 2852,728 1744,726"/>
                <Baseline points="1758,761 1819,762 1880,763 1941,764 2002,765 2063,766 2124,767 2185,768 2246,769 2307,770 2368,771 2429,772 2490,773 2551,774 2612,774 2673,775 2734,776 2795,777 2856,777 2917,778"/>
                <TextEquiv>
                    <Unicode>den Imponderabilien zustande, während im ersten Aufzug die</Unicode>
                </TextEquiv>
            </TextLine>
            <TextLine id="r1l6" custom="readingOrder {index:5;}">
                <Coords points="1744,810 2933,840 2934,795 1744,771"/>
                <Baseline points="1760,807 1817,807 1875,807 1933,808 1991,808 2049,809 2107,810 2164,810 2222,811 2280,812 2338,813 2396,813 2454,814 2512,815 2569,816 2627,817 2685,817 2743,819 2801,819 2859,820 2917,821"/>
                <TextEquiv>
                    <Unicode>Fäden wohl noch etwas straffer zusammengezogen werden könnten.</Unicode>
                </TextEquiv>
            </TextLine>
            <TextLine id="r1l7" custom="readingOrder {index:6;}">
                <Coords points="1747,850 2946,879 2946,821 1748,810"/>
                <Baseline points="1762,847 1820,849 1878,850 1937,851 1995,853 2054,854 2112,855 2170,856 2229,856 2287,857 2346,857 2404,858 2462,858 2521,859 2579,859 2638,860 2696,860 2754,861 2813,861 2871,862 2930,863"/>
                <TextEquiv>
                    <Unicode>Dieser Eindruck lag indes vielleicht an der noch unsicheren, matten</Unicode>
                </TextEquiv>
            </TextLine>
            <TextLine id="r1l8" custom="readingOrder {index:7;}">
                <Coords points="1745,911 2901,920 2947,878 1745,854"/>
                <Baseline points="1759,894 1817,894 1876,895 1934,895 1993,896 2052,896 2110,897 2169,898 2228,898 2286,899 2345,900 2404,901 2462,902 2521,902 2580,903 2638,903 2697,904 2756,904 2814,904 2873,905 2932,905"/>
                <TextEquiv>
                    <Unicode>Technik des Vertreters der männlichen Hauptr le. Der homo</Unicode>
                </TextEquiv>
            </TextLine>
            <TextLine id="r1l9" custom="readingOrder {index:8;}">
                <Coords points="1736,948 2932,962 2932,914 2689,897 1872,913 1737,879"/>
                <Baseline points="1752,937 1810,938 1868,939 1926,939 1985,940 2043,941 2101,941 2160,942 2218,942 2276,942 2335,943 2393,943 2451,943 2509,944 2568,944 2626,945 2684,946 2743,947 2801,948 2859,949 2918,951"/>
                <TextEquiv>
                    <Unicode>novus Herr Eugen Dumont verlor in dem Streben, verhaute¬</Unicode>
                </TextEquiv>
            </TextLine>
            <TextLine id="r1l10" custom="readingOrder {index:9;}">
                <Coords points="1748,986 2938,991 2917,955 1749,941"/>
                <Baseline points="1762,979 1820,981 1878,982 1936,983 1994,984 2052,985 2110,986 2168,987 2226,987 2284,988 2342,988 2400,988 2458,989 2516,989 2574,989 2632,990 2690,990 2748,990 2806,991 2864,991 2923,992"/>
                <TextEquiv>
                    <Unicode>nes Empfinden zum Ausdruck zu bringen, die Hauptsache: eben</Unicode>
                </TextEquiv>
            </TextLine>
            <TextLine id="r1l11" custom="readingOrder {index:10;}">
                <Coords points="565,1042 677,1007 1437,1032 1590,1020 1632,972 938,942 566,988"/>
                <Baseline points="581,1011 632,1009 684,1008 736,1007 788,1007 840,1007 891,1007 943,1007 995,1007 1047,1008 1099,1008 1150,1009 1202,1009 1254,1010 1306,1011 1358,1011 1409,1012 1461,1012 1513,1012 1565,1012 1617,1011"/>
                <TextEquiv>
                    <Unicode># Kammerspiele des Deutscen Theaters.</Unicode>
                </TextEquiv>
            </TextLine>
            <TextLine id="r1l12" custom="readingOrder {index:11;}">
                <Coords points="1736,1036 2974,1038 2944,987 1737,988"/>
                <Baseline points="1750,1023 1810,1024 1870,1025 1931,1026 1991,1027 2052,1028 2112,1029 2173,1030 2233,1031 2294,1032 2354,1033 2414,1033 2475,1034 2535,1034 2596,1035 2656,1035 2717,1034 2777,1034 2838,1033 2898,1032 2959,1031"/>
                <TextEquiv>
                    <Unicode>das Empfinden selbst, das wir unter der Hülle trüber Ahnungen</Unicode>
                </TextEquiv>
            </TextLine>
            <TextLine id="r1l13" custom="readingOrder {index:12;}">
                <Coords points="636,1051 1120,1086 1351,1052 1745,1070 1745,1022 1685,1010 1306,1039 637,1009"/>
                <Baseline points="650,1055 704,1056 758,1058 812,1058 866,1060 920,1061 974,1062 1028,1063 1082,1063 1136,1064 1190,1065 1244,1065 1298,1065 1352,1066 1406,1066 1460,1066 1514,1066 1568,1066 1622,1065 1676,1065 1730,1064"/>
                <TextEquiv>
                    <Unicode>* Mit Arthur Schnitzlers „Liebelei“ kam uns</Unicode>
                </TextEquiv>
            </TextLine>
            <TextLine id="r1l14" custom="readingOrder {index:13;}">
                <Coords points="1736,1064 2947,1073 2920,1040 2725,1033 1737,1031"/>
                <Baseline points="1752,1069 1811,1070 1870,1070 1929,1071 1988,1072 2047,1072 2106,1073 2165,1073 2224,1074 2283,1074 2342,1075 2401,1075 2460,1076 2519,1076 2578,1076 2637,1076 2696,1076 2755,1076 2814,1075 2873,1075 2932,1074"/>
                <TextEquiv>
                    <Unicode>und dem Deckmantel weltmännischer Reserviertheit doch lebendiger</Unicode>
                </TextEquiv>
            </TextLine>
            <TextLine id="r1l15" custom="readingOrder {index:14;}">
                <Coords points="543,1113 1745,1114 1745,1072 1514,1058 544,1065"/>
                <Baseline points="558,1101 616,1102 675,1103 733,1104 792,1105 851,1106 909,1107 968,1107 1027,1108 1085,1109 1144,1109 1203,1110 1261,1110 1320,1110 1379,1111 1437,1111 1496,1111 1555,1111 1613,1111 1672,1111 1731,1110"/>
                <TextEquiv>
                    <Unicode>Berlinern vor einem Dutzend Jahlen die erste eindrücksvolle Kunde</Unicode>
                </TextEquiv>
            </TextLine>
            <TextLine id="r1l16" custom="readingOrder {index:15;}">
                <Coords points="1738,1106 2958,1135 2928,1075 1739,1064"/>
                <Baseline points="1754,1111 1813,1112 1872,1112 1932,1113 1991,1114 2051,1115 2110,1116 2169,1117 2229,1118 2288,1118 2348,1119 2407,1120 2466,1121 2526,1121 2585,1121 2645,1122 2704,1121 2763,1121 2823,1121 2882,1120 2942,1119"/>
                <TextEquiv>
                    <Unicode>herausfühlen möchten. Möglich, daß er noch tiefer in die Rolle</Unicode>
                </TextEquiv>
            </TextLine>
            <TextLine id="r1l17" custom="readingOrder {index:16;}">
                <Coords points="549,1137 1750,1171 1751,1111 550,1101"/>
                <Baseline points="565,1146 623,1147 682,1147 740,1148 799,1149 858,1149 916,1150 975,1151 1033,1152 1092,1153 1151,1153 1209,1154 1268,1154 1326,1155 1385,1155 1444,1155 1502,1155 1561,1155 1619,1155 1678,1155 1737,1154"/>
                <TextEquiv>
                    <Unicode>von der modernen Wiener Art, von ihrer müden Anmut und</Unicode>
                </TextEquiv>
            </TextLine>
            <TextLine id="r1l18" custom="readingOrder {index:17;}">
                <Coords points="1742,1175 2958,1179 2959,1134 1742,1115"/>
                <Baseline points="1757,1153 1816,1155 1875,1156 1934,1157 1994,1158 2053,1159 2112,1160 2172,1161 2231,1161 2290,1162 2350,1163 2409,1164 2468,1164 2527,1165 2587,1165 2646,1165 2705,1166 2765,1166 2824,1166 2883,1166 2943,1166"/>
                <TextEquiv>
                    <Unicode>hineinwächst. Gestern stand er veit zurück gegen Fräulein</Unicode>
                </TextEquiv>
            </TextLine>
            <TextLine id="r1l19" custom="readingOrder {index:18;}">
                <Coords points="545,1203 2954,1213 546,1134"/>
                <Baseline points="561,1190 679,1191 798,1191 917,1192 1036,1193 1155,1194 1274,1195 1393,1196 1512,1198 1631,1199 1750,1200 1868,1202 1987,1203 2106,1204 2225,1205 2344,1206 2463,1207 2582,1208 2701,1208 2820,1208 2939,1208"/>
                <TextEquiv>
                    <Unicode>ihrem melanchalisch lächelnden Lyrismus, von ihrem subtilen, be= Höflich, die für die Gestalt der Christine alles mitbringt,</Unicode>
                </TextEquiv>
            </TextLine>
            <TextLine id="r1l20" custom="readingOrder {index:19;}">
                <Coords points="547,1219 2941,1253 547,1195"/>
                <Baseline points="562,1235 680,1235 798,1236 916,1237 1035,1238 1153,1239 1271,1240 1389,1241 1508,1242 1626,1243 1744,1244 1862,1246 1981,1247 2099,1248 2217,1249 2335,1250 2454,1251 2572,1253 2690,1254 2808,1255 2927,1256"/>
                <TextEquiv>
                    <Unicode>hutsamen Spie mit zart verästelten seelischen Vorgängen undleidenschaftliche Hingebung, die aus dem heeben Kern jungfräu¬</Unicode>
                </TextEquiv>
            </TextLine>
            <TextLine id="r1l21" custom="readingOrder {index:20;}">
                <Coords points="551,1283 1713,1299 1753,1245 551,1238"/>
                <Baseline points="567,1279 625,1279 684,1279 742,1279 801,1280 859,1280 918,1281 976,1281 1035,1282 1093,1282 1152,1283 1210,1283 1269,1284 1327,1284 1386,1284 1444,1285 1503,1285 1561,1285 1620,1285 1678,1284 1737,1284"/>
                <TextEquiv>
                    <Unicode>Beziehungen und von der freien Leichtigkeit ihres Ausdrucks, die so</Unicode>
                </TextEquiv>
            </TextLine>
            <TextLine id="r1l22" custom="readingOrder {index:21;}">
                <Coords points="1741,1293 2849,1308 2948,1297 2949,1255 1741,1239"/>
                <Baseline points="1757,1286 1815,1287 1874,1288 1933,1290 1992,1291 2051,1292 2109,1292 2168,1293 2227,1293 2286,1293 2345,1294 2403,1294 2462,1294 2521,1294 2580,1295 2639,1295 2697,1295 2756,1296 2815,1296 2874,1297 2933,1298"/>
                <TextEquiv>
                    <Unicode>lichen Stolzes sich auf Geheiß einer Naturgewalt loslöst, die Glut</Unicode>
                </TextEquiv>
            </TextLine>
            <TextLine id="r1l23" custom="readingOrder {index:22;}">
                <Coords points="551,1323 2923,1367 2957,1295 551,1281"/>
                <Baseline points="566,1323 684,1323 803,1323 922,1323 1041,1324 1160,1325 1279,1326 1397,1327 1516,1328 1635,1329 1754,1330 1873,1332 1992,1333 2111,1334 2229,1335 2348,1336 2467,1337 2586,1338 2705,1339 2824,1339 2943,1340"/>
                <TextEquiv>
                    <Unicode>naiv scheint und in Vahrheit doch nur aus der formalen Sicher= des innigsten Gefühls, die scheu verborgen sich entzündet und das</Unicode>
                </TextEquiv>
            </TextLine>
            <TextLine id="r1l24" custom="readingOrder {index:23;}">
                <Coords points="552,1373 1745,1373 1745,1334 1595,1326 553,1325"/>
                <Baseline points="567,1369 625,1368 683,1367 741,1366 799,1366 857,1366 915,1366 974,1367 1032,1368 1090,1368 1148,1369 1206,1370 1264,1371 1322,1371 1381,1372 1439,1373 1497,1373 1555,1373 1613,1373 1671,1372 1730,1371"/>
                <TextEquiv>
                    <Unicode>heit entspringt, die ne reife Kultur gewährt. Schnitzlers dra¬</Unicode>
                </TextEquiv>
            </TextLine>
            <TextLine id="r1l25" custom="readingOrder {index:24;}">
                <Coords points="1743,1379 2782,1405 2959,1395 2960,1359 1743,1331"/>
                <Baseline points="1758,1375 1817,1375 1876,1375 1935,1376 1995,1376 2054,1377 2113,1377 2173,1378 2232,1379 2291,1379 2351,1380 2410,1381 2469,1381 2528,1382 2588,1383 2647,1383 2706,1384 2766,1385 2825,1385 2884,1386 2944,1386"/>
                <TextEquiv>
                    <Unicode>ganze Gehäuse der Seele in Brand setzt, und die wehe, zuckende</Unicode>
                </TextEquiv>
            </TextLine>
            <TextLine id="r1l26" custom="readingOrder {index:25;}">
                <Coords points="542,1413 1747,1425 1747,1373 543,1371"/>
                <Baseline points="556,1409 614,1409 673,1410 732,1410 791,1410 849,1411 908,1411 967,1412 1026,1412 1084,1412 1143,1413 1202,1414 1261,1414 1319,1414 1378,1415 1437,1415 1496,1416 1554,1416 1613,1416 1672,1417 1731,1417"/>
                <TextEquiv>
                    <Unicode>matischer Erstling ist bis heute der blutvollste und gesündeste</Unicode>
                </TextEquiv>
            </TextLine>
            <TextLine id="r1l27" custom="readingOrder {index:26;}">
                <Coords points="1743,1421 2942,1441 2942,1384 1744,1376"/>
                <Baseline points="1757,1416 1815,1417 1874,1417 1932,1418 1991,1419 2049,1419 2108,1420 2166,1421 2225,1422 2283,1423 2342,1424 2400,1425 2459,1426 2517,1427 2576,1427 2634,1428 2693,1428 2751,1428 2810,1428 2868,1428 2927,1428"/>
                <TextEquiv>
                    <Unicode>Angst eines verwundeten Herzens. Mit nicht geringem Kunst¬</Unicode>
                </TextEquiv>
            </TextLine>
            <TextLine id="r1l28" custom="readingOrder {index:27;}">
                <Coords points="540,1450 1745,1460 1745,1418 541,1413"/>
                <Baseline points="555,1451 613,1451 672,1452 731,1452 789,1453 848,1454 907,1455 965,1455 1024,1456 1083,1457 1142,1458 1200,1458 1259,1459 1318,1459 1376,1460 1435,1460 1494,1460 1552,1460 1611,1460 1670,1459 1729,1458"/>
                <TextEquiv>
                    <Unicode>Vertreter dieser Gattung geblieben, die sich nur zu oft in gestalt¬</Unicode>
                </TextEquiv>
            </TextLine>
            <TextLine id="r1l29" custom="readingOrder {index:28;}">
                <Coords points="1738,1478 2949,1465 2949,1414 1739,1421"/>
                <Baseline points="1754,1458 1813,1460 1872,1461 1931,1463 1990,1464 2049,1465 2108,1465 2167,1466 2226,1467 2285,1467 2344,1468 2403,1468 2462,1468 2521,1468 2580,1469 2639,1469 2698,1469 2757,1470 2816,1470 2875,1470 2934,1471"/>
                <TextEquiv>
                    <Unicode>verstand überwand sie die großen Schwierigkeiten der etwas lang</Unicode>
                </TextEquiv>
            </TextLine>
            <TextLine id="r1l30" custom="readingOrder {index:29;}">
                <Coords points="537,1495 1745,1517 1730,1456 538,1459"/>
                <Baseline points="552,1495 610,1495 669,1495 728,1495 787,1495 846,1496 905,1497 963,1498 1022,1499 1081,1499 1140,1500 1199,1501 1258,1502 1317,1503 1375,1504 1434,1504 1493,1504 1552,1504 1611,1504 1670,1504 1729,1503"/>
                <TextEquiv>
                    <Unicode>loses Tändeln und dekadente Weichlichkeit verlor, oder in einer</Unicode>
                </TextEquiv>
            </TextLine>
            <TextLine id="r1l31" custom="readingOrder {index:30;}">
                <Coords points="1743,1507 2830,1532 2947,1521 2948,1467 1743,1459"/>
                <Baseline points="1758,1501 1816,1504 1875,1506 1933,1507 1992,1509 2051,1510 2109,1510 2168,1511 2227,1511 2285,1512 2344,1512 2403,1512 2461,1512 2520,1512 2579,1513 2637,1513 2696,1514 2755,1514 2813,1515 2872,1516 2931,1518"/>
                <TextEquiv>
                    <Unicode>gezerrten, fast monologischen Schlußexklamation durch ein</Unicode>
                </TextEquiv>
            </TextLine>
            <TextLine id="r1l32" custom="readingOrder {index:31;}">
                <Coords points="549,1539 1745,1552 1745,1507 1634,1500 550,1497"/>
                <Baseline points="563,1540 621,1540 679,1540 737,1540 796,1540 854,1541 912,1541 971,1542 1029,1543 1087,1543 1146,1544 1204,1545 1262,1545 1320,1546 1379,1547 1437,1547 1495,1547 1554,1547 1612,1547 1670,1547 1729,1546"/>
                <TextEquiv>
                    <Unicode>hitzigen Hypertrophie den unzulänglichen Ersatz für angeborene</Unicode>
                </TextEquiv>
            </TextLine>
            <TextLine id="r1l33" custom="readingOrder {index:32;}">
                <Coords points="1738,1550 2946,1559 2946,1520 2712,1506 1739,1505"/>
                <Baseline points="1752,1546 1814,1547 1876,1548 1938,1549 2000,1550 2062,1551 2124,1552 2186,1552 2248,1553 2310,1554 2372,1554 2434,1555 2496,1555 2558,1555 2620,1556 2682,1557 2744,1557 2806,1558 2868,1558 2931,1559"/>
                <TextEquiv>
                    <Unicode>Wechselspiel von Retardation und Steigerungd kstase. Ihr</Unicode>
                </TextEquiv>
            </TextLine>
            <TextLine id="r1l34" custom="readingOrder {index:33;}">
                <Coords points="542,1585 1746,1596 1728,1550 542,1546"/>
                <Baseline points="558,1583 616,1582 675,1582 734,1582 792,1582 851,1582 910,1583 968,1583 1027,1584 1086,1585 1145,1586 1203,1587 1262,1587 1321,1588 1379,1589 1438,1589 1497,1590 1555,1590 1614,1590 1673,1590 1732,1589"/>
                <TextEquiv>
                    <Unicode>poetische Energien suchte. Dies Trauerspiel des verratenen kleinen</Unicode>
                </TextEquiv>
            </TextLine>
            <TextLine id="r1l35" custom="readingOrder {index:34;}">
                <Coords points="1743,1589 2948,1600 2948,1561 2837,1542 1744,1550"/>
                <Baseline points="1758,1591 1816,1592 1875,1593 1934,1594 1993,1595 2052,1595 2110,1596 2169,1596 2228,1597 2287,1597 2346,1597 2404,1598 2463,1598 2522,1599 2581,1599 2640,1600 2698,1600 2757,1601 2816,1601 2875,1602 2934,1603"/>
                <TextEquiv>
                    <Unicode>Widerspiel, die lockere Mizi, war bei Fräulein Berger nicht</Unicode>
                </TextEquiv>
            </TextLine>
            <TextLine id="r1l36" custom="readingOrder {index:35;}">
                <Coords points="540,1623 1753,1645 1735,1591 540,1584"/>
                <Baseline points="554,1626 613,1626 672,1626 731,1627 790,1627 850,1628 909,1628 968,1629 1027,1629 1086,1630 1146,1630 1205,1631 1264,1632 1323,1632 1382,1633 1442,1633 1501,1633 1560,1634 1619,1634 1678,1634 1738,1634"/>
                <TextEquiv>
                    <Unicode>Mäbels, dem tiefste Herzensnot und Sinn des Lebens ist, was</Unicode>
                </TextEquiv>
            </TextLine>
            <TextLine id="r1l37" custom="readingOrder {index:36;}">
                <Coords points="1739,1644 2944,1631 2923,1595 1740,1586"/>
                <Baseline points="1754,1634 1812,1635 1871,1636 1930,1637 1988,1637 2047,1638 2106,1639 2164,1639 2223,1639 2282,1640 2341,1640 2399,1640 2458,1641 2517,1641 2575,1641 2634,1642 2693,1642 2751,1642 2810,1643 2869,1643 2928,1644"/>
                <TextEquiv>
                    <Unicode>sonderlich gut aufgehoben. Hier ward für eine fesche kleine Wiener</Unicode>
                </TextEquiv>
            </TextLine>
            <TextLine id="r1l38" custom="readingOrder {index:37;}">
                <Coords points="536,1690 2948,1694 2948,1628 536,1623"/>
                <Baseline points="552,1669 671,1670 790,1671 909,1672 1028,1673 1147,1673 1266,1674 1385,1675 1504,1676 1623,1677 1743,1678 1862,1679 1981,1680 2100,1681 2219,1682 2338,1683 2457,1684 2576,1685 2695,1687 2814,1688 2934,1689"/>
                <TextEquiv>
                    <Unicode>ihrem Liebsten nicht viel mehr als einen holden Zeitvertreib be¬ Modistin zu viel Routine und zu wenig dralle Frische ins Feld</Unicode>
                </TextEquiv>
            </TextLine>
            <TextLine id="r1l39" custom="readingOrder {index:38;}">
                <Coords points="539,1719 2948,1746 2918,1682 539,1689"/>
                <Baseline points="554,1715 673,1715 792,1716 911,1716 1030,1717 1149,1717 1268,1718 1387,1719 1506,1720 1625,1720 1744,1721 1863,1722 1982,1723 2101,1724 2220,1724 2339,1725 2458,1726 2577,1727 2696,1728 2815,1728 2934,1729"/>
                <TextEquiv>
                    <Unicode>deutet, hat bei aller schwebenden Träumerei in den einfachen geführt. Herr Ekert, dem die dankbare Rolle des herzigen</Unicode>
                </TextEquiv>
            </TextLine>
            <TextLine id="r1l40" custom="readingOrder {index:39;}">
                <Coords points="529,1773 2929,1783 529,1713"/>
                <Baseline points="545,1758 663,1759 781,1760 900,1760 1018,1761 1137,1762 1255,1762 1374,1763 1492,1764 1611,1764 1729,1765 1847,1766 1966,1766 2084,1767 2203,1768 2321,1769 2440,1770 2558,1771 2677,1772 2795,1774 2914,1775"/>
                <TextEquiv>
                    <Unicode>Linien seiner volkstümlichen Handlung ein sehr geschickt und fest Schwadronneurs zugefallen war, hätte vielleicht eher dasug</Unicode>
                </TextEquiv>
            </TextLine>
            <TextLine id="r1l41" custom="readingOrder {index:40;}">
                <Coords points="544,1808 1688,1820 1748,1814 1749,1763 544,1766"/>
                <Baseline points="558,1808 616,1806 675,1804 734,1803 792,1802 851,1802 910,1802 968,1802 1027,1803 1086,1803 1145,1805 1203,1805 1262,1806 1321,1807 1379,1808 1438,1808 1497,1809 1555,1809 1614,1808 1673,1807 1732,1806"/>
                <TextEquiv>
                    <Unicode>gefügtes theatralisches Knochengerüst. Die Mischung lyrischer</Unicode>
                </TextEquiv>
            </TextLine>
            <TextLine id="r1l42" custom="readingOrder {index:41;}">
                <Coords points="1742,1820 2943,1838 2944,1790 1742,1769"/>
                <Baseline points="1758,1805 1816,1807 1875,1808 1933,1808 1992,1809 2050,1810 2109,1811 2167,1811 2226,1812 2284,1812 2343,1813 2401,1813 2460,1814 2518,1814 2577,1815 2635,1815 2694,1816 2752,1816 2811,1817 2869,1818 2928,1819"/>
                <TextEquiv>
                    <Unicode>zu dem Duellanten als zu seinem Sekundanten; seine Natur neigt</Unicode>
                </TextEquiv>
            </TextLine>
            <TextLine id="r1l43" custom="readingOrder {index:42;}">
                <Coords points="546,1851 1747,1857 1747,1809 1573,1800 546,1809"/>
                <Baseline points="561,1850 619,1849 678,1848 736,1848 795,1848 853,1848 912,1848 970,1848 1029,1849 1087,1849 1146,1850 1205,1850 1263,1851 1322,1851 1380,1851 1439,1851 1497,1851 1556,1851 1614,1850 1673,1849 1732,1847"/>
                <TextEquiv>
                    <Unicode>Stimmungswerte und vorwärts drängender Bühnenkraft ist un¬</Unicode>
                </TextEquiv>
            </TextLine>
            <TextLine id="r1l44" custom="readingOrder {index:43;}">
                <Coords points="1736,1864 2947,1855 2815,1815 1737,1807"/>
                <Baseline points="1750,1846 1809,1848 1868,1849 1927,1850 1986,1851 2045,1853 2104,1853 2163,1854 2222,1855 2281,1856 2340,1856 2399,1857 2458,1857 2517,1858 2576,1858 2635,1858 2694,1858 2753,1858 2812,1858 2871,1858 2931,1858"/>
                <TextEquiv>
                    <Unicode>mehr zur Schwere als zum Leichten. Die kurze Szene des fremden</Unicode>
                </TextEquiv>
            </TextLine>
            <TextLine id="r1l45" custom="readingOrder {index:44;}">
                <Coords points="540,1904 1747,1887 1717,1853 540,1853"/>
                <Baseline points="556,1892 614,1892 673,1892 732,1892 791,1892 849,1892 908,1893 967,1893 1026,1893 1084,1894 1143,1894 1202,1894 1261,1895 1319,1895 1378,1896 1437,1896 1496,1896 1554,1897 1613,1897 1672,1897 1731,1896"/>
                <TextEquiv>
                    <Unicode>gemein glücklich abgewogen. Wir sehen ein tragisches Einzel¬</Unicode>
                </TextEquiv>
            </TextLine>
            <TextLine id="r1l46" custom="readingOrder {index:45;}">
                <Coords points="1738,1893 2951,1918 2924,1858 1738,1851"/>
                <Baseline points="1753,1894 1812,1895 1871,1896 1930,1897 1989,1897 2049,1898 2108,1898 2167,1899 2226,1899 2285,1899 2345,1899 2404,1899 2463,1899 2522,1900 2581,1900 2641,1900 2700,1900 2759,1901 2818,1902 2877,1902 2937,1903"/>
                <TextEquiv>
                    <Unicode>Herrn, der mit dem Schritt des Schicksals in die Junggesellen¬</Unicode>
                </TextEquiv>
            </TextLine>
            <TextLine id="r1l47" custom="readingOrder {index:46;}">
                <Coords points="544,1943 1694,1951 1748,1945 1749,1903 544,1898"/>
                <Baseline points="559,1938 617,1937 676,1936 734,1936 793,1935 852,1935 910,1935 969,1935 1028,1936 1086,1936 1145,1937 1204,1937 1262,1938 1321,1938 1380,1939 1438,1939 1497,1940 1556,1940 1614,1940 1673,1940 1732,1940"/>
                <TextEquiv>
                    <Unicode>schicksal mit unmittelbarer Lebendigkeit vor uns sich erfüllen und</Unicode>
                </TextEquiv>
            </TextLine>
            <TextLine id="r1l48" custom="readingOrder {index:47;}">
                <Coords points="1734,1950 2932,1961 2870,1909 1734,1890"/>
                <Baseline points="1750,1935 1808,1937 1866,1938 1925,1939 1983,1940 2041,1941 2100,1942 2158,1943 2216,1943 2275,1944 2333,1944 2391,1944 2450,1944 2508,1945 2566,1945 2625,1945 2683,1946 2741,1946 2800,1947 2858,1947 2917,1948"/>
                <TextEquiv>
                    <Unicode>heiterkeit des ersten Aktes zu treten hat, ward durch Herr¬</Unicode>
                </TextEquiv>
            </TextLine>
            <TextLine id="r1l49" custom="readingOrder {index:48;}">
                <Coords points="540,1979 2928,1985 540,1940"/>
                <Baseline points="556,1981 673,1981 791,1980 909,1980 1027,1980 1145,1979 1263,1980 1381,1980 1499,1980 1617,1981 1735,1981 1852,1982 1970,1983 2088,1984 2206,1985 2324,1986 2442,1987 2560,1988 2678,1989 2796,1991 2914,1992"/>
                <TextEquiv>
                    <Unicode>gewinnen über das alltägliche Beispiel hinaus einen erschütternden[ Steinrück mit Anstand erledigt. Die zweite Nebenrolle, die</Unicode>
                </TextEquiv>
            </TextLine>
            <TextLine id="r1l50" custom="readingOrder {index:49;}">
                <Coords points="538,2039 2925,2047 2926,1990 538,1976"/>
                <Baseline points="554,2026 671,2024 789,2023 907,2023 1025,2022 1143,2022 1261,2022 1378,2023 1496,2023 1614,2024 1732,2025 1850,2026 1968,2027 2086,2028 2203,2028 2321,2029 2439,2030 2557,2031 2675,2031 2793,2032 2911,2032"/>
                <TextEquiv>
                    <Unicode>Ausblick in die rätselhafte und verhängnisvolle Relativität mensch= mehr aus der Verlegenheit als aus der Notwendigkeit eingefügt</Unicode>
                </TextEquiv>
            </TextLine>
            <TextLine id="r1l51" custom="readingOrder {index:50;}">
                <Coords points="542,2079 602,2091 662,2066 782,2081 926,2065 926,2026 713,2033 542,2016"/>
                <Baseline points="557,2069 582,2068 607,2068 632,2067 658,2067 683,2067 708,2067 734,2068 759,2068 784,2068 809,2068 835,2067 860,2067 885,2066 911,2064"/>
                <TextEquiv>
                    <Unicode>licher Beziehungen.</Unicode>
                </TextEquiv>
            </TextLine>
            <TextLine id="r1l52" custom="readingOrder {index:51;}">
                <Coords points="1740,2072 2936,2088 2936,2052 2747,2029 1741,2030"/>
                <Baseline points="1756,2066 1814,2067 1872,2068 1930,2070 1989,2071 2047,2071 2105,2072 2163,2073 2222,2073 2280,2074 2338,2074 2396,2075 2455,2075 2513,2075 2571,2075 2629,2076 2688,2076 2746,2076 2804,2076 2862,2076 2921,2077"/>
                <TextEquiv>
                    <Unicode>ist, spielte Sophie Pagay mit der einfachen Natürlichkeit,</Unicode>
                </TextEquiv>
            </TextLine>
            <TextLine id="r1l53" custom="readingOrder {index:52;}">
                <Coords points="624,2099 1739,2123 1718,2051 624,2072"/>
                <Baseline points="638,2112 692,2112 746,2111 800,2111 855,2111 909,2111 963,2112 1018,2112 1072,2112 1126,2113 1181,2113 1235,2114 1289,2114 1343,2114 1398,2114 1452,2114 1506,2114 1561,2114 1615,2114 1669,2113 1724,2113"/>
                <TextEquiv>
                    <Unicode>Das Deutsche Theater wird in der älteren modernen Literatur</Unicode>
                </TextEquiv>
            </TextLine>
            <TextLine id="r1l54" custom="readingOrder {index:53;}">
                <Coords points="1736,2109 2940,2111 2913,2074 1736,2070"/>
                <Baseline points="1752,2110 1810,2111 1869,2112 1928,2113 1986,2114 2045,2114 2104,2115 2162,2115 2221,2116 2280,2117 2339,2117 2397,2117 2456,2118 2515,2118 2573,2119 2632,2119 2691,2120 2749,2120 2808,2120 2867,2121 2926,2121"/>
                <TextEquiv>
                    <Unicode>die wir an ihr schätzen. Weit über allen aber stand der alte</Unicode>
                </TextEquiv>
            </TextLine>
            <TextLine id="r1l55" custom="readingOrder {index:54;}">
                <Coords points="544,2159 1743,2160 1743,2124 1665,2115 544,2096"/>
                <Baseline points="559,2156 617,2156 676,2157 734,2157 793,2156 851,2156 910,2155 968,2155 1027,2154 1085,2154 1144,2153 1202,2153 1261,2152 1319,2152 1378,2152 1436,2153 1495,2153 1553,2154 1612,2155 1670,2157 1729,2160"/>
                <TextEquiv>
                    <Unicode>wenige Werke finden, die sich dem intimen Rahmen seines</Unicode>
                </TextEquiv>
            </TextLine>
            <TextLine id="r1l56" custom="readingOrder {index:55;}">
                <Coords points="1741,2161 2897,2173 2939,2170 2940,2110 1741,2113"/>
                <Baseline points="1757,2153 1815,2153 1873,2153 1932,2154 1990,2154 2048,2154 2107,2155 2165,2155 2223,2156 2282,2156 2340,2157 2398,2157 2457,2158 2515,2158 2573,2159 2632,2159 2690,2159 2748,2160 2807,2160 2865,2161 2924,2161"/>
                <TextEquiv>
                    <Unicode>Musikus des Herrn Pagay, der gütige Lebensphilosoph, den die</Unicode>
                </TextEquiv>
            </TextLine>
            <TextLine id="r1l57" custom="readingOrder {index:56;}">
                <Coords points="536,2202 1734,2207 1734,2159 1617,2152 536,2160"/>
                <Baseline points="551,2199 609,2197 667,2196 726,2195 784,2195 843,2195 901,2196 959,2196 1018,2197 1076,2198 1135,2199 1193,2200 1251,2201 1310,2202 1368,2202 1427,2203 1485,2203 1543,2202 1602,2201 1660,2200 1719,2198"/>
                <TextEquiv>
                    <Unicode>Kammerspielhauses so schmiegsam einfügen. Eine verständnisvolle</Unicode>
                </TextEquiv>
            </TextLine>
            <TextLine id="r1l58" custom="readingOrder {index:57;}">
                <Coords points="1735,2208 2946,2218 2928,2164 1736,2157"/>
                <Baseline points="1750,2196 1809,2197 1868,2198 1927,2199 1986,2200 2045,2200 2104,2201 2163,2202 2222,2202 2281,2203 2340,2204 2399,2204 2458,2205 2517,2205 2576,2205 2635,2206 2694,2206 2753,2206 2812,2206 2871,2206 2930,2206"/>
                <TextEquiv>
                    <Unicode>Jahre gelehrt haben, die Dinge dieser Weltlichkeit ohne die Brille</Unicode>
                </TextEquiv>
            </TextLine>
            <TextLine id="r1l59" custom="readingOrder {index:58;}">
                <Coords points="540,2239 2928,2228 540,2203"/>
                <Baseline points="556,2243 673,2244 791,2245 909,2245 1027,2246 1145,2246 1263,2246 1380,2245 1498,2245 1616,2245 1734,2245 1852,2244 1970,2244 2088,2245 2205,2245 2323,2245 2441,2246 2559,2247 2677,2249 2795,2251 2913,2253"/>
                <TextEquiv>
                    <Unicode>und kluge Regie sorgte gestern dafür, daß diese Vorteile aus. der Vorurteile zu betrachten, ein weicher, zärtlicher Mensch, der</Unicode>
                </TextEquiv>
            </TextLine>
            <TextLine id="r1l60" custom="readingOrder {index:59;}">
                <Coords points="530,2297 2963,2296 530,2243"/>
                <Baseline points="546,2289 666,2288 786,2287 906,2287 1026,2286 1146,2286 1266,2286 1386,2285 1506,2285 1626,2286 1747,2286 1867,2286 1987,2287 2107,2288 2227,2288 2347,2289 2467,2291 2587,2292 2707,2294 2827,2296 2948,2298"/>
                <TextEquiv>
                    <Unicode>genutzt wurden. Namentlich im zweiten und dritten Akt, der in die goldene Lauterkeit eines reinen Herzens durch die Wirrnisse</Unicode>
                </TextEquiv>
            </TextLine>
            <TextLine id="r1l61" custom="readingOrder {index:60;}">
                <Coords points="1769,2441 2703,2425 2919,2467 2973,2453 2974,2390 1769,2392"/>
                <Baseline points="1784,2419 1842,2421 1901,2423 1960,2424 2018,2425 2077,2426 2136,2426 2194,2427 2253,2427 2312,2428 2371,2428 2429,2428 2488,2429 2547,2429 2605,2430 2664,2431 2723,2432 2781,2433 2840,2435 2899,2437 2958,2439"/>
                <TextEquiv>
                    <Unicode>es Daseins trägt. Aus dieser rührenden Gestalt klangen leise</Unicode>
                </TextEquiv>
            </TextLine>
            <TextLine id="r1l62" custom="readingOrder {index:61;}">
                <Coords points="1764,2465 2833,2494 2885,2441 1765,2417"/>
                <Baseline points="1778,2463 1832,2465 1887,2467 1941,2468 1996,2470 2050,2471 2105,2472 2159,2473 2214,2474 2268,2474 2323,2475 2378,2475 2432,2476 2487,2476 2541,2476 2596,2477 2650,2477 2705,2478 2759,2479 2814,2479 2869,2480"/>
                <TextEquiv>
                    <Unicode>nnere Melodien, die auf die ergriffenen Hörer überströmten.</Unicode>
                </TextEquiv>
            </TextLine>
            <TextLine id="r1l63" custom="readingOrder {index:62;}">
                <Coords points="1848,2517 2914,2534 2963,2496 2864,2467 1848,2475"/>
                <Baseline points="1864,2509 1918,2510 1972,2512 2026,2513 2080,2514 2134,2516 2188,2517 2243,2519 2297,2520 2351,2521 2405,2522 2459,2523 2513,2524 2567,2524 2622,2524 2676,2524 2730,2524 2784,2524 2838,2523 2892,2521 2947,2520"/>
                <TextEquiv>
                    <Unicode>Die Zuschauer, im Anfang nicht ganz im Banne der Auf¬</Unicode>
                </TextEquiv>
            </TextLine>
            <TextLine id="r1l64" custom="readingOrder {index:63;}">
                <Coords points="1770,2556 2773,2585 2947,2579 2978,2516 1950,2528 1770,2493"/>
                <Baseline points="1785,2552 1843,2553 1902,2555 1961,2556 2020,2557 2079,2558 2138,2559 2196,2560 2255,2560 2314,2561 2373,2562 2432,2562 2491,2563 2550,2563 2608,2564 2667,2564 2726,2565 2785,2565 2844,2566 2903,2566 2962,2567"/>
                <TextEquiv>
                    <Unicode>führung, gaben sich dem Zauber der Dichtung in den letzten Akten</Unicode>
                </TextEquiv>
            </TextLine>
            <TextLine id="r1l65" custom="readingOrder {index:64;}">
                <Coords points="1762,2609 2876,2627 2972,2607 2973,2568 1763,2552"/>
                <Baseline points="1778,2595 1837,2597 1896,2598 1955,2600 2014,2601 2073,2602 2132,2603 2191,2603 2250,2604 2309,2604 2368,2605 2427,2605 2486,2605 2545,2606 2604,2606 2663,2607 2722,2607 2781,2608 2840,2609 2899,2610 2958,2612"/>
                <TextEquiv>
                    <Unicode>willig hin. Umso peinlicher wurde es empfunden, daß vor dem</Unicode>
                </TextEquiv>
            </TextLine>
            <TextLine id="r1l66" custom="readingOrder {index:65;}">
                <Coords points="1757,2656 2454,2644 2823,2683 2970,2670 2971,2609 1758,2596"/>
                <Baseline points="1773,2638 1832,2640 1891,2643 1950,2644 2009,2646 2068,2647 2127,2648 2186,2649 2245,2650 2304,2650 2364,2651 2423,2651 2482,2652 2541,2652 2600,2653 2659,2653 2718,2654 2777,2655 2836,2656 2895,2657 2955,2658"/>
                <TextEquiv>
                    <Unicode>Schluß einige Eilige, die fürchteten, zu spät zum Souper zu</Unicode>
                </TextEquiv>
            </TextLine>
            <TextLine id="r1l67" custom="readingOrder {index:66;}">
                <Coords points="1753,2699 2720,2702 2720,2654 2642,2650 1753,2657"/>
                <Baseline points="1768,2685 1814,2686 1861,2687 1908,2688 1955,2688 2002,2689 2049,2690 2096,2691 2143,2691 2190,2692 2237,2692 2283,2693 2330,2693 2377,2693 2424,2694 2471,2694 2518,2694 2565,2694 2612,2694 2659,2694 2706,2693"/>
                <TextEquiv>
                    <Unicode>sommen, störend durch den lautlosen Saal rauschten.</Unicode>
                </TextEquiv>
            </TextLine>
            <TextEquiv>
                <Unicode>5. Liebelei
EEREL box 11/2
dem „reinlichen Zimmer“ der kleinen Christine spielt, kam eine
stark wirkende Einheit von realistischer Illusion und mitschwingen¬
den Imponderabilien zustande, während im ersten Aufzug die
Fäden wohl noch etwas straffer zusammengezogen werden könnten.
Dieser Eindruck lag indes vielleicht an der noch unsicheren, matten
Technik des Vertreters der männlichen Hauptr le. Der homo
novus Herr Eugen Dumont verlor in dem Streben, verhaute¬
nes Empfinden zum Ausdruck zu bringen, die Hauptsache: eben
# Kammerspiele des Deutscen Theaters.
das Empfinden selbst, das wir unter der Hülle trüber Ahnungen
* Mit Arthur Schnitzlers „Liebelei“ kam uns
und dem Deckmantel weltmännischer Reserviertheit doch lebendiger
Berlinern vor einem Dutzend Jahlen die erste eindrücksvolle Kunde
herausfühlen möchten. Möglich, daß er noch tiefer in die Rolle
von der modernen Wiener Art, von ihrer müden Anmut und
hineinwächst. Gestern stand er veit zurück gegen Fräulein
ihrem melanchalisch lächelnden Lyrismus, von ihrem subtilen, be= Höflich, die für die Gestalt der Christine alles mitbringt,
hutsamen Spie mit zart verästelten seelischen Vorgängen undleidenschaftliche Hingebung, die aus dem heeben Kern jungfräu¬
Beziehungen und von der freien Leichtigkeit ihres Ausdrucks, die so
lichen Stolzes sich auf Geheiß einer Naturgewalt loslöst, die Glut
naiv scheint und in Vahrheit doch nur aus der formalen Sicher= des innigsten Gefühls, die scheu verborgen sich entzündet und das
heit entspringt, die ne reife Kultur gewährt. Schnitzlers dra¬
ganze Gehäuse der Seele in Brand setzt, und die wehe, zuckende
matischer Erstling ist bis heute der blutvollste und gesündeste
Angst eines verwundeten Herzens. Mit nicht geringem Kunst¬
Vertreter dieser Gattung geblieben, die sich nur zu oft in gestalt¬
verstand überwand sie die großen Schwierigkeiten der etwas lang
loses Tändeln und dekadente Weichlichkeit verlor, oder in einer
gezerrten, fast monologischen Schlußexklamation durch ein
hitzigen Hypertrophie den unzulänglichen Ersatz für angeborene
Wechselspiel von Retardation und Steigerungd kstase. Ihr
poetische Energien suchte. Dies Trauerspiel des verratenen kleinen
Widerspiel, die lockere Mizi, war bei Fräulein Berger nicht
Mäbels, dem tiefste Herzensnot und Sinn des Lebens ist, was
sonderlich gut aufgehoben. Hier ward für eine fesche kleine Wiener
ihrem Liebsten nicht viel mehr als einen holden Zeitvertreib be¬ Modistin zu viel Routine und zu wenig dralle Frische ins Feld
deutet, hat bei aller schwebenden Träumerei in den einfachen geführt. Herr Ekert, dem die dankbare Rolle des herzigen
Linien seiner volkstümlichen Handlung ein sehr geschickt und fest Schwadronneurs zugefallen war, hätte vielleicht eher dasug
gefügtes theatralisches Knochengerüst. Die Mischung lyrischer
zu dem Duellanten als zu seinem Sekundanten; seine Natur neigt
Stimmungswerte und vorwärts drängender Bühnenkraft ist un¬
mehr zur Schwere als zum Leichten. Die kurze Szene des fremden
gemein glücklich abgewogen. Wir sehen ein tragisches Einzel¬
Herrn, der mit dem Schritt des Schicksals in die Junggesellen¬
schicksal mit unmittelbarer Lebendigkeit vor uns sich erfüllen und
heiterkeit des ersten Aktes zu treten hat, ward durch Herr¬
gewinnen über das alltägliche Beispiel hinaus einen erschütternden[ Steinrück mit Anstand erledigt. Die zweite Nebenrolle, die
Ausblick in die rätselhafte und verhängnisvolle Relativität mensch= mehr aus der Verlegenheit als aus der Notwendigkeit eingefügt
licher Beziehungen.
ist, spielte Sophie Pagay mit der einfachen Natürlichkeit,
Das Deutsche Theater wird in der älteren modernen Literatur
die wir an ihr schätzen. Weit über allen aber stand der alte
wenige Werke finden, die sich dem intimen Rahmen seines
Musikus des Herrn Pagay, der gütige Lebensphilosoph, den die
Kammerspielhauses so schmiegsam einfügen. Eine verständnisvolle
Jahre gelehrt haben, die Dinge dieser Weltlichkeit ohne die Brille
und kluge Regie sorgte gestern dafür, daß diese Vorteile aus. der Vorurteile zu betrachten, ein weicher, zärtlicher Mensch, der
genutzt wurden. Namentlich im zweiten und dritten Akt, der in die goldene Lauterkeit eines reinen Herzens durch die Wirrnisse
es Daseins trägt. Aus dieser rührenden Gestalt klangen leise
nnere Melodien, die auf die ergriffenen Hörer überströmten.
Die Zuschauer, im Anfang nicht ganz im Banne der Auf¬
führung, gaben sich dem Zauber der Dichtung in den letzten Akten
willig hin. Umso peinlicher wurde es empfunden, daß vor dem
Schluß einige Eilige, die fürchteten, zu spät zum Souper zu
sommen, störend durch den lautlosen Saal rauschten.</Unicode>
            </TextEquiv>
        </TextRegion>
    </Page>
</PcGts>
