<?xml version="1.0" encoding="UTF-8" standalone="yes"?>
<PcGts xmlns="http://schema.primaresearch.org/PAGE/gts/pagecontent/2013-07-15" xmlns:xsi="http://www.w3.org/2001/XMLSchema-instance" xsi:schemaLocation="http://schema.primaresearch.org/PAGE/gts/pagecontent/2013-07-15 http://schema.primaresearch.org/PAGE/gts/pagecontent/2013-07-15/pagecontent.xsd">
    <Metadata>
        <Creator>prov=University of Rostock/Institute of Mathematics/CITlab/Gundram Leifert/gundram.leifert@uni-rostock.de:name=ONB_Newseye_GT_M1+(htr_id=10810)::::v=2.4.2
prov=University of Rostock/Institute of Mathematics/CITlab/Tobias Gruening/tobias.gruening@uni-rostock.de:name=de.uros.citlab.module.baseline2polygon.B2PSeamMultiOriented:v=2.4.2
prov=University of Rostock/Institute of Mathematics/CITlab/Tobias Gruening/tobias.gruening@uni-rostock.de:name=/mnt/transkribus/LA/DEA/URO/LA_news_onb_att.pb:de.uros.citlab.segmentation.CITlab_LA_ML:v=2.4.2
Transkribus</Creator>
        <Created>2019-10-07T11:54:35.393+02:00</Created>
        <LastChange>2019-10-09T06:39:14.380+02:00</LastChange>
        <TranskribusMetadata docId="223992" pageId="9508176" pageNr="719" tsid="16624496" status="IN_PROGRESS" userId="40391" imgUrl="https://files.transkribus.eu/Get?id=UKIRGFOXYSIGINKHGTIUFZWK&amp;fileType=view" xmlUrl="https://files.transkribus.eu/Get?id=VZQHHNPDRSRIPALZXJYEKPKB" imageId="6197611"/>
    </Metadata>
    <Page imageFilename="223992_0719.jpeg" imageWidth="3344" imageHeight="4256">
        <ReadingOrder>
            <OrderedGroup id="ro_1711445967229" caption="Regions reading order">
                <RegionRefIndexed index="0" regionRef="r1"/>
                <RegionRefIndexed index="1" regionRef="r2"/>
            </OrderedGroup>
        </ReadingOrder>
        <TextRegion orientation="0.0" id="r1" custom="readingOrder {index:0;}">
            <Coords points="240,191 240,255 873,255 873,191"/>
            <TextLine id="r1l1" custom="readingOrder {index:0;}">
                <Coords points="423,228 488,230 499,221 510,232 566,234 594,223 618,234 675,232 675,162 638,160 616,169 577,149 531,176 520,169 499,176 477,160 455,176 422,169"/>
                <Baseline points="433,220 458,219 484,219 509,219 535,219 560,219 586,219 611,219 637,219 663,219"/>
                <TextEquiv>
                    <Unicode>iebel</Unicode>
                </TextEquiv>
            </TextLine>
            <TextLine id="r1l2" custom="readingOrder {index:1;}">
                <Coords points="229,230 298,246 375,229 578,278 685,279 884,238 886,191 795,185 763,160 659,219 600,224 480,217 426,159 327,175 232,161"/>
                <Baseline points="240,211 271,217 303,223 334,227 366,232 398,235 429,238 461,240 493,242 524,243 556,244 588,245 619,245 651,245 683,244 714,244 746,243 778,242 809,241 841,240 873,240"/>
                <TextEquiv>
                    <Unicode>5. Luswei</Unicode>
                </TextEquiv>
            </TextLine>
            <TextEquiv>
                <Unicode>iebel
5. Luswei</Unicode>
            </TextEquiv>
        </TextRegion>
        <TextRegion orientation="0.0" id="r2" custom="readingOrder {index:1;}">
            <Coords points="843,198 843,3518 2594,3518 2594,198"/>
            <TextLine id="r2l1" custom="readingOrder {index:0;}">
                <Coords points="926,227 1050,254 1120,225 1161,250 1200,239 1239,255 1274,227 1305,245 1374,227 1375,181 1280,155 1266,168 1251,155 1182,154 1136,184 1079,168 1009,182 973,151 927,161"/>
                <Baseline points="936,221 961,223 986,223 1011,224 1036,225 1061,226 1087,226 1112,227 1137,227 1162,228 1187,228 1212,228 1238,228 1263,228 1288,228 1313,228 1338,228 1364,228"/>
                <TextEquiv>
                    <Unicode>box 11/2</Unicode>
                </TextEquiv>
            </TextLine>
            <TextLine id="r2l2" custom="readingOrder {index:1;}">
                <Coords points="1037,748 2330,787 2331,696 2274,675 2065,682 2002,732 1038,670"/>
                <Baseline points="1049,734 1112,739 1176,743 1239,746 1303,749 1366,751 1430,753 1493,754 1557,755 1620,755 1684,755 1748,755 1811,755 1875,755 1938,754 2002,754 2065,754 2129,753 2192,754 2256,754 2320,754"/>
                <TextEquiv>
                    <Unicode>eu </Unicode>
                </TextEquiv>
            </TextLine>
            <TextLine id="r2l3" custom="readingOrder {index:2;}">
                <Coords points="1349,898 1388,896 1465,844 1547,889 1587,860 1659,875 1720,858 1718,795 1687,789 1641,828 1583,790 1564,800 1509,793 1483,817 1409,789 1346,798"/>
                <Baseline points="1359,866 1384,863 1409,861 1434,859 1459,858 1484,857 1509,856 1534,855 1559,854 1584,854 1609,853 1634,853 1659,854 1684,854 1709,855"/>
                <TextEquiv>
                    <Unicode>#. 5</Unicode>
                </TextEquiv>
            </TextLine>
            <TextLine id="r2l4" custom="readingOrder {index:3;}">
                <Coords points="2451,957 2495,957 2508,963 2519,957 2532,963 2554,954 2569,956 2568,906 2533,900 2520,887 2501,902 2490,894 2477,903 2451,903"/>
                <Baseline points="2463,937 2494,935 2525,936 2557,935"/>
                <TextEquiv>
                    <Unicode>377</Unicode>
                </TextEquiv>
            </TextLine>
            <TextLine id="r2l5" custom="readingOrder {index:4;}">
                <Coords points="1416,969 1482,947 1599,970 1734,944 1775,961 1947,945 2004,962 2017,884 1888,902 1851,885 1819,906 1568,877 1416,899"/>
                <Baseline points="1427,941 1456,941 1485,941 1514,941 1543,941 1572,941 1601,941 1630,942 1659,942 1688,942 1717,942 1746,942 1775,942 1804,942 1833,941 1862,941 1891,940 1920,940 1949,939 1978,938 2007,936"/>
                <TextEquiv>
                    <Unicode>PLAYS OF THE HOUR</Unicode>
                </TextEquiv>
            </TextLine>
            <TextLine id="r2l6" custom="readingOrder {index:5;}">
                <Coords points="842,1052 2348,1072 2578,1056 2602,1004 841,1011"/>
                <Baseline points="852,1047 939,1045 1026,1045 1113,1044 1200,1043 1287,1043 1374,1043 1461,1043 1548,1043 1635,1043 1722,1043 1809,1043 1896,1043 1983,1043 2070,1043 2157,1043 2244,1043 2331,1043 2418,1042 2505,1042 2592,1042"/>
                <TextEquiv>
                    <Unicode>ideal of Rosalind, but delighted the peoples furns. HIe is killed, and the girl departs</Unicode>
                </TextEquiv>
            </TextLine>
            <TextLine id="r2l7" custom="readingOrder {index:6;}">
                <Coords points="1725,1092 1851,1103 1990,1092 2029,1114 2058,1094 2140,1101 2180,1086 2180,1062 2147,1049 1868,1049 1779,1066 1725,1046"/>
                <Baseline points="1735,1084 1760,1085 1785,1086 1811,1086 1836,1087 1862,1087 1887,1087 1913,1088 1938,1088 1964,1088 1989,1087 2015,1087 2040,1087 2066,1087 2091,1086 2117,1086 2142,1086 2168,1085"/>
                <TextEquiv>
                    <Unicode>1o weep at his grave.</Unicode>
                </TextEquiv>
            </TextLine>
            <TextLine id="r2l8" custom="readingOrder {index:7;}">
                <Coords points="843,1097 1520,1110 1714,1079 1642,1047 843,1066"/>
                <Baseline points="853,1089 895,1089 937,1089 980,1089 1022,1089 1065,1089 1107,1089 1150,1089 1192,1089 1235,1089 1277,1089 1319,1089 1362,1088 1404,1088 1447,1088 1489,1088 1532,1088 1574,1087 1617,1087 1659,1087 1702,1087"/>
                <TextEquiv>
                    <Unicode>of many places with a general representa¬</Unicode>
                </TextEquiv>
            </TextLine>
            <TextLine id="r2l9" custom="readingOrder {index:8;}">
                <Coords points="1767,1146 2590,1142 2589,1088 2424,1077 1767,1100"/>
                <Baseline points="1777,1135 1817,1135 1857,1135 1897,1135 1937,1135 1977,1135 2017,1135 2057,1135 2097,1136 2137,1136 2178,1136 2218,1136 2258,1136 2298,1136 2338,1136 2378,1135 2418,1135 2458,1134 2498,1134 2538,1133 2579,1131"/>
                <TextEquiv>
                    <Unicode>TPhat is all. Yet within the limitations</Unicode>
                </TextEquiv>
            </TextLine>
            <TextLine id="r2l10" custom="readingOrder {index:9;}">
                <Coords points="845,1150 1700,1145 1713,1099 844,1098"/>
                <Baseline points="855,1136 897,1137 939,1137 982,1137 1024,1137 1067,1137 1109,1137 1151,1137 1194,1137 1236,1137 1279,1137 1321,1137 1363,1136 1406,1136 1448,1136 1491,1135 1533,1135 1575,1135 1618,1134 1660,1134 1703,1133"/>
                <TextEquiv>
                    <Unicode>tion of the eternally swect and vouthful</Unicode>
                </TextEquiv>
            </TextLine>
            <TextLine id="r2l11" custom="readingOrder {index:10;}">
                <Coords points="836,1187 1528,1199 1713,1185 1713,1142 1145,1157 1019,1132 836,1159"/>
                <Baseline points="847,1185 889,1185 932,1185 975,1184 1018,1184 1061,1184 1103,1184 1146,1183 1189,1183 1232,1182 1275,1182 1317,1182 1360,1181 1403,1181 1446,1181 1489,1181 1531,1181 1574,1182 1617,1182 1660,1183 1703,1183"/>
                <TextEquiv>
                    <Unicode>comnedy that made the best beautics of it</Unicode>
                </TextEquiv>
            </TextLine>
            <TextLine id="r2l12" custom="readingOrder {index:11;}">
                <Coords points="837,1223 1388,1251 1423,1227 1710,1228 1684,1189 1590,1179 1553,1203 1320,1180 837,1201"/>
                <Baseline points="849,1231 891,1231 934,1230 976,1230 1019,1229 1061,1229 1104,1229 1146,1229 1189,1229 1231,1229 1274,1229 1317,1228 1359,1228 1402,1228 1444,1228 1487,1228 1529,1228 1572,1228 1614,1228 1657,1228 1700,1228"/>
                <TextEquiv>
                    <Unicode>keenlv felt. Her adventure with a drama</Unicode>
                </TextEquiv>
            </TextLine>
            <TextLine id="r2l13" custom="readingOrder {index:12;}">
                <Coords points="841,1297 1620,1290 1717,1272 1717,1227 895,1251 840,1227"/>
                <Baseline points="851,1279 893,1278 936,1277 979,1276 1022,1275 1065,1275 1107,1275 1150,1275 1193,1275 1236,1275 1279,1275 1321,1275 1364,1275 1407,1275 1450,1275 1493,1274 1535,1274 1578,1274 1621,1273 1664,1272 1707,1270"/>
                <TextEquiv>
                    <Unicode>by Mrs. Sutherland, since, in association</Unicode>
                </TextEquiv>
            </TextLine>
            <TextLine id="r2l14" custom="readingOrder {index:13;}">
                <Coords points="836,1330 1597,1331 1719,1308 1718,1273 835,1293"/>
                <Baseline points="847,1325 890,1324 933,1323 976,1322 1019,1321 1062,1321 1105,1320 1148,1320 1191,1320 1234,1319 1277,1319 1320,1318 1363,1318 1406,1318 1449,1317 1492,1317 1535,1316 1578,1315 1621,1314 1664,1312 1707,1311"/>
                <TextEquiv>
                    <Unicode>with Miss Beulah Marie Dix, so deserved¬</Unicode>
                </TextEquiv>
            </TextLine>
            <TextLine id="r2l15" custom="readingOrder {index:14;}">
                <Coords points="843,1373 1727,1361 1726,1322 843,1334"/>
                <Baseline points="853,1367 896,1367 939,1367 982,1367 1025,1367 1068,1367 1111,1367 1154,1366 1197,1366 1240,1366 1284,1365 1327,1364 1370,1364 1413,1363 1456,1362 1499,1361 1542,1360 1585,1359 1628,1358 1671,1357 1715,1355"/>
                <TextEquiv>
                    <Unicode>Iv successful with“The Road to Vester¬</Unicode>
                </TextEquiv>
            </TextLine>
            <TextLine id="r2l16" custom="readingOrder {index:15;}">
                <Coords points="837,1420 1671,1425 1718,1416 1718,1381 911,1390 880,1369 837,1389"/>
                <Baseline points="848,1420 891,1418 934,1417 977,1415 1020,1414 1063,1413 1106,1412 1149,1411 1192,1411 1235,1411 1278,1410 1321,1410 1364,1410 1407,1409 1450,1409 1493,1408 1536,1408 1579,1407 1622,1406 1665,1405 1708,1404"/>
                <TextEquiv>
                    <Unicode>day,? was a failure without artistic dis¬</Unicode>
                </TextEquiv>
            </TextLine>
            <TextLine id="r2l17" custom="readingOrder {index:16;}">
                <Coords points="847,1472 1493,1480 1713,1454 1712,1428 1645,1413 1406,1439 1279,1412 846,1429"/>
                <Baseline points="858,1466 900,1465 942,1464 984,1463 1026,1462 1069,1462 1111,1461 1153,1461 1195,1461 1237,1460 1280,1460 1322,1460 1364,1460 1406,1460 1448,1459 1491,1459 1533,1459 1575,1458 1617,1458 1659,1457 1702,1456"/>
                <TextEquiv>
                    <Unicode>credit; but her association with the silly</Unicode>
                </TextEquiv>
            </TextLine>
            <TextLine id="r2l18" custom="readingOrder {index:17;}">
                <Coords points="843,1498 909,1533 1013,1505 1346,1533 1729,1512 1728,1473 1670,1456 843,1477"/>
                <Baseline points="854,1512 897,1511 940,1509 983,1509 1026,1508 1069,1507 1112,1507 1156,1507 1199,1507 1242,1507 1285,1507 1328,1507 1371,1507 1414,1507 1458,1506 1501,1506 1544,1505 1587,1504 1630,1503 1673,1501 1717,1499"/>
                <TextEquiv>
                    <Unicode>plagof“Sweet Kitty Bellairs,“ undoubted¬</Unicode>
                </TextEquiv>
            </TextLine>
            <TextLine id="r2l19" custom="readingOrder {index:18;}">
                <Coords points="848,1566 1686,1565 1718,1515 848,1522"/>
                <Baseline points="858,1556 900,1555 943,1555 985,1554 1028,1554 1070,1553 1113,1553 1155,1553 1198,1552 1240,1552 1283,1552 1325,1552 1368,1551 1410,1551 1453,1551 1495,1551 1538,1551 1580,1551 1623,1550 1665,1550 1708,1550"/>
                <TextEquiv>
                    <Unicode>Ira wise business move, could only make</Unicode>
                </TextEquiv>
            </TextLine>
            <TextLine id="r2l20" custom="readingOrder {index:19;}">
                <Coords points="848,1613 1721,1601 1720,1564 1642,1554 848,1573"/>
                <Baseline points="858,1605 900,1604 943,1603 985,1602 1028,1601 1070,1600 1113,1600 1155,1600 1198,1599 1240,1599 1283,1599 1326,1598 1368,1598 1411,1598 1453,1598 1496,1597 1538,1597 1581,1596 1623,1595 1666,1595 1709,1594"/>
                <TextEquiv>
                    <Unicode>the intelligent grieve, while her presenta¬</Unicode>
                </TextEquiv>
            </TextLine>
            <TextLine id="r2l21" custom="readingOrder {index:20;}">
                <Coords points="836,1645 1720,1655 1719,1607 836,1612"/>
                <Baseline points="848,1651 891,1649 934,1648 977,1648 1020,1647 1063,1647 1106,1646 1149,1646 1192,1646 1235,1646 1278,1646 1321,1646 1364,1646 1407,1645 1450,1645 1493,1644 1536,1643 1579,1642 1622,1641 1665,1639 1709,1636"/>
                <TextEquiv>
                    <Unicode>tion of a badly mangled version of“ Les</Unicode>
                </TextEquiv>
            </TextLine>
            <TextLine id="r2l22" custom="readingOrder {index:21;}">
                <Coords points="832,1689 1052,1711 1713,1690 1713,1666 1604,1636 1391,1666 832,1654"/>
                <Baseline points="843,1692 886,1692 929,1692 972,1692 1015,1692 1058,1692 1101,1692 1144,1693 1187,1693 1230,1692 1273,1692 1316,1692 1359,1692 1402,1692 1445,1691 1488,1691 1531,1690 1574,1689 1617,1688 1660,1687 1703,1685"/>
                <TextEquiv>
                    <Unicode>Pattes des Mouche,“ and of Mrs. W. K.</Unicode>
                </TextEquiv>
            </TextLine>
            <TextLine id="r2l23" custom="readingOrder {index:22;}">
                <Coords points="833,1749 1715,1755 1714,1683 1501,1711 889,1699 833,1723"/>
                <Baseline points="843,1741 886,1740 929,1740 972,1740 1015,1739 1058,1739 1101,1738 1144,1738 1187,1738 1230,1737 1273,1737 1316,1736 1359,1736 1402,1736 1445,1735 1488,1735 1531,1735 1574,1734 1617,1734 1660,1734 1703,1734"/>
                <TextEquiv>
                    <Unicode>Clifford's one-act tragedy of Madeleine,?</Unicode>
                </TextEquiv>
            </TextLine>
            <TextLine id="r2l24" custom="readingOrder {index:23;}">
                <Coords points="834,1799 1284,1808 1709,1779 1708,1752 1630,1740 833,1749"/>
                <Baseline points="845,1789 887,1788 930,1788 972,1788 1015,1787 1058,1787 1100,1787 1143,1787 1186,1786 1228,1786 1271,1786 1314,1786 1356,1785 1399,1785 1442,1785 1484,1784 1527,1783 1570,1783 1612,1782 1655,1781 1698,1780"/>
                <TextEquiv>
                    <Unicode>an effective but inconsequential melodra¬</Unicode>
                </TextEquiv>
            </TextLine>
            <TextLine id="r2l25" custom="readingOrder {index:24;}">
                <Coords points="845,1842 1724,1855 1723,1796 1682,1786 844,1805"/>
                <Baseline points="855,1837 897,1836 940,1835 983,1835 1026,1834 1069,1834 1112,1833 1154,1833 1197,1833 1240,1833 1283,1833 1326,1833 1369,1832 1412,1832 1454,1832 1497,1831 1540,1830 1583,1830 1626,1828 1669,1827 1712,1826"/>
                <TextEquiv>
                    <Unicode>matie fragment, gave noreason to appland</Unicode>
                </TextEquiv>
            </TextLine>
            <TextLine id="r2l26" custom="readingOrder {index:25;}">
                <Coords points="845,1898 932,1888 1004,1905 1097,1886 1154,1888 1180,1912 1319,1910 1339,1892 1424,1905 1456,1893 1456,1839 1417,1857 1282,1836 1186,1855 844,1841"/>
                <Baseline points="855,1879 884,1879 914,1879 943,1880 973,1880 1002,1880 1032,1881 1061,1881 1091,1881 1120,1881 1150,1881 1179,1881 1209,1881 1238,1880 1268,1880 1297,1879 1327,1877 1356,1876 1386,1874 1415,1872 1445,1870"/>
                <TextEquiv>
                    <Unicode>her as a woman of purpese.—</Unicode>
                </TextEquiv>
            </TextLine>
            <TextLine id="r2l27" custom="readingOrder {index:26;}">
                <Coords points="998,1983 1670,1981 1705,1968 1705,1929 1663,1918 1639,1940 1561,1906 1496,1941 1391,1920 1315,1946 1269,1918 997,1937"/>
                <Baseline points="1008,1974 1042,1973 1076,1972 1111,1971 1145,1971 1179,1970 1214,1970 1248,1970 1282,1970 1317,1971 1351,1971 1385,1971 1420,1971 1454,1971 1488,1971 1523,1971 1557,1970 1591,1969 1626,1968 1660,1967 1695,1965"/>
                <TextEquiv>
                    <Unicode>ASIONALLY a happr combina¬</Unicode>
                </TextEquiv>
            </TextLine>
            <TextLine id="r2l28" custom="readingOrder {index:27;}">
                <Coords points="930,2042 1720,2022 1720,1969 1698,1967 1058,1993 930,1959"/>
                <Baseline points="941,2019 979,2019 1017,2019 1056,2019 1094,2018 1133,2018 1171,2018 1210,2018 1248,2018 1287,2018 1325,2018 1363,2018 1402,2017 1440,2017 1479,2016 1517,2016 1556,2015 1594,2014 1633,2013 1671,2012 1710,2010"/>
                <TextEquiv>
                    <Unicode>tion of excellence in a play and the</Unicode>
                </TextEquiv>
            </TextLine>
            <TextLine id="r2l29" custom="readingOrder {index:28;}">
                <Coords points="965,2065 1098,2087 1126,2065 1670,2077 1718,2067 1718,2024 965,2041"/>
                <Baseline points="977,2066 1013,2068 1050,2068 1086,2068 1123,2068 1159,2068 1196,2068 1232,2068 1269,2067 1305,2066 1342,2065 1379,2065 1415,2064 1452,2063 1488,2062 1525,2061 1561,2061 1598,2060 1634,2060 1671,2060 1708,2060"/>
                <TextEquiv>
                    <Unicode>acting of it brings to the mind of</Unicode>
                </TextEquiv>
            </TextLine>
            <TextLine id="r2l30" custom="readingOrder {index:29;}">
                <Coords points="837,2130 1640,2132 1718,2121 1718,2066 837,2080"/>
                <Baseline points="847,2114 890,2115 933,2115 976,2115 1019,2115 1062,2115 1105,2115 1148,2114 1191,2113 1234,2113 1277,2112 1320,2111 1363,2111 1406,2110 1449,2109 1492,2109 1535,2108 1578,2108 1621,2108 1664,2108 1707,2108"/>
                <TextEquiv>
                    <Unicode>the theatre-frequenter, with a peculiar,</Unicode>
                </TextEquiv>
            </TextLine>
            <TextLine id="r2l31" custom="readingOrder {index:30;}">
                <Coords points="848,2180 1622,2158 1708,2183 1722,2124 847,2134"/>
                <Baseline points="858,2164 900,2163 943,2163 985,2163 1028,2163 1071,2162 1113,2162 1156,2161 1199,2160 1241,2160 1284,2159 1327,2159 1369,2158 1412,2158 1455,2157 1497,2157 1540,2156 1583,2156 1625,2155 1668,2155 1711,2155"/>
                <TextEquiv>
                    <Unicode>almost startling rush, a rcalization of</Unicode>
                </TextEquiv>
            </TextLine>
            <TextLine id="r2l32" custom="readingOrder {index:31;}">
                <Coords points="847,2207 1091,2233 1143,2211 1722,2205 1721,2170 1623,2158 846,2181"/>
                <Baseline points="857,2207 899,2207 942,2208 985,2208 1027,2208 1070,2207 1113,2207 1155,2207 1198,2207 1241,2206 1284,2206 1326,2205 1369,2205 1412,2204 1454,2204 1497,2203 1540,2202 1582,2202 1625,2201 1668,2200 1711,2199"/>
                <TextEquiv>
                    <Unicode>what keen intellectual joys the play-house</Unicode>
                </TextEquiv>
            </TextLine>
            <TextLine id="r2l33" custom="readingOrder {index:32;}">
                <Coords points="847,2258 930,2276 1110,2247 1222,2274 1724,2245 1699,2197 1671,2220 846,2221"/>
                <Baseline points="857,2254 899,2255 942,2255 985,2255 1028,2255 1071,2255 1114,2254 1156,2254 1199,2253 1242,2252 1285,2252 1328,2250 1371,2250 1414,2249 1456,2248 1499,2247 1542,2246 1585,2246 1628,2245 1671,2245 1714,2245"/>
                <TextEquiv>
                    <Unicode>is possible. The familiar round of man¬</Unicode>
                </TextEquiv>
            </TextLine>
            <TextLine id="r2l34" custom="readingOrder {index:33;}">
                <Coords points="841,2311 1346,2319 1459,2285 1501,2313 1714,2303 1696,2245 841,2274"/>
                <Baseline points="851,2304 893,2304 936,2303 978,2302 1021,2302 1064,2301 1106,2300 1149,2300 1191,2299 1234,2299 1277,2298 1319,2298 1362,2297 1404,2297 1447,2296 1490,2295 1532,2295 1575,2294 1617,2294 1660,2293 1703,2292"/>
                <TextEquiv>
                    <Unicode>ager-made stars and plays written to</Unicode>
                </TextEquiv>
            </TextLine>
            <TextLine id="r2l35" custom="readingOrder {index:34;}">
                <Coords points="848,2361 1721,2340 1720,2305 1644,2298 972,2322 847,2302"/>
                <Baseline points="859,2350 901,2351 944,2351 986,2350 1029,2350 1071,2349 1114,2349 1156,2348 1199,2347 1241,2346 1284,2345 1327,2344 1369,2343 1412,2343 1454,2341 1497,2341 1539,2340 1582,2340 1624,2340 1667,2340 1710,2340"/>
                <TextEquiv>
                    <Unicode>keep within the poor confines of their</Unicode>
                </TextEquiv>
            </TextLine>
            <TextLine id="r2l36" custom="readingOrder {index:35;}">
                <Coords points="846,2412 1090,2391 1147,2415 1686,2408 1725,2390 1725,2344 845,2355"/>
                <Baseline points="857,2398 899,2397 942,2397 985,2396 1028,2396 1071,2396 1114,2395 1157,2395 1200,2394 1243,2394 1286,2393 1328,2393 1371,2392 1414,2392 1457,2391 1500,2391 1543,2390 1586,2389 1629,2388 1672,2387 1715,2387"/>
                <TextEquiv>
                    <Unicode>limitations lull one into forgetfulness of</Unicode>
                </TextEquiv>
            </TextLine>
            <TextLine id="r2l37" custom="readingOrder {index:36;}">
                <Coords points="853,2455 1467,2434 1684,2454 1717,2447 1717,2408 853,2416"/>
                <Baseline points="864,2446 906,2444 948,2443 990,2442 1032,2441 1074,2441 1116,2440 1159,2440 1201,2440 1243,2440 1285,2440 1327,2439 1369,2439 1411,2439 1454,2439 1496,2438 1538,2438 1580,2437 1622,2436 1664,2435 1707,2434"/>
                <TextEquiv>
                    <Unicode>the splendid possibilitics of the stage.</Unicode>
                </TextEquiv>
            </TextLine>
            <TextLine id="r2l38" custom="readingOrder {index:37;}">
                <Coords points="851,2499 1615,2503 1721,2475 1704,2452 1486,2437 1179,2459 1135,2438 984,2471 851,2455"/>
                <Baseline points="861,2493 903,2492 946,2491 988,2491 1031,2490 1073,2489 1116,2489 1158,2488 1201,2487 1243,2487 1286,2486 1328,2485 1371,2485 1413,2484 1456,2484 1498,2483 1541,2482 1583,2482 1626,2481 1668,2481 1711,2480"/>
                <TextEquiv>
                    <Unicode>Then, as carlv in the season with the“The</Unicode>
                </TextEquiv>
            </TextLine>
            <TextLine id="r2l39" custom="readingOrder {index:38;}">
                <Coords points="848,2539 1725,2543 1724,2491 1696,2485 847,2498"/>
                <Baseline points="858,2538 900,2537 943,2536 986,2536 1029,2535 1071,2535 1114,2535 1157,2534 1200,2534 1242,2533 1285,2533 1328,2533 1371,2532 1413,2532 1456,2531 1499,2531 1542,2530 1584,2530 1627,2529 1670,2528 1713,2528"/>
                <TextEquiv>
                    <Unicode>Threc of Us’'—still happily prosperous in</Unicode>
                </TextEquiv>
            </TextLine>
            <TextLine id="r2l40" custom="readingOrder {index:39;}">
                <Coords points="848,2590 1668,2596 1720,2578 1720,2541 847,2553"/>
                <Baseline points="858,2589 900,2588 943,2587 985,2586 1028,2586 1070,2585 1113,2585 1155,2584 1198,2584 1240,2583 1283,2583 1326,2583 1368,2582 1411,2582 1453,2581 1496,2581 1538,2580 1581,2579 1623,2578 1666,2577 1709,2575"/>
                <TextEquiv>
                    <Unicode>art and monetary reward—our confused</Unicode>
                </TextEquiv>
            </TextLine>
            <TextLine id="r2l41" custom="readingOrder {index:40;}">
                <Coords points="855,2642 1721,2629 1720,2592 1651,2582 854,2603"/>
                <Baseline points="866,2639 908,2637 950,2636 992,2634 1034,2633 1076,2632 1118,2631 1161,2631 1203,2630 1245,2629 1287,2629 1329,2628 1371,2627 1413,2627 1456,2626 1498,2625 1540,2625 1582,2624 1624,2623 1666,2623 1709,2622"/>
                <TextEquiv>
                    <Unicode>vision is made to see clearly again.</Unicode>
                </TextEquiv>
            </TextLine>
            <TextLine id="r2l42" custom="readingOrder {index:41;}">
                <Coords points="850,2682 1062,2700 1723,2669 1722,2641 1567,2621 1409,2650 1217,2628 849,2645"/>
                <Baseline points="861,2683 903,2682 946,2682 988,2681 1031,2681 1073,2680 1116,2679 1158,2679 1201,2678 1243,2677 1286,2677 1329,2676 1371,2675 1414,2674 1456,2673 1499,2672 1541,2672 1584,2671 1626,2670 1669,2669 1712,2668"/>
                <TextEquiv>
                    <Unicode>Reckoning' and the acting of it raises be¬</Unicode>
                </TextEquiv>
            </TextLine>
            <TextLine id="r2l43" custom="readingOrder {index:42;}">
                <Coords points="857,2737 1680,2738 1730,2729 1729,2676 856,2687"/>
                <Baseline points="868,2731 910,2729 953,2728 995,2727 1038,2726 1080,2725 1123,2724 1165,2724 1208,2723 1250,2723 1293,2722 1335,2722 1378,2722 1420,2721 1463,2721 1505,2720 1548,2720 1590,2719 1633,2718 1675,2717 1718,2716"/>
                <TextEquiv>
                    <Unicode>fore us again the light that should lead</Unicode>
                </TextEquiv>
            </TextLine>
            <TextLine id="r2l44" custom="readingOrder {index:43;}">
                <Coords points="849,2788 1082,2771 1219,2793 1313,2765 1718,2787 1717,2728 1614,2721 1269,2744 1162,2722 1055,2748 966,2725 849,2753"/>
                <Baseline points="859,2781 901,2779 943,2778 986,2777 1028,2775 1071,2774 1113,2773 1155,2773 1198,2772 1240,2771 1283,2770 1325,2770 1367,2769 1410,2769 1452,2769 1495,2768 1537,2768 1579,2767 1622,2767 1664,2767 1707,2766"/>
                <TextEquiv>
                    <Unicode>play-goers to the best. Oue is tempted to</Unicode>
                </TextEquiv>
            </TextLine>
            <TextLine id="r2l45" custom="readingOrder {index:44;}">
                <Coords points="845,2834 1254,2811 1289,2841 1365,2816 1626,2832 1724,2819 1723,2769 844,2791"/>
                <Baseline points="856,2826 898,2824 941,2823 984,2821 1027,2820 1070,2820 1113,2819 1155,2818 1198,2818 1241,2818 1284,2817 1327,2817 1370,2816 1413,2816 1455,2815 1498,2815 1541,2814 1584,2813 1627,2813 1670,2811 1713,2810"/>
                <TextEquiv>
                    <Unicode>say, rather than“How great!'—How</Unicode>
                </TextEquiv>
            </TextLine>
            <TextLine id="r2l46" custom="readingOrder {index:45;}">
                <Coords points="855,2880 1029,2854 1075,2879 1476,2884 1721,2870 1721,2833 1294,2844 1250,2811 1153,2839 855,2835"/>
                <Baseline points="866,2871 908,2870 950,2870 992,2869 1035,2869 1077,2868 1119,2868 1161,2868 1204,2867 1246,2867 1288,2866 1330,2865 1373,2865 1415,2864 1457,2863 1499,2863 1542,2862 1584,2861 1626,2860 1668,2859 1711,2858"/>
                <TextEquiv>
                    <Unicode>right!* This drama is not great; it at¬</Unicode>
                </TextEquiv>
            </TextLine>
            <TextLine id="r2l47" custom="readingOrder {index:46;}">
                <Coords points="855,2926 1730,2924 1729,2871 1694,2861 1055,2883 1022,2856 994,2884 854,2880"/>
                <Baseline points="866,2920 908,2918 951,2917 993,2916 1036,2915 1079,2914 1121,2914 1164,2913 1207,2913 1249,2913 1292,2912 1335,2912 1377,2912 1420,2911 1463,2911 1505,2910 1548,2909 1591,2908 1633,2906 1676,2905 1719,2903"/>
                <TextEquiv>
                    <Unicode>tempts too little to be. But it is splendid</Unicode>
                </TextEquiv>
            </TextLine>
            <TextLine id="r2l48" custom="readingOrder {index:47;}">
                <Coords points="846,2998 1005,2956 1031,2980 1168,2956 1303,2978 1734,2942 1733,2920 1620,2911 845,2918"/>
                <Baseline points="856,2967 899,2965 942,2964 985,2962 1029,2961 1072,2960 1115,2959 1159,2958 1202,2957 1245,2957 1289,2956 1332,2956 1375,2955 1418,2955 1462,2954 1505,2953 1548,2953 1592,2953 1635,2952 1678,2951 1722,2951"/>
                <TextEquiv>
                    <Unicode>in the fineness of its perfection. It gives</Unicode>
                </TextEquiv>
            </TextLine>
            <TextLine id="r2l49" custom="readingOrder {index:48;}">
                <Coords points="852,3014 1681,3017 1720,2994 1720,2959 1389,2980 1008,2960 852,2984"/>
                <Baseline points="864,3011 906,3010 948,3009 990,3008 1033,3007 1075,3006 1117,3005 1159,3004 1202,3003 1244,3003 1286,3002 1328,3001 1371,3000 1413,3000 1455,3000 1497,2999 1540,2999 1582,2999 1624,2999 1666,2998 1709,2998"/>
                <TextEquiv>
                    <Unicode>something of the pleasure of a short story</Unicode>
                </TextEquiv>
            </TextLine>
            <TextLine id="r2l50" custom="readingOrder {index:49;}">
                <Coords points="854,3063 1731,3060 1730,3017 1628,3005 1054,3032 853,3013"/>
                <Baseline points="865,3055 907,3055 950,3054 993,3054 1035,3054 1078,3053 1121,3052 1163,3052 1206,3051 1249,3051 1292,3050 1334,3049 1377,3049 1420,3048 1462,3048 1505,3047 1548,3047 1590,3046 1633,3046 1676,3046 1719,3046"/>
                <TextEquiv>
                    <Unicode>by Mrs. Wharton, perfect in its valucs.</Unicode>
                </TextEquiv>
            </TextLine>
            <TextLine id="r2l51" custom="readingOrder {index:50;}">
                <Coords points="853,3105 1636,3115 1719,3087 1718,3056 1655,3053 852,3062"/>
                <Baseline points="863,3109 905,3108 947,3107 989,3105 1031,3104 1074,3103 1116,3102 1158,3101 1200,3100 1242,3099 1285,3098 1327,3097 1369,3096 1411,3096 1453,3095 1496,3095 1538,3094 1580,3094 1622,3094 1664,3094 1707,3095"/>
                <TextEquiv>
                    <Unicode>flawless in its veracity of detail and in¬</Unicode>
                </TextEquiv>
            </TextLine>
            <TextLine id="r2l52" custom="readingOrder {index:51;}">
                <Coords points="852,3150 1633,3163 1722,3152 1722,3108 1413,3101 1287,3128 1239,3103 1121,3124 851,3105"/>
                <Baseline points="863,3155 905,3153 947,3152 990,3151 1032,3150 1075,3149 1117,3149 1159,3148 1202,3148 1244,3147 1287,3147 1329,3147 1371,3147 1414,3146 1456,3146 1499,3146 1541,3145 1583,3145 1626,3144 1668,3143 1711,3143"/>
                <TextEquiv>
                    <Unicode>finite in suggestion. Its story is simple.</Unicode>
                </TextEquiv>
            </TextLine>
            <TextLine id="r2l53" custom="readingOrder {index:52;}">
                <Coords points="853,3206 1034,3229 1410,3193 1693,3206 1730,3199 1729,3155 852,3180"/>
                <Baseline points="863,3204 905,3204 948,3204 991,3204 1034,3203 1077,3202 1119,3201 1162,3201 1205,3200 1248,3199 1291,3198 1333,3197 1376,3196 1419,3195 1462,3194 1505,3194 1547,3194 1590,3193 1633,3194 1676,3194 1719,3195"/>
                <TextEquiv>
                    <Unicode>A young Austrian oflicer, wearied of his</Unicode>
                </TextEquiv>
            </TextLine>
            <TextLine id="r2l54" custom="readingOrder {index:53;}">
                <Coords points="1955,3223 2075,3242 2154,3231 2167,3244 2186,3231 2336,3241 2410,3228 2410,3202 2364,3189 2254,3204 2227,3191 2206,3205 2145,3194 2119,3205 2073,3188 2005,3203 1955,3193"/>
                <Baseline points="1967,3226 1992,3226 2017,3226 2043,3226 2068,3226 2094,3227 2119,3227 2144,3227 2170,3227 2195,3227 2221,3227 2246,3226 2271,3226 2297,3226 2322,3225 2348,3225 2373,3224 2399,3223"/>
                <TextEquiv>
                    <Unicode>VITTORIO AINNONELI</Unicode>
                </TextEquiv>
            </TextLine>
            <TextLine id="r2l55" custom="readingOrder {index:54;}">
                <Coords points="858,3263 1730,3248 1729,3207 1670,3197 1486,3220 1444,3198 1355,3220 857,3209"/>
                <Baseline points="869,3255 911,3254 954,3254 996,3253 1039,3253 1081,3252 1124,3252 1166,3251 1209,3250 1251,3249 1294,3249 1336,3248 1379,3247 1421,3246 1464,3246 1506,3245 1549,3244 1591,3243 1634,3242 1676,3241 1719,3240"/>
                <TextEquiv>
                    <Unicode>intrigue with a married woman in his own</Unicode>
                </TextEquiv>
            </TextLine>
            <TextLine id="r2l56" custom="readingOrder {index:55;}">
                <Coords points="1901,3274 2365,3274 2428,3261 2428,3226 2301,3242 2199,3232 2171,3247 2127,3234 1901,3240"/>
                <Baseline points="1912,3264 1937,3263 1962,3263 1987,3263 2012,3263 2038,3263 2063,3264 2088,3264 2113,3264 2138,3264 2164,3264 2189,3264 2214,3264 2239,3264 2264,3264 2290,3264 2315,3263 2340,3262 2365,3261 2390,3259 2416,3258"/>
                <TextEquiv>
                    <Unicode>AS MEFISTO IN FAUST·</Unicode>
                </TextEquiv>
            </TextLine>
            <TextLine id="r2l57" custom="readingOrder {index:56;}">
                <Coords points="853,3307 1578,3316 1713,3294 1699,3251 853,3270"/>
                <Baseline points="863,3304 904,3303 946,3303 988,3302 1030,3301 1072,3301 1114,3300 1156,3300 1198,3299 1240,3298 1282,3298 1323,3297 1365,3296 1407,3296 1449,3295 1491,3294 1533,3293 1575,3292 1617,3291 1659,3290 1701,3289"/>
                <TextEquiv>
                    <Unicode>social sphiere, has turned his flirtations at¬</Unicode>
                </TextEquiv>
            </TextLine>
            <TextLine id="r2l58" custom="readingOrder {index:57;}">
                <Coords points="1922,3325 2044,3309 2100,3325 2179,3310 2240,3327 2333,3304 2418,3315 2431,3312 2431,3256 2316,3277 1922,3272"/>
                <Baseline points="1932,3301 1957,3301 1983,3301 2009,3301 2034,3301 2060,3301 2086,3300 2111,3300 2137,3300 2163,3299 2188,3299 2214,3299 2240,3299 2265,3299 2291,3300 2317,3300 2342,3301 2368,3302 2394,3303 2420,3305"/>
                <TextEquiv>
                    <Unicode>MANHATTAN OPERA CO.</Unicode>
                </TextEquiv>
            </TextLine>
            <TextLine id="r2l59" custom="readingOrder {index:58;}">
                <Coords points="852,3359 1620,3359 1713,3342 1713,3294 1584,3316 851,3307"/>
                <Baseline points="863,3352 905,3352 947,3352 989,3351 1031,3351 1073,3351 1115,3350 1157,3350 1199,3349 1241,3348 1283,3348 1325,3347 1367,3346 1409,3345 1451,3345 1493,3344 1535,3343 1577,3343 1619,3342 1661,3342 1703,3341"/>
                <TextEquiv>
                    <Unicode>tention to the daughter ef an impecuni¬</Unicode>
                </TextEquiv>
            </TextLine>
            <TextLine id="r2l60" custom="readingOrder {index:59;}">
                <Coords points="1720,3399 2136,3418 2595,3395 2595,3360 2560,3352 2153,3339 2090,3368 1720,3334"/>
                <Baseline points="1731,3396 1773,3397 1816,3397 1858,3398 1901,3398 1944,3398 1986,3398 2029,3398 2071,3398 2114,3397 2157,3397 2199,3396 2242,3396 2284,3395 2327,3395 2370,3394 2412,3394 2455,3393 2497,3393 2540,3393 2583,3393"/>
                <TextEquiv>
                    <Unicode>of that inconsequential tale is an infinity</Unicode>
                </TextEquiv>
            </TextLine>
            <TextLine id="r2l61" custom="readingOrder {index:60;}">
                <Coords points="854,3403 1725,3401 1724,3355 1691,3349 1036,3350 854,3381"/>
                <Baseline points="865,3402 907,3402 949,3402 992,3401 1034,3401 1077,3400 1119,3400 1161,3399 1204,3399 1246,3398 1289,3398 1331,3397 1373,3396 1416,3396 1458,3395 1501,3394 1543,3394 1585,3393 1628,3392 1670,3391 1713,3389"/>
                <TextEquiv>
                    <Unicode>ous violinist, in a theatre orchestra. A</Unicode>
                </TextEquiv>
            </TextLine>
            <TextLine id="r2l62" custom="readingOrder {index:61;}">
                <Coords points="854,3469 2606,3446 2418,3395 854,3404"/>
                <Baseline points="865,3453 951,3452 1037,3451 1124,3449 1210,3448 1297,3447 1383,3446 1470,3444 1556,3443 1643,3442 1729,3441 1815,3440 1902,3440 1988,3439 2075,3439 2161,3439 2248,3440 2334,3440 2421,3441 2507,3442 2594,3444"/>
                <TextEquiv>
                    <Unicode>duel with the husband of his former of suggestion, not to be found in ten</Unicode>
                </TextEquiv>
            </TextLine>
            <TextLine id="r2l63" custom="readingOrder {index:62;}">
                <Coords points="851,3528 2596,3508 2595,3458 2417,3438 850,3478"/>
                <Baseline points="861,3507 947,3507 1033,3506 1119,3505 1206,3504 1292,3503 1378,3501 1464,3499 1551,3497 1637,3496 1723,3494 1809,3492 1896,3491 1982,3490 2068,3489 2154,3488 2241,3488 2327,3488 2413,3489 2499,3490 2586,3492"/>
                <TextEquiv>
                    <Unicode>mistress separates them; and he never re- Broadway successes'’ rolled into one. A</Unicode>
                </TextEquiv>
            </TextLine>
            <TextEquiv>
                <Unicode>box 11/2
eu 
#. 5
377
PLAYS OF THE HOUR
ideal of Rosalind, but delighted the peoples furns. HIe is killed, and the girl departs
1o weep at his grave.
of many places with a general representa¬
TPhat is all. Yet within the limitations
tion of the eternally swect and vouthful
comnedy that made the best beautics of it
keenlv felt. Her adventure with a drama
by Mrs. Sutherland, since, in association
with Miss Beulah Marie Dix, so deserved¬
Iv successful with“The Road to Vester¬
day,? was a failure without artistic dis¬
credit; but her association with the silly
plagof“Sweet Kitty Bellairs,“ undoubted¬
Ira wise business move, could only make
the intelligent grieve, while her presenta¬
tion of a badly mangled version of“ Les
Pattes des Mouche,“ and of Mrs. W. K.
Clifford's one-act tragedy of Madeleine,?
an effective but inconsequential melodra¬
matie fragment, gave noreason to appland
her as a woman of purpese.—
ASIONALLY a happr combina¬
tion of excellence in a play and the
acting of it brings to the mind of
the theatre-frequenter, with a peculiar,
almost startling rush, a rcalization of
what keen intellectual joys the play-house
is possible. The familiar round of man¬
ager-made stars and plays written to
keep within the poor confines of their
limitations lull one into forgetfulness of
the splendid possibilitics of the stage.
Then, as carlv in the season with the“The
Threc of Us’'—still happily prosperous in
art and monetary reward—our confused
vision is made to see clearly again.
Reckoning' and the acting of it raises be¬
fore us again the light that should lead
play-goers to the best. Oue is tempted to
say, rather than“How great!'—How
right!* This drama is not great; it at¬
tempts too little to be. But it is splendid
in the fineness of its perfection. It gives
something of the pleasure of a short story
by Mrs. Wharton, perfect in its valucs.
flawless in its veracity of detail and in¬
finite in suggestion. Its story is simple.
A young Austrian oflicer, wearied of his
VITTORIO AINNONELI
intrigue with a married woman in his own
AS MEFISTO IN FAUST·
social sphiere, has turned his flirtations at¬
MANHATTAN OPERA CO.
tention to the daughter ef an impecuni¬
of that inconsequential tale is an infinity
ous violinist, in a theatre orchestra. A
duel with the husband of his former of suggestion, not to be found in ten
mistress separates them; and he never re- Broadway successes'’ rolled into one. A</Unicode>
            </TextEquiv>
        </TextRegion>
    </Page>
</PcGts>
