3436 4224
238 232 791 334 5. Liebelei
696 222 1360 355 box 10/1
457 293 676 362 a un eent ten 1
818 622 952 695 30
1596 625 2939 695 Frankfurter Herold-Kleine Chronik.
2588 680 2946 740 ——
2164 688 2261 741 —.—
819 683 951 727 —
1686 681 1983 738 —
1146 670 1329 739 —
1806 727 2758 775 müssen wir doch sagen, diese Künstlerin wird dem
835 714 1779 780 Unterschied zwischen Hoch und Niedrig. Natürlich
2773 712 2938 798 sprüng!
1801 770 2762 840 Character, ja sogar dem Geist des ganzen Drama's
835 776 1793 841 geschiebt das nicht tendenziös, Schnitaler lässt seine
2773 776 2950 847 und w.
1811 816 2758 883 gefährlich. Sie ist nämlich viel zu empfindsam und
820 823 1782 886 Meuschen nie predigen, aber durch das was sie thun,
2780 829 2948 891 schöner
1807 867 2762 922 leidenschaftlich, während ihr Mädchen vor allem
836 870 1785 921 strömt jenes grosse sociale Cefühl, dem nur ein
2773 877 2948 941 Geschn
1798 912 2756 970 schlicht zu sein hat. Eine feine Geradheit, die
834 919 1771 974 Mal die nahe Zukunft gehört und das man sich un¬
2780 927 2943 992 cessiont
1797 961 2762 1017 aber mit den Ereignissen wächst, macht die eigent.
824 956 1784 1037 möglich geben kann, wenn es nicht in Einem Fleisch
2780 967 2947 1031 Geister
827 1009 1277 1084 und Blut geworden ist.
1797 1008 2762 1075 liche Aufgabe der Christine zus; es ist durchaus
2780 1008 2919 1078 selbst
1803 1049 2749 1122 keine Lnisenrolle. Frin. Charlotte Boch die ja
903 1031 1778 1122 Die Handlung hat einen anonymen, dunkeln,
2780 1061 2946 1119 chester
836 1095 1788 1173 gleichsam schwarzsammten Hintergrund, denn die
1796 1103 2763 1160 genz gut weauern kann, wür hier die einzig richtige
2780 1110 2948 1180 erfunde
840 1160 1790 1218 unbeilverkündende Gestalt einer Dame in schwarzem
1805 1146 2767 1212 Darstellerin gewesen. Die Mizzi Schlager wurde
2774 1158 2942 1218 sproche
835 1198 1790 1257 Sammet bildet den Angelpunkt eines melancholischen
1800 1199 2761 1263 von Frin. Auna Bock glänzend gegeben. Von ihr
2775 1201 2947 1262 Beleuel
832 1247 1778 1316 Gespräches zwischen Fritz Lo heimer und dessen
1795 1237 2755 1298 ging die eigentlich fröhliche Stimmung des I. Aktes
2775 1250 2926 1320 nisten
1800 1297 2757 1354 aus, dessen erste Hälfte sonst leicat farblos verlaufen
825 1303 1775 1355 „Carlos“ Theodor Kaiser. Nur ist dieses Correctiv
2764 1298 2953 1362 schroffe
1808 1339 2764 1393 könnte. Allmählich werden sich doch auch andere
835 1344 1775 1399 anders als im Clavigo, persönlich lebenslustig. Er
2768 1343 2949 1401 im erst
833 1382 1785 1435 hat zwei Mädchen mitgebracht die gedeeikenlose Mizzi
1805 1392 2757 1444 Beobachter über die grossen Vorzüge dieser Acqui¬
2778 1386 2934 1454 zu mer
825 1441 1790 1491 Schlager und die gedankansch vere Chr. stine Werring.
1809 1433 2761 1491 sition klar, nachdem der Fremdgeschmack daren lange
2780 1438 2941 1500 mit de
1804 1479 2767 1541 genug gedauert hat. Frin. König alz Katharina Binder
821 1471 1791 1529 Die Erstere will sich nur amüsiren und ist, wie dies
2779 1485 2935 1542 Genies
820 1524 1785 1589 im zweiten Akte sehr achtsam herausgekehrt wird,
1809 1540 2764 1588 machte Alles recht effectvoll, hat aber hierbei augen¬
2784 1531 2944 1593 Verdi
821 1576 1781 1634 bereits bei jenen kleinen Männerhass angekommen,
1799 1580 2756 1641 scheinlich den Dichter noch manchesmal überzeichnet.
2766 1579 2943 1641 um 201
822 1632 1789 1678 der die Leichtfertigkeit beim Weibe doppelt würzt.
1805 1612 2760 1685 Herr Bauer als Liebhaber und auch gleichsam als
2768 1630 2932 1689 zu gre
830 1666 1782 1727 Wiederum die Christine denkt beständig Allem vor,
1804 1671 2762 1723 Held war sehr gut, allein seine Rolle ist schwer zu
2775 1673 2944 1749 er eine
822 1714 1795 1775 nie liebt jenen Fritz, weil er der Gebildete ist und
1811 1715 2754 1781 verderben. Aeusserst verdienstvoll spielte dagegen
2783 1724 2968 1784 was ##
1809 1758 2764 1813 Herr Bolz den Freund und Lebenskünstler — Der
823 1759 1783 1812 sie ferner an seiner Unruhe sein Nichtglücklichsein
2780 1765 2936 1824 einer
820 1808 1788 1866 herausfühlt. Dies lockt ihre Productivität, wie man
1809 1809 2765 1858 beleidigte Gatte Herr Roll that natürlich seine
2781 1789 3004 1891 stauuli
1811 1856 2762 1912 Wirkung, aber in Wien wo Mitterwurzer diese Episode
829 1854 1787 1928 das Mitleid in höberem Sinne wohl nennen darf.
2775 1863 2954 1923 fast du
831 1900 1776 1956 Wie tief ist es z. B. gefasst, wenn sie dem Clavier¬
1811 1908 2762 1963 verkörpert, stürtzt der Mann todtenbleich wie unter
2776 1910 2929 1972 Jedes
830 1948 1778 2011 spiel ihres Schatzes zuhört, und nachdem es zu Ende
1812 1952 2762 2034 dem ersten Eindrucke der Entdeckung herein. Und
2779 1958 2955 2018 scheint.
1815 2008 2347 2070 das ist etwas ganz Anderes!
833 1998 1783 2045 ist, nicht etwa entzückt thut, sondern fast wehmüthig
835 2042 1790 2103 ausbricht: „so mächts ich auch spielen können!“ — Das
2768 2049 2966 2119 enUe
2078 2063 2360 2149 Oper.
827 2098 1785 2156 unbewusste Bekenntniss, dass wenn sie sich se Lufs
2767 2094 2945 2167 Nur ein
1867 2134 2759 2192 Einen ähnlichen Vorgang wie bei vielen anderen
817 2134 1780 2185 könnte, sie zu ihm nicht so hingebend, wie zu etwas
2766 2149 2962 2213 Fafstat
1801 2182 2765 2232 Nachahmungen von Operalibretti wird wohl die
834 2184 1788 2231 Höherem aufblicken müsste. Dieses fortwährende Zurück¬
2774 2194 2959 2259 Felsett
1805 2228 2954 2302 Gegenwart mit dem jüngsten Opus des greisen inperuf
822 2228 1793 2298 kommen auf sich selbst macht die Christine im Grunde zu
2476 2274 2734 2347 t r
1801 2260 1945 2351 Gius
822 2287 1789 2348 einer unbequemen Geliebten, aber da Herr Fritz Lob¬
2854 2290 2907 2364 e
1814 2316 1963 2397 leben.?
826 2322 1788 2392 heimer, momentan in einer noch schärferen Zwick¬
1809 2372 1927 2427 dass
825 2385 1780 2436 mühle sitzt, so ist ihm dieses Mädchen schon Labsal
1805 2421 1928 2480 über
819 2424 1777 2487 und Erholung. Wie nun der tödtlich beleidigte Gatte
1818 2458 1948 2525 wenn
825 2461 1792 2525 jener Dame im schwarzen Sammet, eintritt, die hübsche
1806 2509 1936 2564 einer
816 2509 1782 2572 Freude von vorher sich langsam verdästert, Todes¬
1794 2542 1954 2627 Hand
819 2559 1781 2606 ahnungen aufsteigen, in die noch von der Strasse
1795 2603 1916 2678 jeue
816 2610 1793 2670 herauf die Lieder der Mädchen hineintönen, Alles
1810 2653 1935 2726 Komt
814 2666 1790 2720 dies lässt sich nur mit einem Wort wiedergeben —
1804 2698 1910 2756 hat.
826 2706 1773 2767 es ist gedichtet. Im zweiten Akt erleben wir
1805 2742 1933 2812 Herr
821 2746 1782 2815 auch eine wirklich machtvolle Gestalt, es ist der
1807 2794 1941 2853 kämp.
830 2798 1780 2858 Vater der Christine, und an Bedeutung und Ursprüng¬
1797 2841 1936 2910 komp
821 2852 1801 2906 lichkeit dürfte man in neueren Dramen wohl schwer¬
1797 2894 1941 2956 zu Sc
824 2894 1785 2958 lich seines Gleichen finden. Dieser Mann, der seine
1812 2934 1941 3002 schm
826 2948 1786 3005 verstorbene Schwester so gut behütet hat, dass sie
1816 2983 1928 3027 zu f
827 2991 1799 3053 vor Unglück aber auch vor — Glück bewahrt Ne¬
1807 3005 1943 3086 siche
819 3036 1787 3095 blieben ist. der nachträglich Gewissenskämpfe darüber
1801 3067 1941 3128 nur
818 3075 1787 3142 besteht und es durch jedes Wort hindurchblicken
824 3121 1796 3191 lässt, dass er seiner Tochter nicht im Wege stehen
832 3170 1786 3226 will! Alle Details dieses Aktes: die ältere boshafte
1806 3215 1948 3268 Platz
830 3214 1782 3280 Frau aus dem Volke. die Entschlossenheit Christine's,
1814 3253 1950 3319 Weib
831 3263 1789 3330 ihr süsses Geheimniss auch nicht ein Mal auf dem
1807 3307 1927 3370 den
824 3309 1781 3364 Wege einer gemüthichen Planderei Preis zu geben,
1811 3355 1944 3420 schaf
822 3351 1781 3419 u.s. w., u.s. w., sind ungemein reizvoll getroffen. Und
1798 3401 1956 3456 Takte
836 3404 1786 3462 dann die Ankunft des Geliebten, der Beiden Zusammen¬
1806 3435 1955 3512 Titell
825 3458 1793 3523 sein! Der Zuschauer, der von dem schmerzlichen Ende
826 3497 1795 3558 bereits erfüllt ist, kann sich von dieser Scene so
1803 3541 1950 3624 Sorgt
836 3542 1789 3598 wenig lesreissen, wie das nech ahnungslose Mädchen
834 3593 1789 3651 selbet Der dritte Akt, der hier leider zu rasch
1808 3645 1928 3702 dem
836 3654 1783 3701 wiederbeginnt, denn es liegen zwei furchtbare Tage
1808 3686 1946 3745 hübse!
828 3685 1788 3749 dazwischen, ist bereits hier im Eingang geschildert.
1818 3736 1945 3789 Anna
829 3736 1787 3803 Es sei nur nuch die Art erwähnt, wie Schritzier uns
1812 3772 1957 3835 Defini¬
824 3778 1786 3836 selbst mit der Katastrophe bekannt macht. Christine
1811 3825 1961 3884 positi
823 3822 1787 3889 steht nachdenklich bei Seite, als der Vater bangen
1808 3874 1959 3930 thatsi
826 3877 1798 3931 Blickes hineinstürzt und leise sich selbst zuruft:
1807 3923 1962 3980 worde
836 3925 1790 3979 „Sie weiss noch von Nichts?“ Nicht immer fühlt
1806 3956 1949 4042 das
822 3970 1580 4037 man es s0 stark, dass Kunst Kürze ist!
1804 4014 1953 4081 das s
902 4016 1794 4071 Hoffentlich lässt sich unser junger Poet von
1816 4064 1965 4120 schrei
834 4065 1785 4124 einem Theaterbeifall nicht einlullen. Die Wenigen,
1817 4110 1960 4165 Ergüs
831 4110 1798 4183 welche wirl.lich mitempfunden haben, loben das Stück
1818 4148 1981 4203 zahlre
841 4147 1808 4205 als: „menschlich“. Die Vieien welche mitgeklatscht
