3392 4224
334 101 1215 154 heit beigemengt, der nur in der Verzweiflung,
333 135 1220 201 wenn alle Liebe aus und tot ist, ganz
333 177 1229 229 erlöschen kann. Solange aber dieser Strahl von
322 217 1232 278 bürgerlicher Reinheit über ihr glänzt, blüht ihre
328 260 1230 315 Grazie unter der Wärme ihres vollen Gefühls
335 304 1228 356 nur um so sanfter und süßer. Ihre Keckheit noch
336 350 1237 409 hat einen Zug von heimlichem Respekt, der nicht
330 390 1231 446 verletzen will. Und ihr ganzes blondes, blau¬
333 429 1237 500 äugiges Wesen, ihre ganze kleine, seine Person
328 487 1233 544 hat eigentlich, inmitten all der sündigen Liebe
326 527 1237 577 und schmerzlich=süßen Selbstverdamwnis nur die
343 562 1227 640 eine unausgesprochene, oft auch ganz unbewußte
338 608 1240 667 Sehnsucht: zur Ehe zurückzufinden, zu irgend
335 650 1233 705 einer Häuslichkeit, die nicht ohne Glück und Glanz
334 702 1239 753 wäre, zum bürgerlichen Ursprung, von dem sie in
328 750 1226 798 der Not ihres übervollen Herzens abgewichen ist.
328 778 1243 846 So wäre es tigentlich eine Art von sozialem
345 834 1233 887 Heimweh, was den süßen Mädeln in Wien ihre
333 868 1246 925 weiche Sanftmut, ihre lieblich=bescheidene Güte, ihre
339 909 1233 978 stille Standhaftigkeit gibt, — was sie süßer mack:
348 954 1234 1017 alse wa die schnell eroberte Weiblichkeit anderer
331 997 1248 1058 Rassen. Gewiß, was sie an heller Schönheit, an
341 1054 1248 1104 schlanker Anmut haben, die Melodie ihrer
340 1087 1244 1141 Stimme und der Schmelz der blauen Augen, ist
350 1111 1254 1194 ein Geschenk des Wiener Blutes, uralte Erbschaft
342 1172 1244 1241 des Volkstums. Aber die stille Sehnsucht ihres
337 1220 1241 1278 Herzens, die Sicherheit und Dauer und Wärme
346 1260 1246 1322 des Gefühles, die lautlose Schmerzlichteit ihrer
344 1309 1244 1362 Liebe, — dieses Süßeste an ihrer Süße ent¬
344 1362 1253 1412 springt dem instinktiv empfundenen Zwiespalt
348 1383 1249 1461 zwischen ihrer bürgersichen Herkunft und dem
356 1436 1245 1505 Gang der Schicksals, das ihnen ihr Herz bereitet.
350 1484 1245 1541 Auch damit, mit diesem gefährlich hilflosen
363 1521 1243 1583 Schwanken zwischen zwei Schichten der Gesell¬
361 1569 1246 1640 schaft sind sie echt wienerisch. Ist doch die Ent¬
352 1605 1252 1674 wurzelung des kleinen Bürgertums seit manchem
359 1657 1258 1726 Jahrzehnt schon das charakteristischste Moment
354 1705 903 1771 in der Wiener Leitgeschichte.
417 1736 1258 1810 Arthur Schnißlec hat diesen Typ des süßen
353 1807 1261 1876 Models von Wien zuerst dramatisch gesehen. Er
349 1839 1259 1896 empfand das Tragische in dem Zwiespalt zwischen
351 1893 1259 1940 der bürgerlichin Sehnsucht und dem verliebten
364 1942 1258 1998 Leben dieser armen, guten Kinder. Aber ihn hat
381 1969 1252 2038 sit je die eronsche Tragik weit mehr als die
370 2015 1257 2086 son ile interessiert. Und damals gat — das Stück
364 2057 1257 2135 muß jetzt twa zwölf Jahre alt sein — sah er
642 2103 1259 2163 ur mit den Augen des melancho¬
417 2117 449 2166 8
714 2145 1256 2209 k. Daher die gewisse verlegene
737 2192 1265 2253 rbe Ton des Vorwurfs gegen
790 2237 1273 2302 8 in diesen Liebessachen
798 2283 1272 2347 Gewicht zugewogen wird.
804 2324 1270 2378 rs#äteten — und belang¬
881 2371 1275 2426 ktiv sentimental, so
874 2411 1268 2471 daß sie in die an¬
827 2453 1282 2510 ernder Szenen die den
789 2497 1281 2558 es ausmachen, gar nicht
756 2539 1269 2599 rd nur um so unechter da¬
710 2581 1272 2649 ei Akte lang in stiller Melan¬
657 2631 1264 2690 ,im dritten unvermittelt als ein
635 2675 1273 2731 Schrei aus diesem armen Mädchen
642 2718 1281 2783 Diese plötzliche Klarheit über ihr
647 2759 1280 2821 sal — dessen zartester Reiz und
646 2801 1277 2869 chste Macht doch im Dämmer des
642 2847 1273 2903 egen — wirft alle Glaubwürdigkeit
640 2894 1272 2951 ie um. Nur der Typus bleibt in
636 2934 1277 3014 eit bestehen, eine lebendig=dichte¬
386 2948 447 3004 sei
620 2991 727 3042 ung.
380 2992 482 3052 risch
603 3005 1277 3082 uch zwischen der äußeren Echtheit der
430 3035 529 3089 Der
383 3070 1288 3128 Fegur und der Unmöglichkeit ihres inneren Er¬
388 3125 1288 3169 lebens war gerade in der Darstellung des Fräu¬
387 3150 1287 3211 leins Höflich merkwürdig kraß betont. Ihre
385 3188 1290 3258 ganze helle und gesunde Anmut leuchtete über
398 3236 1282 3293 den verliebten, verspielten, verträumten Szenen.
404 3285 1281 3347 Nur umso tiefer, tragischer war es zu empfinden,
392 3325 1286 3384 wenn einmal der Schatten einer ahnungsvollen
400 3369 1295 3440 Melancholie über die Helligkeit dieser Seele
405 3428 1291 3477 strich. Und dann plötzlich im dritten Akt, bei
381 3468 1300 3549 der gewaltsamen Aussprache — dieser psycho¬
1930 145 2471 231 5. Liebelei
2094 216 2482 258 —
2618 167 3049 263 box 11/2
