3436 4256
511 172 902 248 Liebelei
323 170 1466 276 5. LLLEI box 11/1
488 2287 1356 2381 „Theater, Kunst und Wissenschaft.“
414 2343 1152 2440 Kures Teutsches Theater.
546 2408 1393 2483 Sonnabend, 15. Nov.: „Der Kammersäu¬
423 2450 1396 2524 ger“ drei Szenen von Frank Wedekind;
443 2492 1402 2571 „Liebelei“, Schauspiel in drei Akten von Arthur
446 2546 732 2614 Schnißler.
524 2557 1408 2621 Das Deutsche Theater hat zwei kurze Werke
442 2610 1403 2678 in sein Repertoire ausgenommen, die früher schon
444 2646 1401 2722 theils an anderem Ort, theils von einem fremden
430 2685 1403 2745 Ensemble hier zur Aufführung kamen. Der große
438 2722 1412 2784 Beifall; welcher am Sonnabend jeder der beiden
448 2758 1417 2830 Aufführungen folgte, erwies, wenn er auch vor¬
437 2800 1415 2877 nehmlich der ausgezeichneten Vorstellung galt, diesen
445 2846 1196 2903 Griff der Direktion als gerechtfertigt.
535 2868 1415 2939 Frank Wedekind ist der Neurastheniker unter
452 2923 1410 2982 den modernen dramatischen Schriftstellern und seine
447 2953 1411 3026 Muse leidet an Hysterie. Kinder aus solcher Ver¬
449 2992 1410 3060 bindung pflegen mit dem modernen Allerweltsübel,
442 3035 1413 3107 der hochgradigen Nervosität, behaftet zu sein und
441 3070 1409 3137 alle Wedekindschen Bühnenfiguren machen in der
443 3116 1419 3206 That einen etwas morphiumsüchtigen Eindruck. Und
1380 842 3340 903 so wenig man das zuweilen einem Anlauf zum ein mit feinen Pinselstrichen gemalter Charakter¬
1388 880 3329 929 Genialen nehmende Wollen Wedekinds verleugnen kopf, der einem mit dem Fallen des Vorhangs
2355 918 3331 967 nicht entschwindet, sondern den man vor seinem
1391 928 2361 971 darf, so wenig kommt sein Können zu ungeschwächter
1392 969 3326 1015 dramatischer Wirkung. Man hat all seinen Büh= geistigen Auge immer wieder auftauchen sieht und
2362 993 3323 1046 dem man vertraut zunicken möchte. Die Regie des
1401 999 2355 1061 nenerzeugnissen gegenüber die satale Empfindung,
2369 1035 3332 1082 Herrn Walden verdient in ihrer Subtilität und
1403 1044 2352 1091 krankhaften Erscheinungen gegenüberzustehen und
2361 1056 3327 1122 Berücksichtigung intimster Details volle Anerken¬
1394 1074 2360 1133 kommt auch bei seiner Satire auf die schnöde Ma¬
2359 1103 3328 1161 nung. Den Ton des englischen Backfisches traf
1396 1118 2364 1167 terialisirung der Kunst durch beutelüsterne Impre¬
2348 1154 3328 1210 [Alma Lind recht gut. Alles Uebrige in dem
1393 1166 1551 1215 sarien
1405 1160 2354 1251 sänger.t sein „Kammer¬
2359 1193 3115 1256 Werkchen ist bedeutungsloses Beiwerk.
1604 1194 2360 1252 nicht davon los. Sein Gerardo ist
1404 1231 2357 1289 in dem Hasten und Jagen von Stadt zu Stadt,
2445 1225 3334 1293 Festeres dramatisches Gefüge zeigt Arthur
1398 1274 2362 1323 von Land zu Land, hyper=nervös, und seine Helene
2360 1270 3340 1343 Schnitzlers dreiaktiges Schauspiel „Liebelei“, allein¬
1396 1314 2345 1362 Marowa ist so bedenklich hysterisch veranlagt, daß
2361 1322 3322 1368 auch darin ist die Handlung auf ein Minimum kon¬
1400 1356 2359 1414 man den Revolverschuß, der dies Leben vernichtet,
2363 1358 3331 1407 densirt und Seelenstimmung tritt an ihre Stelle.
1390 1391 2361 1444 nicht einmal sonderlich zu bedauern vermag. Zwei
2360 1396 3331 1443 Der Inhalt? Der läßt sich in einem Satze wieder¬
1394 1431 2360 1479 nach der anderen Seite hin schlagende Satiren schuf
2360 1426 3336 1485 geben: Die Frau liebt mit dem Herzen, der Mann
1393 1478 2364 1519 Frank Wedekind aber in dem alten verkannten Opern¬
2367 1476 3340 1521 denkt nicht daran. Für die erstere ist die Liebe das
1385 1517 3338 1575 komponisten und in dem englischen Backfisch, der große Lebensereigniß, für den letzteren Episode. Und
1398 1550 2357 1599 alles gegeben hätte und mit einem Bilde des Ge¬
2369 1552 3343 1605 wenn diese Christine, die dem jungen Studenten
1406 1573 2365 1639 feierten sich begnügt. Wer das Künstler= und Büh¬
2362 1589 3326 1643 sich selbst mit Leib und Seele giebt, während er
1390 1625 2356 1672 nenleven kennt, weiß, daß der Autor hier zwei Sa¬
2374 1622 3345 1679 mit einer verheiratheten Frau ein Verhältniß hat
1396 1655 2355 1722 tiren schuf, wie sie schärfer umrissen selten auf die
2377 1664 3329 1717 und dann von dem Gatten niedergeknallt wird,
1404 1695 2358 1751 Bühne getragen wurden. In den Figuren an sich
2363 1695 3334 1754 ausruft: „Ja, was war ich denn für ihn?“ so
1411 1734 2367 1790 liegt denn auch der nicht allzu große Reiz des
2359 1738 3344 1795 giebt der Autor die Antwort in seinem Titel: Eine
1406 1777 2289 1838 Stückchens. Dramatisch ist es bedeutungslos.
2621 1781 3342 1849 nichts weiter und wir können es der
2362 1781 2568 1845 „Liebelei“
1485 1802 2364 1862 Aber diese drei Szenen, die sich in einem Auf¬
2377 1823 3345 1887 Christine nicht verdenken, wenn sie an sein Grab
1408 1853 2369 1908 zuge abspielen, haben Rollen, nach denen moderne
2368 1874 3193 1927 eilt, um nicht an demselben zu beten!
1400 1894 2368 1942 Künstler wohl Verlangen tragen mögen. Freilich
2449 1897 3350 1964 In das Stimmungs=Wallen der drei kurzen
1412 1929 2364 1981 fordern sie kluges Maßhalten. Ein Ueberschreiten
2367 1942 3336 2010 Akte hinein wirft der Autor zwei dramatische Blitze,
1399 1971 2368 2031 der Linie und aus den nervösen, jeder Stimmung
2381 1997 3347 2045 und die zünden. Das ist die kurze, dramatisch
1402 2024 2366 2066 nachgebenden Bühnenmenschen Wedekindscher Fak¬
2369 2028 3347 2088 wunderbar zugespitzte Szene, in welcher der betro¬
1400 2038 2368 2103 tur werden Karrikaturen. Es ist das Verdienst
2379 2063 3347 2127 gene Gatte vor den jungen Leichtfertigen tritt, und
1396 2085 2367 2139 kluger und sorglicher Regie, der wir im Deutschen
2382 2106 3343 2171 jene Schlußszene, in welcher Christine erkennt, daß
1410 2124 2371 2178 Theater auf Schriet und Tritt begegnen, daß diese
2378 2146 3346 2200 aller Reichthum an Liebe, die sie ihm schenkte,
1385 2158 2359 2233 Pinie nie überschritten wurde und so kann man an
2380 2186 3350 2246 für ihn nicht mehr als die Bedeutung einer ange¬
1399 2194 2365 2260 der Aufführung des „Kammersängers“ sein
2381 2229 3344 2281 nehmen Episode gehabt hat. Diese beiden drama¬
1408 2234 2369 2294 herzliches Behagen haben. Erich Kaiser hatte
2378 2259 3356 2316 tischen Höhepunkte des Schnitzlerschen Stückes fanden
1403 2292 2371 2331 bei der Ausgestaltung seiner Rolle mit sicherer Hand
2374 2297 3361 2353 in der Darstellung den erforderlichen künstlerischen
1414 2329 2373 2377 die Grundlinien seines unter dem Banne: „Kon¬
2372 2345 3350 2391 Ausdruck. Ganz vortrefflich, vernichtend in Ton
1406 2355 2367 2405 trakt“ von Erfolg zu Erfolg eilenden Künstlers ge¬
2375 2388 3346 2431 und Blick, spielte Julius Straßmann den
1411 2386 2368 2449 zeichnet und er füllte die Rolle mit vollem Leben
2381 2420 3350 2483 Gatten und Jenny Marba, welcher die Rolle
1414 2436 2370 2492 aus. Die nervöse Unruhe, das Hasten unter dem
2385 2459 3344 2512 der Christine anvertraut war, fand in jener Schluß¬
1412 2472 2368 2530 Fluchworte: „Müssen!“, die Abgestumpftheit gegen
2379 2512 3345 2552 szene für den Schmerz und die Empörung, die sie
1414 2508 2370 2569 das Gemüse des Ruhmes und die schmackhaftere
2382 2540 3350 2592 durchtoben, Töne so echter Leidenschaft, daß wir
1408 2557 2362 2612 Beilage allzubereiter Frauenliebe, die sich Tages¬
2377 2572 3350 2628 die junge Künstlerin dazu beglückwünschen. Frl.
1412 2588 2373 2640 berühmtheiten entgegendrängt — all' das kam in
2375 2624 3353 2670 Marba hat ein starkes Temperament, und eine Auf¬
1411 2634 2365 2678 Ton und Spiel wahr und gut heraus und hat unsere
2378 2647 3363 2712 gabe, die auf einem solchen sich ganz aufbaut, müßte
1418 2664 2372 2730 hohe Achtung vor dem Können dieses Darstellers
2381 2697 3350 2743 bei ihr eine interessante Durchführung finden. Eine
1421 2711 2377 2763 nur noch zu mehren vermocht. Zu großer drama¬
2382 2720 3358 2788 wundervolle Type leichtfertigen, feschen, gutherzigen
1411 2744 2384 2811 tischer Wucht steigerte Frau Hermine Straß¬
2378 2775 3351 2835 Wienerinnenthums bot wieder Olga Engl. Diese
1421 2783 2382 2842 mann=Witt die Rolle der Frau Helene Marowa.
2377 2812 3358 2859 Art Rollen spielt ihr mit gleicher Verve und Drolerie
1410 2820 2383 2896 Ihr glaubt man das Schwerglaubliche, daß ihr der
2385 2855 3360 2906 so leicht keine andere Darstellerin nach und sie lich¬
1418 2860 2377 2921 Lebenstrank ohne den Besitz dieses Künstlers schal
2380 2894 3365 2949 tete das Düstere der Stimmung in dem Stücke in
1413 2901 2372 2966 und ungenießbar erschien. Bis zur Athembeklem¬
2379 2926 3357 2983 erfreulichster Weise durch ihr ganz köstliches Spiel
1419 2943 2366 3001 mung mischte sie sinnliche Gluth und Verzweiflung,
2380 2963 3356 3021 auf. Mit dem Fritz fand sich Conrad Wiene
1424 2978 2376 3031 und diese Szeue riß denn auch die Zuschauer zu
2389 3016 3367 3061 ganz lobenswerth ab; besonders gut gelang ihm
1418 3018 2372 3089 stürmischem Beifall hin. Ein Kabinetstück prächti¬
2394 3046 3360 3097 der Ausdruck der gequälten Stimmung, in der er
1420 3051 2382 3116 ger Charakterisirungskunst lieferte Oberregisseur Max
1426 3079 3375 3163 Walden mit seinem Professor Düring. Das war sich befindet; eine prächtige Charge schuf Carl
2356 3209 3354 3273 Müller aus seinem „Theodor“; im ersten Akte
2359 3244 3349 3310 wirkte seine Komik zuweilen geradezu zwerchfell¬
2361 3283 3352 3362 erschütternd. Recht charaktervolle Züge wußte
2377 3338 3343 3382 Ernst Hiller seinem Hans Weiring zu geben,
2369 3357 3345 3438 der gelernt hat, gewisse Dinge mit verzeihender
2382 3404 3352 3468 Milde zu betrachten, und Helene Dietrich blieb
2372 3434 3356 3514 der Rolle der Frau Binder nichts schuldig. Nächst
2375 3479 3352 3546 Olga Engl hielt sie den Dialekt am konsequentesten
2381 3520 3349 3570 fest. Sehr geschickt war die Inszene des Herrn
2375 3553 3347 3612 Direktor Reusch. Sie unterstützte die intime Wirk¬
2392 3593 3245 3668 ung des Schauspiels in hervorragender Weise.
2472 3620 3359 3691 Das Publikum zeigte Interesse für beide Werke
2393 3672 3355 3736 und war von der Aufführung sichtlich auf's höchste
2388 3699 3369 3780 befriedigt. Duurch vielen und herzlichen Beifall
2391 3746 3366 3821 zeichnete es die Hauptdarsteller aus. Sie hatten
3147 3788 3369 3850 C. S.-8.—
2369 3800 2798 3879 ihn redlich verdient!
