3344 4256
464 151 700 219 rebe
277 147 970 251 5. 1
978 149 1402 236 box 11/2
2060 77 2113 113 ma
2235 105 2775 141 in itself a brief summarg of in
2057 134 2815 192 storg. Fritz Sommers, who is already in¬
2070 1229 2753 1263 B
2272 1255 2620 1322 KATHERINE GREY
2011 1298 2840 1369 1 In the rele of Christinerin The Reckoning, at
2250 1342 2629 1392 the Berkeley Lyecum.
2025 1380 2827 1433 volved in an Paffair' with a married wo¬
2060 1428 2830 1460 man, falls in love—in bis easy #iy—with
2115 1449 2827 1499 sweet Foung girl, Chbistine Wehring.
2057 1483 2830 1535 He#tries io best#fram hervall- kun wiedge
2056 1516 2840 1556 of the other woman, and she in zurn
2064 1556 2836 1597 gives to him her love wholly and unre¬
2057 1593 2827 1635 serveilly. The husband of the other wo¬
2068 1625 2839 1659 man tls Sommers hie knows all, and
2065 1652 2826 1691 challenges him to a duel. Sommers takes
2060 1681 2836 1726 lenve of Christine, on the plea that ehe
2057 1716 2840 1749 has to go out of town for a day or two,
2070 1746 2838 1797 but Christine, already made suspicious by
2064 1796 2842 1827 mang little ineidents and remarks, spends
2071 1818 2821 1862 the period of his absence in an agony
2069 1847 2845 1894 of doubt and fear. Then there returns
2067 1884 2815 1920 his friend Theodore to tell her of his
2058 1909 2830 1953 death. More by intuition than by infor¬
2064 1946 2834 2003 nation, nided by the strange silences of
2074 1984 2835 2018 Theodore, she learns that sthe duel was
2071 2020 2830 2052 fonght for the sake of another woman.
2069 2044 2837 2091 and that Fritz was killed by that woman's
2067 2083 2829 2123 husband. The ending cannot be deserib¬
2065 2120 2800 2159 ed—it must been seen and heard. I
2057 2150 2835 2191 means ruin for Christine and for her aged
2064 2183 2826 2215 father, that much is certain, Chough just
2058 2215 2831 2274 how and when each may decide for him¬
2058 2247 2168 2297 seif.
2106 2272 2833 2321 It is not a new or an unusunl theme,
2058 2312 2823 2360 and of actual plot there is very littie—an
2062 2361 2829 2396 act of gay, irresponsible comedy, just
2051 2380 2824 2424 sounding the tragie note; then an actrof
2055 2418 2831 2464 leeper sentiment, with ihe tragie strain
2060 2453 2824 2493 growing londer; then an act of heart¬
2070 2479 2835 2525 rending tragedy, intense in its naturalness
2063 2522 2827 2560 and hopelessness, and the thing is done.
2064 2552 2831 2598 But the handling of this material is the#
2069 2571 2834 2636 play’s claim to distinction. Its delicate
2067 2617 2831 2656 shading of one situation into another,
2066 2653 2833 2699 the terse, half-finished sentences of the
2068 2678 2832 2742 dialogue, the deft character-drawing, and,
2058 2722 2818 2761 above all, the simple nakuralness of it,
2073 2750 2835 2793 combine to render it a play that counts.
2094 2781 2832 2834 The acting of a small cast—only seven
2065 2816 2835 2861 in all—was well-nigh flawless. John
2073 2844 2836 2891 Dean, as Fritz, made the hero both likable
2071 2881 2836 2923 and attractive, while preserving the strain
2068 2918 2828 2962 of weakness that made his dilemma pos¬
2065 2944 2840 2992 sible. His mental strain and natural
2073 2982 2839 3019 buoyancy were both admirably depicted.
2062 3009 2825 3056 as well as the momentary intensity of bis
2067 3044 2837 3090 love for Christine. Robert Conness, as
2072 3079 2818 3115 Theodore, and Phyllis Rankin, as Chris¬
2067 3116 2828 3148 tine’s girl friend, Mitzi. furnished delight¬
2063 3142 2827 3194 ful comedy, with apt and convincing
2068 3180 2650 3223 louches of something deeper.
2672 3182 2831 3231 George
2068 3216 2834 3259 Henry Trader, as Christine’s father, gave
2058 3245 2832 3286 a most finished and appealing rendering
2058 3283 2832 3326 of a gentle, philosophical and loving old
2060 3319 2833 3359 man. Sarah MeVickar, in the comedy
2064 3347 2834 3397 part of a practical, level-headed, but
2061 3389 2838 3424 slightly inquisitive German woman, was
2062 3411 2832 3446 capital. For ihe smallest part in the
2060 3441 2836 3497 play, thagef“a gentleman.'’ special praise
2069 3479 2838 3518 must Neraccorded Albert Bruning. With
2064 3511 2834 3545 onig ten or a dozen lines In all, ably en¬
2064 3543 2835 3585 forced by good pantomime and fücial ex¬
2070 3580 2831 3623 pression, he drew for one a distinct per¬
2061 3614 2842 3653 Fsohality, and warmiv deserved bis special
2061 3647 2837 3684 Tround of applause. To Katherine Grey, as
2054 3682 2835 3720 Theroine, fell most of the work, especially
2060 3710 2832 3761 in the last act. She was girlish., affee¬
2066 3747 2839 3790 tionate, and always spontaneously nat¬
2060 3782 2835 3817 Pural in the earlier scenes; appealing, in¬
2074 3812 2838 3858 teuse and tragie in the simple, direct way
2063 3841 2631 3894 that hurts in her final scene,
2643 3849 2828 3889 Oue can
2071 3887 2826 3939 enlg repent—the acting was practically
2056 3908 2248 3963 hawless.
2108 3940 2836 3986 Die enthusiasm of the andience was
2064 3970 2825 4014 that gecorded to a üirst night that is des¬
2061 4012 2719 4065 tined to become a successful run.
