3484 4256
508 137 711 216 iebe
1012 138 1445 235 box 10/3
322 147 893 244 5. Andeshenen
679 640 940 725 gegensehen.“
1575 638 1727 718 Staffe
1100 688 1186 748 *
1584 694 1720 762 der P#
770 729 1729 808 Kaum war dieses Schriftstück zu uns gelangt] Dr. E
693 777 1579 842 da traf auch schon ein Protest gegen dasselbe bei
1587 793 1727 850 Graz,
687 841 1727 892 uns ein, der von jenen fünf Herren, die aus dem Künstl
689 872 1730 936 Vereinsausschusse geschieden sind, unterzeichnet ist. L'Aller
694 919 1724 974 In dieser Entgegnung wird das Vorgehen der ewigte
694 949 1586 1024 Ausschußmajorität in seiner Gänze als ungehörig
1598 968 1738 1023 Steier
702 996 1704 1052 bezeichnet, der Hoffnung „auf den Sieg der guten falls
708 1040 1580 1091 Sache“ des Directors Ausdruck gegeben und an die
1592 1050 1733 1113 Sicher
703 1084 1573 1137 Gründer das Ersuchen gerichtet, vor der General¬
1597 1097 1743 1150 verma
697 1125 1566 1175 Versammlung sich jeder Parteinahme zu enthalten.
1587 1137 1735 1194 arbeite
1592 1183 1734 1236 Mann
803 1176 1579 1251 * Aus Berlin wird uns unterm 4. d.-tele¬
1599 1223 1729 1281 kehren
701 1230 1582 1288 graphiri: „Arthur Schnitzler's dreiactiges
1600 1267 1752 1315 der Ku
700 1284 1573 1339 Schauspiel „Liebelei“ hatte bei der heutigen
1591 1300 1738 1363 Lebens
697 1325 1576 1383 Erstaufführung im Deutschen Theater einen durch¬
1598 1350 1743 1409 tische
699 1380 1584 1440 schlagenden Erfolg. Der Autor wurde nach jedem
1611 1398 1739 1447 in der
710 1422 1584 1486 Aetschlusse wiederholt gerufen. Die Darstellung war
1605 1436 1729 1490 so fre¬
703 1462 1583 1527 eine vortreffliche. Agues Sorma als Christine
1594 1481 1732 1538 den 2
706 1512 1586 1566 wirkte namentlich im letzten Acie geradezu er¬
696 1548 1737 1608 schütternd. Die geuiale Leistung der Künstlerin ersten
687 1615 1607 1673 wurde nur dadurch beeinträchtigt, daß sie den
697 1649 1291 1724 Wiener Dialect nicht beherrscht.“
837 1688 1599 1756 Der Einacter=Abend des Raimund¬
682 1744 1601 1818 Theaters am nächsten Samstag bringt, wie
926 2616 1067 2702 Aesecle
867 2627 907 2707 *
1253 2684 1548 2760 Gre
755 2688 1026 2752 De Berlin:
772 2728 1629 2807 a Le Deutsches Theater vieht de jouer avec
754 2765 1629 2842 un grand succès la comédie Ziebeler (Le Badi¬
750 2819 1622 2900 nage amoureux) de M. Arthur Schnitzler, un
750 2856 1619 2925 jenne auteur viernois. La comédie, qui ra¬
742 2891 1626 2966 conte, en trois actes tantôt gais, tantôt drama¬
746 2935 1634 2987 tiques, les amours d’une petite grisette vien¬
743 2975 1630 3041 noise avec un jeune homme du monde, qui
736 3010 1609 3076 vit et meurt pour une autre, a été représen¬
735 3039 1611 3107 tée au Burgtheater de Vienne au commence¬
740 3093 1617 3153 ment de cette saison et y tient l’affiche de¬
731 3139 1604 3198 puis. Le public berlinois, qui vient de rati¬
727 3172 1603 3232 #fier le jugement de celui de Vienne, a fait un
728 3210 1603 3264 accueil chaleureux à l'auteur de Liebelei. La
733 3244 1611 3313 critique berlinoise apprécie également la
734 3284 1360 3341 piéce en termes fort élogieux. „
1233 3338 1363 3402 S
789 3384 1674 3459 —— ————
2090 672 2848 851 on dert a veria : A J07.
2092 801 2951 889 Le Deutches Theater vient de jouer avec un
2066 847 2948 925 grand succes la comédie Liebelei (le Badinage
2075 883 2945 949 amoureuz), de M. Arthur Schnitzler, un jeune au¬
2083 911 2957 994 teur viennois. La cowédie, qui raconte, en trois
2088 948 2957 1022 actes tautôt gais, tantôt dramatiques, les amours
2975 960 3072 1009 réu
2080 980 2945 1060 d’une petite grisette viennoise avec un jéune homme
2962 997 3067 1064 jet
2085 1013 2951 1094 du monde, qui vit et meurt pour une autre, a 616
2080 1054 2949 1129 représentée au Burgtheater de Vienne au commen¬
2974 1064 3077 1127 rise
2090 1085 2957 1161 cement de cette saison et ytient l’afliche depuis. Le
2973 1114 3076 1166 tric
2081 1109 2964 1203 public berlinois, qui vient de ratifier le jugement
2975 1144 3089 1212 dan
2090 1151 2957 1222 de cclui de Vienne, a fait un accueil chaleureux à
2974 1183 3084 1239 Ber
2099 1188 2956 1264 l’auteur de Liebetet. La critique berlinoise appré¬
2986 1229 3093 1282 trés
2102 1221 2902 1306 cie également la piéce en termes fort élogieux.
2117 1260 2972 1356 M. Arthur Schnitzler n’est pas un inconnu
2981 1293 3101 1363 dan
1979 1312 2978 1393 aba-] pour les lecteurs de la Liberté, qui ont gardé
2982 1345 3078 1393 de
2105 1350 2967 1441 le souvenir de la Petite Comedie, la nouvelle
2988 1376 3097 1450 réu
2102 1397 2969 1472 si intéressante quc nous avons publiée ily a
2987 1424 3108 1479 n'a
1974 1406 2093 1496 abs
1981 1458 2419 1531 ste,quelques mois.
2665 1569 3049 1704 SRHANNT
2732 2005 2996 2093 e
2014 2059 3158 2125 gar tieferer ethischer Gedanke und lein: Kontrasten und Effekte
2012 2126 3162 2183 drängendes Leben — und damit auch die Unwahrscheinlichke
2011 2165 3162 2214 irgend einer Wirkung von der Bühne herab. In eine Diskussion
2012 2205 3155 2244 über die Berechtigung, diese dramatisirte Novelle eine „Gemüths¬
2015 2245 3159 2281 komödie“ zu nennen, lasse ich mich nicht ein — Gemüth= und
2016 2277 3156 2336 Komödie, darunter kann man sich denken was man will, und sich
2011 2325 3171 2373 über der Definition dieser Begeif bis zur Feindschaft erhitzen
2069 2345 3167 2423 Und ich möchte Ernst Rosn“ Bernstein nicht zur Feindin¬
1992 2397 2160 2477 haben.
2551 2396 2911 2466 E
2057 2433 3163 2516 „Liebelei“ Schauspiel in drei Akten, Verfasser:
2010 2484 3158 2546 Arthur Schnizler. Ort der Handlung: Wien. Zeit:
2015 2530 3162 2583 Gegenwart. Der Held, ein junger Lebemann, Fritz Lobheimer,
2009 2571 2872 2617 der seine Vergangenheit, personifizirt durch das
2870 2569 3160 2627 #urze Auftreten
2415 2610 2860 2669 des durch ihn betrogen
2870 2612 3154 2659 1 Gatten einer
2024 2606 2326 2666 eines „Herrn“,
2025 2650 2874 2695 „Dame aus der Gesellschaft“ nicht los wird,
2873 2645 3162 2704 Heldin, Fräu¬
2015 2691 3159 2725 lein Christine Weiring, die Sochter- eines Thei ermusikers, ein
2021 2729 3166 2780 Grethchen oder eine Luise Millerhi dex  Gegenwbart, ganz Liebe
2012 2778 3170 2819 und ahnungsloser Engel, ganz Vertrauen und Hingebung,
2009 2798 3169 2867 schwüle Stimmung, Ahnung kommesiden Unheils, die nicht ein¬
2016 2849 3155 2898 mal Lobheimer's Freund Teodors und seine fesche Freundin
2006 2894 3158 2936 die Modistin „Mizi Schlager“ mit Ihrem gutmüthigen Leichtsinn
2006 2936 3170 2976 zu verscheuchen vermögen, eine lustige Wiener Komödie der An¬
2018 2966 3163 3006 fang, so etwas wie „Kabale und Liebe“ in der Mitte und der
2010 3000 3163 3057 Schluß: Fritz Lobheimer büßt seine Schuld mit dem Tode im
2002 3031 3163 3099 Duell und Christine folgt ihm freiwillig — Das ist der Inhalt
2004 3092 3159 3146 eines Schauspiels, das bekanntlich in Berlin großen Beifall
2010 3116 3168 3164 fand und ihn, so hoffen wir auch anderwärts, finden wird. Er¬
2013 3159 3171 3220 quicklich ist das Thema freilich nicht — der gestrenge Kriktiker
2014 3200 3167 3248 wird an der technischen Behandlung desselben das und jenes aus¬
2012 3244 3160 3291 zusetzen haben — eine gewisse Klasse von Moralisten wird empört
2013 3274 3158 3323 darüber sein, daß man „so etwas“ auf die Bühne zu bringen
2018 3316 3146 3362 mag und ein neues Klagelied über das alte Thema vom Nieder¬
2014 3363 3152 3413 gang unserer dramatischen Literatur anstimmen. Zugestanden:
2018 3399 3160 3444 was Arthur Schnizler in seinem Schauspiel „Liebelei“ erzählt,
2020 3431 3168 3476 ist nicht gerade erbaulich — und der Hinweis darauf, daß derlei
2021 3478 3166 3524 Dinge doch oft genug vorkommen, ändert nichts an diesem Ur¬
2017 3505 3159 3567 theil! Obiger Ernst Rosmer hätte die Sache vielleicht anders
2024 3559 3162 3606 geschildert, mit etlichen kräftigen Schlagwörtern ausstaffirt, etwas
2015 3577 3171 3652 gepfefferte Tendenz hineingearbeitet, und daraus eine neue
2022 3620 3161 3681 „Gemüthskomödie“ gemacht. Arthur Schnizler, wie wir hören,
2005 3667 3178 3736 ein Arzt in Wien, geht andere Wege — er vereinigt den Rea¬
