3484 4224
225 153 334 233 5
347 152 762 224 Liebelei
344 208 779 269 nnteene treneserenensenenenenen.
916 154 1338 240 box 13/8
965 1358 2582 1422 roßen architektonischen Fehler hat, daß! auch inzden anschließenden Szenen, wo die¬
1714 1402 2570 1452 unkavaliermäßige Handlungsweise der Ka¬
980 1410 1687 1469 eiler und Widerlager nicht genügend
1710 1447 2570 1491 meraden Rudorffs aufgedeckt und Grobitzsch
985 1448 1690 1513 aft besitzen. Die „Traute“ ist nicht
1712 1469 2575 1528 zur Rechenschaft gezogen wird, die fein¬
990 1476 1700 1560 ein OriginaltnArthur Schnitzler,
1709 1517 2569 1570 reatistische Darstellungskunst Meta Illings
993 1529 1698 1586 nnervige dekaden“ Wiener Liebes¬
1711 1550 2565 1605 sehr glücklich zur Wirkung kam. L#z
992 1564 1704 1618 oge, welcher uns in „Liebelei“ die
1723 1590 2573 1652 schon in der Abschiedsszene, wo die Tra###e
996 1599 1700 1666 e Gestalt des „süßen Mädels“, der
1709 1633 2575 1690 im schwersten Kampfe zwischen Pflicht und
986 1639 1704 1705 Christine Weiring, bescheert hat,
1706 1669 2566 1727 Neigung noch einmal obsiegt und angstvoll
945 1682 1692 1732 hier wohl mit Fug und Recht die
1713 1716 2569 1756 vor dem Geliebten zurückbebt, eine Welt von
838 1717 1692 1782 Priorität für sich beanspruchen, aller der¬
1707 1732 2577 1805 Gefühlen, so wurde das Publikum in den
838 1755 1696 1824 jenigen Modernen zu geschweigen, die uns
1721 1782 2586 1841 folgenden Akten durch Meta Illing geradezu
844 1794 1695 1859 mit weniger salonfähigen Typen dieses
1719 1826 2575 1885 enthusiasmirt; so lebenswahr und herz¬
855 1835 1701 1885 Genres zu beglücken versucht haben; außer¬
1721 1849 2581 1922 rüttelnd wirkten ihre sich rückhaltlos
960 1871 1694 1933 ist die Silhouette nicht völlig klar und
1719 1896 2565 1951 gebende Leidenschaftlichkeit, ihr jubelndes
982 1918 1708 1971 tig, sodaß es der ganzen selbst¬
1720 1944 2574 1996 Entzücken beim Auffinden des Gedichtes,
991 1939 1726 2007 rischen Gestaltungskraft einer ver¬
1511 1983 1552 2014 7
1725 1975 2571 2028 der jähe Stimmungswechsel beim Lesen
955 1978 1708 2045 nißreichen, warmempfindenden Kunstlerin
1712 2016 2575 2075 der schwermüthigen Anfangsworte, die
847 2028 1703 2080 bedarf, um uns die eigenartige Tragik in
1724 2042 2569 2105 rasch aufdämmernde Ahnung der unver¬
852 2061 1713 2127 dem Schicksal dieses unglücklichen Bürger¬
1721 2098 2559 2153 meidlichen Katastrophe und der schaurig¬
856 2107 1699 2166 mädchens voll und ganz zum Bewußtsein
1729 2138 2573 2184 heitere Abschied vom wunderlichen Karneval
1008 2147 1704 2200 igen und nebenher auf jene Schlag¬
1728 2169 2566 2223 des Lebens. In dem ersten Helden und Lieb¬
1019 2178 1704 2241 aufmerksam zu machen, die gerade
1722 2207 2575 2265 haber Herrn Döring hatte die gefeierte
1041 2231 1712 2284 m Punkte aus auf bestimmte soziale
1723 2251 2575 2293 Künstlerin, welche durch Blumen und warme
1031 2257 1704 2320 glichkeiten fallen. Es ist die alte
1723 2296 2575 2347 Ovationen geehrt wurde, einen ganz vor¬
1037 2291 1702 2359 e, die ewig neu bleibt #o lange es
1735 2317 2576 2381 züglichen Partner, wie überhaupt wieder
1123 2339 1712 2392 ensfreude, Glückssehnsucht und
2405 2364 2542 2427 K. V.
1726 2369 2202 2442 prächtig gemimt wurde.
1159 2379 1711 2430 traditionen giebt. Nicht leicht¬
1160 2410 1711 2469 als wersen wollte sich Christine
2000 2408 2286 2494 Lesefrüchte.
1171 2455 1703 2511 ngen, flotten Studiosus, die
1790 2461 2487 2546 Das Herz gleicht ganz dem Meere,
1211 2490 1714 2552 en, schneidigen Offizier. Sie
1808 2523 2384 2583 Hat Ebbe, Sturm und Fluth,
1216 2530 1713 2584 hen gewissen Ständen eine
1809 2562 2308 2619 Und manche schöne Perle
1239 2571 1723 2636 estigt ist, und daß es sich
1815 2602 2248 2672 In seinen Tiefen ruht.
1245 2607 1719 2663 um einen leichten Flirt,
2209 2616 2549 2705 Heinrich Heine.
1238 2643 1715 2711 e Tändelei, einen flüch¬
1226 2687 1722 2741 handeln konnte, kurz, um
1816 2674 2349 2751 Ich glaube, noch im Grabe
1216 2721 1714 2784 blick in das düstere Grau
1802 2727 2367 2792 Kranken mich zwei Verluste:
1208 2764 1717 2818 nds. Dann aber kam
1805 2752 2523 2825 Die Stunden, die ich verärgert habe
969 2765 1040 2827 Mar
1221 2802 1713 2853 denschaft über sie und mit
1804 2816 2391 2882 Und die ich verwarten mußte.
957 2818 1053 2870 große
1219 2843 1709 2899 Freude, der das jähe Er¬
2229 2833 2558 2918 Frida Schanz.
951 2856 1078 2904 die w
1197 2880 1713 2936 tiefe Leid folgen mußte.
888 2894 1092 2944 wachen un
1764 2895 2232 2968 Der Rose Duft genügt,
867 2927 1728 2979 Wahrhaft herzergreifend wirkte in der Auf¬
1774 2935 2428 2994 Man braucht sie nicht zu brechen.
869 2955 1732 3013 trittsszene des dritten Aktes der sich in müh¬
1777 2976 2526 3045 Und wer sich mit dem Duft begnügt,
857 2991 1728 3060 sam verhaltenem Schluchzen und thränen¬
1767 3021 2418 3096 Den wird ihr Dorn nicht stechen.
858 3031 1726 3100 erstickter Stimme äußernde Seelenschmerz
2223 3043 2550 3129 Mirza Schaffy.
863 3067 1735 3138 des in seinen heiligsten Gefühlen, in seines
867 3107 1737 3185 „Herzens Ehre“, gekränkten Mädchens, wiel
