3436 4224
362 183 770 253 Liebeler
915 186 1337 271 box 13/1
361 243 776 289 —
532 902 1194 1014 Dr. Max Goldschmidt
553 978 1184 1082 Füro für Zeitungsausscnnitte
912 1019 1347 1115 Teleion: Norden 305
387 1090 660 1178 BERLIN N4
721 1157 1058 1230 Ausschnitt aus:
721 1189 1345 1304 Neueste Nachrichten
427 1247 709 1332 Dresdner
765 1307 1239 1416 2 5. März 1927
553 1402 1355 1510 Zwei neue deutsche Großfilme
843 1481 1046 1545 Liebelei
483 1508 1458 1604 Artbur Schnitzlers süß=schmerzliche Tragö¬
416 1564 1474 1624 dic der jungen Lieve ist zu einem Filmroman um¬
423 1620 1458 1674 gestaltet worden, der wieder einmal beweist, daß das
411 1652 1471 1716 wahrhaft Dichterische, also das wahrhaft Menschliche,
412 1688 1480 1756 unzerstörbar ist, in welche Gestalt es auch umgeformt
413 1723 1467 1790 werden mag. In diesem Hegewald=Film, den die
416 1761 1458 1829 Zentrum=Lichtspiele zur Erstauffüh¬
419 1799 1451 1882 rung bringen, hat die Regie J. und L. Fleck in Ge¬
419 1848 1459 1914 meinschaft mit der künstlerischen Ober¬
408 1887 1458 1948 leitung des Dichters den weit ausgesponnenen
409 1918 1459 1986 Liebesroman des jungen Fritz Lobheimer von An¬
419 1956 1455 2017 fang bis zu Ende mit solchem künstlerischen Takt aus
407 1993 1469 2057 dem Stoff von Schnitzters Drama umgedeutet, daß
412 2030 1455 2100 kaum eine Kleinigkeit aus der Atmosphare der Dich¬
401 2073 1237 2131 tung gerückt ist. Und was ist alles neu!
483 2112 1455 2170 Die Wiener Sphäre des Dramas, die so sparsam
409 2151 1455 2218 und still gegeben wird, ist in die modernste Großstadt¬
408 2188 1453 2258 welt der Autos, der Tanzdielen versetzt. Die Welt
405 2221 1451 2293 Christines und ihres Vaters, die des Fritz und der
395 2266 1461 2332 beiden Freunde ist erweitert durch die mondäne Welt
393 2301 1458 2357 der gefährlichen Frau Doris und ihres Gatten. Der
393 2346 1456 2411 ganze Roman, der in Schnitzlers Werk nur hinter
410 2382 1440 2441 den Szenen spielt, nur in der Figur des „Herrn“
401 2404 1373 2476 erscheint, ist hier ausführlich sichtbar gemacht.
480 2457 1442 2513 Der Film beginnt mit der Geschichte der Liaison
400 2501 1454 2562 der schönen Frau Doris, mit dem jungen, hübschen
399 2540 1449 2586 Fritz Lobheimer. Diese verführerische Frau spielt be¬
402 2580 1443 2638 ängstigend mit der Gefahr der Entdeckung. Und diese
401 2615 1445 2668 aufregende Liebelei wird für Fritzens Freund so be¬
391 2645 1441 2715 denklich, daß er ihn auf andre Gedanken bringen will.
392 2695 1451 2755 Ein Schlittenausflug bringt die Bekanntschaft mit
385 2741 1448 2795 Christine. Und während dieses Mädchens Liebe er¬
392 2774 1443 2831 wacht und wächst, ballt sich unabwendbar die
400 2805 1449 2861 Katastrophe, bis der Gatte alles entdeckt und die Duell¬
395 2836 1445 2921 forderung bringt. Von da an hält sich der Film
387 2896 1156 2940 ziemlich an den Ablauf des Dramas.
472 2923 1431 2989 Diese Darstellung ermöglichte diese Regieleistung
390 2941 1435 3030 und diese Wirkung. Evelyn Holt, die Darstellerin
392 2994 1443 3064 der Christine, muß zuerst genannt werden. Die junge
392 3038 1430 3102 Künstlerin erfüllt alles, was diese rührende Mädchen¬
389 3091 1440 3141 gestalt haben muß. Kindlichkeit, Herbheit, Reinheit
380 3119 1431 3184 und Sanftheit sind in diesem Gesicht und sprechen
386 3165 1436 3206 wunderbar daraus. Louis Lerch wurde für die
391 3198 1433 3256 Rolle des Fritz gefunden. Auch er entspricht dem
389 3241 1438 3282 Typ dieses Melancholikers, der sich in alle diese Ver¬
387 3278 1435 3337 wirrungen treiben läßt. Ebenso glücklich war die
374 3303 1439 3376 Wahl von Vivian Gibson für die Frau Doris,
384 3352 1423 3410 sie hat tatsächlich das Verführerische der Orchideen, die
384 3387 1433 3435 sie immer trägt, und die zu Verrätern werden.
379 3415 1423 3485 Robert Scholz gibt ihren Gatten, vornehm, seiner
383 3458 1435 3510 schönen Frau hingegeben und wild ausbrechend, als
386 3502 1437 3565 er ihre Untreue entdeckt. Auch die andern Figuren
380 3543 1442 3604 sind ausgezeichnet. Bis auf Kleinigkeiten, die nicht¬
387 3576 1432 3642 ganz glücklich sind (etwa die Aufbarung des Toten),
378 3623 1441 3705 ist fast jede Szene des vielgestaltigen Films unz
378 3662 815 3723 gewöhnlich gelungen.
610 3699 713 3750 —
1982 1044 2638 1139 Dr. Max Goldschmigt
1980 1112 2619 1204 Büro für Zeitungsausschnitte
1798 1177 2094 1251 BRRLIN N4
2335 1182 2776 1260 Teleion: Norden 3051
2129 1283 2462 1357 Ausschnitt aus:
1896 1345 2695 1428 Hamburger Fremdenblatt
2155 1478 2599 1593 26. Marz 1927
2171 1564 2565 1655 Neue Filme.
2207 1638 2494 1716 „Liebelei“.
2174 1704 2575 1775 Passage=Theater.
1975 1755 2821 1805 Es gibt in diesem Film eine kurze Szene,
1890 1792 2821 1855 In der ein junges, argloses, zum ersten Mal in
1897 1836 2812 1882 seinem behüteten Leben so recht bis über beide
1890 1879 2811 1934 Ohren verliebtes Mädel erkennen muß, daß die
1900 1923 2818 1962 erträumten und ersehnten Freuden dieser Welt
1894 1997 2813 2048 trostsuchend an die Brust ihres Vaters, und wie
1888 2042 2804 2080 unter dessen gütigem Zuspruch sich auf dem
1886 2062 2832 2119 sodtraurigen Gesichtchen das Leuchten einer
1893 2102 2811 2152 nieuen Hoffnung zeigt, einer zarten Freude, die
1884 2148 2819 2198 aus dem Erstaunen über die einfache, selbstver¬
1886 2189 2818 2237 ständliche Lösung des Problems sich zuversicht¬
1883 2224 2824 2278 lich in Gewißheit wandelt: das die Darstellung
1964 2261 2805 2298 stark und— schön erfaßt, daß diese Szene
1880 2260 1960 2310 so
1882 2297 2813 2358 allein schon genügen würde, dem Film eine
1884 2338 2808 2391 freundliche Aufnahme zu sichern. Auch sonst
1878 2376 2811 2426 hat Evelyn Hoet, die jugendliche Haupt¬
1883 2419 2819 2467 darstellerin, noch manche eindrucksvolle Momente,
1876 2452 2807 2502 so, wenn sie vor einem Bilde steht und ver¬
1881 2482 2811 2548 sonnen meint: ich denke immer, dieses Bild
1879 2530 2799 2584 müßte „Verlassen“ heißen, oder wenn sie in
1882 2561 2817 2605 lähmendem Entsetzen nicht begreifen kann, daß
1877 2609 2811 2649 der erwartete Freund statt wiederzukehren still
1869 2642 2821 2697 und ohne Abschird von ihr gegangen ist in jenes
1873 2676 2804 2746 dunkle Reich, aus dem es kein Zurück mehr gibt.
1962 2718 2803 2784 Die Handlung selbst ist schwe# und erhält
1873 2760 2796 2825 dadurch noch eine besonders tragische, von Sen¬
1872 2809 2804 2858 stimentalität leicht berührte Note weher Trau¬
1877 2844 2138 2897 #rigkeit, daß
2140 2846 2805 2897 J. und L. Flecks sonst sehr
1875 2887 2794 2925 Flluge und umsichtige, niemals aufdringliche
1878 2921 2799 2975 Reaie nichts tut, um den Ernst ein wenig zu
1881 2955 2792 3005 zmildern, mit dem die Gesamtdarstellung selbst
1875 3000 2787 3042 kleichteren und flüssigeren Dingen begegnet.
1878 3036 2793 3077 Weder Louis Lerch (Lobheimer) noch Henry
1887 3086 2790 3129 [Stuart (Kaiser) bringen immer die ersorder¬
1873 3115 2800 3165 liche Beweglichkeit auf, vor allem aber versagt
1877 3158 2803 3214 leider Robert Scholz, der von seiner Frau
1873 3198 2792 3233 betrogene Bankier Velten, gerade dann, wenn
1878 3234 2791 3288 es darauf ankommt, eine besonders schwierige
1874 3260 2245 3325 Aufgabe zu lösen.
1963 3304 2789 3364 Sehr gut der Regieeinfall: ein Duell nur
1876 3343 2787 3412 andeutungsweise zu zeigen; verfehlt das
1879 3399 2795 3442 Schlußbile; den Tod der kleinen Christine
1875 3422 2808 3482 durch Autlischen einer Laterne zu symbolisieren.
1875 3474 2787 3508 Gesamteindruck: ein gut angelegter, gut durch¬
1867 3515 2805 3565 geführter Film, der mit zu dem Besten gehört,
1876 3545 2788 3595 vas die neuerdings wieder recht rührige
1879 3582 2809 3650 Stegerwaldt=Gesellschaft bisher geboten
1862 3617 1966 3670 144
