3344 4256
480 185 833 262 Liebelei
286 163 1420 300 5. Les box 10/7
2154 128 3066 224 Unternehmen für Zeitungs-Ausschnitte.
3150 140 3337 225 Ausschnitt
3057 220 3162 314 Nr.
2302 216 2907 322 „OBSERVER
3199 226 3329 320 57
1898 313 3338 394 I. österr. behördl. concess. Bureau für Zeitungsberichte und Personalnachrichten
2188 367 3041 485 Wien, IX/1 Türkenstrasse 17.
2115 451 3106 550 — Filiale in Budapest: „Figyelö“, VIII Josefsring 31a. —
1887 598 2368 682 Ausschnitt aus:
1889 719 2351 826 ss J072
2074 845 3079 952 Theater, Kunst und Wissenschaft.
2085 927 3143 999 —.Im Thalia=Theater ging am Sonnabend, den
2031 982 3144 1048 28. d. M. Arthur Schnitzler's interessantes Schauspiel
2045 1036 3138 1097 „Liebelei“ neu eilstüdirk in Sener Die mehrjährige Ruhe¬
2040 1076 3143 1146 pause ist dem fein empfundenen dichterischen Werke gut be¬
2040 1126 3138 1206 kommen, denn es zeigte eine Lebensfrische, wie solche bei der
2038 1176 3147 1244 ersten Aufführung am 24. April 1896 kaum wahrzunehmen
2052 1219 3150 1283 war. Nicht wenig hat zu dieser erfreulichen Erscheinung Frau
2057 1265 3136 1344 Franck=Witt beigetragen. Die Künstlerin fand für die Senti¬
2054 1330 3138 1384 mentalität der anmuthigen Musikertochter einen wirklich zum
2059 1373 3146 1445 Herzen sprechenden Ausdruck, und der ist bekanntlich
2052 1415 3149 1506 ohne absolute Natürlichkeit der Redeweise nicht
2057 1459 3149 1534 herzustellen. Die Schwäche des Stückes liegt in
2058 1515 3138 1581 der unklaren Motivirung des tragischen Ausganges
2053 1565 3149 1625 sein Vorzug dagegen in der lebenswahren Charakteristik und
2060 1602 3151 1672 der echt modernen gesellschaftlichen Stimmung der Handlung.
2062 1661 3151 1733 Dafür den rechten Ton zu finden, ist die Hauptaufgabe für die
2071 1702 3148 1777 Darstellerin der Christine. Der leichtfertigen Mizi Schlager
2069 1759 3153 1846 und dem gemüthlichen Studenten Theodor ist die Sache leichter
2069 1812 3151 1878 gemacht. Bei ihnen collidirt Denken und Empfinden nicht,
2070 1854 3160 1934 denn für sie ist heiterer Lebensgenuß der Zweck des Daseins.
2068 1895 3157 1970 Christine giebt sich dagegen von ihren Empfindungen Rechen¬
2074 1956 3157 2024 schaft. Ihr ist die Liebe kein süßer Rausch, sondern ein heiliges
2079 2008 3175 2059 Gesühl. Der Unterschied zwischen Liebeln und Lieben ist dem
2075 2040 3165 2128 gesellschaftlich einfachen, aber hochherzigen Mädchen unfaßbar,
2067 2098 3173 2178 und es bricht psychisch zusammen, sobald ihm dieser Unter¬
1993 2154 2063 2202 50
1868 2141 1986 2217 Far
2077 2144 3160 2229 schied zum Bewußtsein kommt. „Was bin ich dem geliebten
3186 2164 3295 2238 usive
1971 2192 2061 2241 100
2080 2191 3265 2264 Manne gewesen, wenn er für eine andere Frau in den ver
1967 2237 2056 2279 200
2068 2235 3278 2322 Tod geht! Die Antwort auf diese Frage ist zugleich der ahlbar
1965 2272 2062 2319 500
3165 2285 3311 2329 Voraus
2075 2282 3155 2354 Schicksalsspruch für Christine. Daß Frau Franck=Witt eine
1905 2313 2061 2386 " 1000
2081 2349 3157 2406 äußerst gewandte Darstellerin im Conversationsstück ist, daß ihr
2005 2358 2079 2421 In
3172 2354 3350 2416 ist de
1893 2393 2069 2453 Abonnen
2081 2387 3351 2472 Spiel edlen künstlerischen Schliff zeigt, ist im bisherigen Ver¬ es den
1881 2434 2073 2510 Abonnen
2085 2436 3231 2509 laufe ihres Gastspiels stets wahrzunehmen gewesen; bei Indi¬ ru.
2077 2484 3185 2546 #i# lisirung des hier in Rede stehenden Mädchencharakters
2077 2543 3179 2602 zeiich indessen auch die überaus schätzenswerthe Fähigkeit,
2083 2589 3174 2644 das p## ologische Motiv des Charakters so scharf und deutlich
2077 2650 3169 2704 herauszu# beiten, daß dem Zuschauer kein Zweifel an der
2089 2676 3186 2739 Glaubwürdigkeit der Persönlichkeit und ihrer Bedeutung für die
2091 2717 3197 2789 dramatische Idee übrigbleibt. Ohne Intuition ist das nicht
2091 2762 3179 2849 möglich und daß sich diese bei der Darstellin mit künstlerischer
2079 2821 3179 2904 Eigenart verbindet, giebt der Leistung das Gepräge ziel¬
2084 2857 3175 2937 bewußter Sicherheit, die der Kunstkenner auch bei reizvollen
2094 2905 3187 2987 Gestaltungen auf der Bühne nur ungern entbehrt. Wahrheit
2081 2981 3181 3032 und Schönheit bilden Anfang und Ende aller Kunst; Frau
2097 3010 3182 3088 Franck=Witt würde niemals ihr Spiel so eindrucksvoll gestalten
2094 3063 3181 3132 können, wenn sie nicht von diesem Ideal erfüllt wäre. Das
2094 3107 3199 3187 Publikum war denn auch von der Leistung in hohem Maße
2090 3160 3176 3224 befriedigt und gab dies durch lebhaften Beifall und Hervor¬
2087 3217 3194 3287 rufe nach den Aktschlüssen zu erkennen. Die Besetzung der
2097 3253 3184 3323 übrigen Rollen zeigt in Herrn Flashar (Hans Weiring) und
2096 3306 3181 3382 Herrn Bozenhard (Theodor Kaiser) alte und liebe Bekannte.
2096 3362 3184 3417 Beide Darsteller spielten vortrefflich, denn beide befleißigen sich
2093 3410 3185 3483 wohlthuender Natürlichkeit. Die fesche Wiener Modistin Mizi
2102 3447 3183 3540 Schlager hatte in Frl. Göhrs eine liebenswürdige Vertreterin
2090 3491 3180 3575 gesunden, die bei aller Munterkeit doch nicht künstlerisches Maß
2090 3546 3196 3619 vermissen ließ. Herr Stockhausen wird den eleganten
2104 3595 3185 3683 Liebeshelden wirkungsvoller gestalten, wenn er ihn weniger
2106 3653 3186 3720 nervös giebt. Der krankhafte Zug beeinträchtigte namentlich
2109 3700 3193 3771 die Wirkung der Liebessceue im zweiten Akt. Das Bestreben,
2107 3738 3185 3817 den Gegensatz in den Charakteren der beiden jungen Lebe¬
2107 3790 3199 3866 männer Fritz und Theodor scharf hervortreten zu lassen, hat
2110 3837 3205 3910 den talentvollen Darsteller zu einer gekünstelten Interpretation
2101 3884 3197 3955 veranlaßt. Frau Horvath zeigte als Katharina Binder ihre
2105 3949 3209 4005 Virtuosität in der Durchführung weiblicher Charakterchargen
2111 3975 3210 4051 und Herr Nhil gab den Mann des tragischen Verhängnisses
2105 4032 2874 4127 in vortrefflicher Maske und nobler Haltung.
2811 4065 2936 4119 #
