3156 4320
466 165 758 236 Liebel
291 141 1430 270 5.„ 1 box 10/5
1782 96 3154 147 Murger und Musset literaturfähig gemacht, Seene mit zanberischer Gewalt. Di
1787 138 2552 186 aus dem Quartier Latin in Wiener Boden
2547 146 3162 203 ist eine große Künstlerin. Das Sch
1787 167 2540 220 verpflanzt. In einem kleinen Einalier, der
2561 177 3151 227 Mizi Schlager milderte Fräuleir
1785 209 2541 270 in der 'chon erwähnten Sammlung Wiener
2554 221 3163 281 durch ihren prächtigen Hum
1782 249 2540 313 Lebensskizzen in Dialogform „Anatol“
2556 254 3153 314 ihre liebenswürdige Natürlichkeit.
1788 292 2545 349 enthalten ist, schildert Schnitzler diesen Ty¬
2565 303 3160 368 Link gab den alten Musikus in sein
1784 348 2533 399 pus so anmuthig wie rührend: „Die An¬
2561 346 3161 405 sten Vatertönen. Dem in' Sen
1794 377 2541 430 dere“, sagt Anatol zu einer Mondaine, „ist
2555 387 3155 451 hineinwachsenden Fritz Lobheimer
1785 417 2546 474 einfach ein süßes Mädel. Ihre Wohnung
2556 433 3053 489 Frische und Natürlichkeit
1786 453 2542 513 ist ein kleines, dämmriges Zimmer. Eine
3062 469 3165 528 lart
2548 470 3067 531 Reusch, der jeden falschen)
1792 485 2535 545 Hängelampe mit einem Schirm Nom Den
2565 504 3153 555 von dermies, sehr zu stattes, als
1797 537 2551 583 ster aus, wenn es Abend wird, die Aussicht
2560 545 3140 601 Kaiser war die wienerische Art
1786 573 2552 611 auf die im Dunkel versinkenden Dächer und
2571 589 3161 650 Strobl in ihrem richtigen Fahrwa
1784 609 2554 658 Rauchfänge. Dort bin ich zuweilen auch
2562 627 3113 685 Fräulein Pietsch war als
1791 646 2546 698 glücklich. Sie ist nicht bezaubernd schön,
2569 667 3163 717 Strumpfwirkerin gut am Platze.
1801 690 2551 740 sie ist nicht besonders elegant und sie ist
2565 709 3145 772 scenirung des Schnitzler'schen Dra
1789 729 2557 781 durchaus nicht geistreich, aber sie hat die
1794 774 2550 820 weiche Anmuth eines Frühlingsabends und
2569 797 3162 848 gefüllte Haus spendete der Frau
1793 809 2554 858 den Geist eines Mädchens, das zu lieben
2565 841 3153 893 rauschenden Beifall, aber auch die
1796 854 2558 899 weiß.“ „Das ist hübsch, sehr hübsch,“ sagt
2574 885 3156 943 Mitwirkenden gingen verdienterma
1799 893 2559 948 die Dame aus der Gesellschaft. „Ja, es ist
2565 921 2750 987 leer aus.
1797 934 2556 995 herzlich und wahr,“ erwidert der junge
2625 945 3163 1020 „Liebelei“ wird heute und
1801 968 2559 1026 Wiener. In dieser jenseits von Gut und
2569 994 3162 1058 Abend wiederholt, in der morgigen
1791 1016 2562 1060 Böse liegenden Wiener Vorstadt= und „sü¬
2567 1050 3151 1112 giebt Agnes Sorma nochmals ih¬
1800 1053 2556 1107 ßen Mädel“=Sphäre bewegt sich auch „Lie¬
2568 1083 2953 1166 gleichliche „Nora“.
1802 1096 2549 1150 belei“. Es fehlt auch nicht an der Mon¬
1806 1137 2569 1186 daine, sie bleibt hinter den Koulissen, aber
2754 1137 3122 1214 Germania Theater.
1806 1179 2562 1233 sie ist doch das Schicksal der Geigerstochter.
2782 1199 3114 1266 Marie Geistinger.
1788 1217 2514 1272 Der einfache Vorgang ist schnell erzählt:
2590 1243 3153 1308 Das schier Unglaubliche, gester
1837 1259 2564 1310 Der in behaglichen Verhälnissen lebende
2571 1291 3154 1350 ist es Wahrheit geworden. Mari
1803 1301 2554 1357 Studiosus Fritz Lobheimer (Herr Reusch)
2570 1328 3162 1389 ger, in der ersten Hälfte der achtzi
1801 1344 2563 1388 und sein Kamerad Theodor Kaiser (Herr
2573 1379 3163 1429 der mit Recht verehrte Liebling des
1805 1388 2559 1444 Strobl) unterhalten eine Liebelei mit zwei
2575 1412 3162 1471 Theaterpublikums von New York
1800 1425 2562 1485 Mädchen aus dem Volke, Christine Wei¬
2570 1457 3161 1510 mehr als zwölfjähriger Abwesenhe
1801 1468 2561 1525 ring, der Tochter eines Theater=Geigers
2570 1499 3162 1557 gekehrt, nicht an die Stätte ihrer
1797 1512 2556 1559 (Agnes Sorma) und Mizi Schlager
2572 1534 3162 1597 Triumphe, wo jetzt russisch¬
1809 1555 2558 1606 (Fräulein Braga). Die letztere frisch, fesch
2573 1573 3151 1635 Kunst verzapft wird, sondern als
1803 1598 2563 1656 und frech, ein rechtes „Weaner Madl“ vom
2566 1624 3156 1677 deutschen Volkstheater an der achte
1808 1638 2560 1683 Grund, die ohne alles moralische Bedenken
2575 1664 3162 1719 dessen erfolgreiche dieswinterliche
1802 1679 2560 1734 gerießt, was sich ihr auf ihren lockeren Le¬
2586 1705 3152 1774 mit ihrem Gastspiel den glänzend
1803 1722 2566 1773 benswegen darbietet, die erstere auch ganz
2581 1740 2820 1801 finden wird.
1797 1776 2570 1820 Wienerin, aber ernsterer Art, voll Jugend¬
2614 1768 3163 1846 Marie Geistinger ist wieder
1802 1805 2568 1859 wärme und Lebensdrang, eine starke, ge¬
2573 1828 3154 1898 die Alte und doch auch nicht meh
1801 1845 2559 1905 sunde Mädchenseele, die das heiße Verlan¬
2579 1874 3147 1936 Alte. Wer erwartet hatte, ni
1800 1880 2564 1942 gen hat, aus dem Hinterhause des Herzens
2573 1922 3162 1974 aux restes der Marie Geist
1805 1930 2568 1980 ihres Fritz in's Vorderhaus zu avanciren,
2579 1959 3144 2009 ehedem zu sehen, ist gestern Aben
1801 1965 2567 2020 wo die Liebe wohnt, die nicht vor der Welt
2575 1996 3148 2063 nehmster Weise enttäuscht wordet
1811 2011 2567 2054 die Augen niederzuschlagen braucht. Aber
2574 2041 3161 2106 schonungsvoll auch die Zeit an der
1813 2050 2567 2106 Fritz will sich, wie der obencitirte Anatol,
2577 2098 3135 2147 Künstlerin vorüber gegangen ist,
1806 2091 2569 2143 in dieser Süße=Mädel=Atmosphäre nur
2578 2129 3161 2197 deren einst überschäumende künstle
1804 2129 2565 2191 von den Anstrengungen und Verstimmun¬
2577 2174 3163 2220 staltungskraft nachgelassen, und
1813 2179 2566 2237 gen seines Verhältnisses mit einer verhei¬
2575 2215 3155 2266 lische Technik muß heute Manch¬
1806 2213 2567 2277 ratheten Dame aus der Gesellschaft erho¬
2578 2261 3163 2312 was früher ursprüngliche Darbie
1817 2259 2565 2310 len. Und in die mit fester Künstlerhand
2574 2300 3111 2362 Doch mißverstehe man nicht.
1812 2301 2560 2365 gezeichnete Ausgelassenheit der fröhlichen
2580 2338 3153 2393 rese Krones“ ist noch immer ein
1813 2345 2567 2398 Stunde, welche die Studenten und ihre
1811 2376 2564 2442 Liebchen in der Junggesellenwohnung Lob¬
2584 2389 3151 2446 ter Lebensfülle, von ächtem,
1809 2425 2570 2476 heimer's feiern, eine bis in den kleinsten
2577 2425 3132 2481 Künstlerleichtsinn durchström
1811 2467 2569 2518 Zug urwienerische Scene, tritt der beleidigte
2579 2465 3162 2526 da und dort macht sich ein leicht
1818 2506 2569 2559 Gatte (Herr Bira). Er fordert den Ga¬
2576 2514 3162 2565 ten im Festhalten an den chara
1809 2544 2568 2606 lan seiner Frau zum Zweikampf heraus.
2582 2549 3162 2613 Zügen des leichtlebigen Wiene#
1808 2590 2573 2644 Die Mädchen, welche weder die Ursache
2579 2591 3148 2654 bluts bemerkbar. Dies war ges
1817 2622 2571 2680 noch den Ausgang dieser späten Visite ah¬
2574 2637 3154 2687 namentlich gegen Ende der Vor
1817 2673 2573 2719 nen, nehmen Abschied und Fritz bleibt
2583 2685 3142 2736 merkbar, die sich übrigens durc
1815 2713 2568 2772 in trüber, ahnungsschwerer Stimmung
2584 2719 3125 2782 reichen Unterbrechungen seiter
1811 2756 2577 2814 zurück. Und in diesen wenigen Stunden,
2590 2763 3147 2815 gefeierten Gast mit stürmisch
1820 2799 2571 2850 die ihm noch bleiben, bevor er die Schuld
2585 2813 3162 2861 kommnung begrüßenden Publi
1813 2837 2571 2893 mit seinem jungen Leben zahlen soll, em¬
2588 2848 3162 2898 durch die dringend verlangte W
1811 2880 2574 2937 pfindet er, welch' starkes und warmes Ge¬
2595 2888 3161 2948 einzelner Gesangsvorträge, wel
1812 2913 2574 2969 fühl das einfache Mädchen aus dem Volke
2586 2934 3154 2995 langen Frau Geistinger in lieb
1822 2965 2571 3025 an ihn verschwendet hat. Zum ersten und
2591 2984 3162 3052 ster Weise Gewährung gab, fa
1813 3001 2569 3058 letzten Male sucht er — im zweiten Akte —
2586 3026 3021 3084 bühr in die Länge zog.
1820 3043 2588 3092 Christine in ihrem Vorstadtstübchen auf.
2626 3059 3155 3119 Die durchschlagende Wirkung
1810 3088 2580 3142 Das Milieu, in welchem die junge Wiene¬
2587 3115 3163 3164 gen Abends erzielte die Sängeri
1824 3129 2566 3185 rin aufgewachsen ist, ist von Schnitzler mit
2586 3157 3161 3201 halb wehmüthig, halb übermüt
1823 3168 2571 3211 vielen feinen Strichen und Strichelchen
2587 3190 3139 3253 schöne Jugendzeit". Aber auch
1821 3208 2572 3261 liebevoll gezeichnet. Wir begegnen dem
2592 3240 3156 3282 gesungenen Einlagen, besonders
1813 3249 2574 3302 Vater des Mädchens (Herr Link), einem die
2588 3274 3136 3327 löcker'sche „So a Bissel Lieb,
1813 3292 2563 3345 Dinge dieser Welt philosophisch mit Gleich¬
2589 3318 3135 3365 Treu“ schlugen mächtig durch,
1826 3332 2575 3384 muth betrachtenden alten Herrn, der dem
2585 3353 3136 3410 wieder die von der Künstlerin
1816 3366 2579 3420 Lebensdurst der Jugend das Wort redet
2593 3395 3149 3447 porirte Strophe, in der sie il
1812 3413 2568 3455 und es sich nicht vergeben kann, daß er einst
2591 3434 3162 3492 New Yorkern versichert, daß ihr
1815 3450 2566 3504 eine Schwester „vor aller Reu, aber auch
2590 3475 3162 3531 viel Lieb und viel Treu und nich
1816 3498 2576 3541 vor allem Glück“ bewahrt hat; und einer
1823 3541 2577 3584 geschwätzigen Nachbarin. Und wie der
2431 3568 2463 3603 )•
2589 3555 2806 3620 erfüllt sei.
1820 3568 2580 3628 Dichter hier die Liebe des armen Mädchens
2626 3581 3153 3661 Der trotz des herzlichen Empf
1817 3618 2576 3664 in zarten Halb= und Vierteltönen, in wort¬
2589 3639 3162 3702 fangs fehlende Rapport zwischen
1819 3658 2572 3713 losen Zärtlichkeiten, in unzähligen kleinen
2589 3689 3152 3744 und dem Publikum stellte sich er
1821 3694 2580 3754 ergreifenden Zügen sprechen läßt, wie dem
2594 3730 3152 3783 sem Couplet ein, um von da an
1821 3730 2574 3797 großen dummen Jungen, der den sicheren
2590 3770 3163 3828 wärmerer zu werden. Sicherlic
1829 3779 2570 3826 Tod vor Augen sieht, in der stillen, engum¬
2587 3821 3136 3870 der Umstand beigetragen, daß
1832 3822 2570 3881 friedeten Atmosphäre dieses kleinen Mäd¬
2588 3867 3161 3920 stinger sich auf der Bühne von
1820 3861 2571 3908 chenzimmers eine bessere Liebe als es die
2591 3896 3156 3957 zen Anzahl früherer lieber
1818 3903 2570 3946 ist, für welche er in den Tod geht, in's Ge¬
1820 3951 3117 4019 müth wächst, diese wehmüthige Abendson= und Kolleginnen umringt
