3436 4256
354 2932 434 3001 200
180 3062 432 3183 F 1927
195 3900 572 4004 März 1927.
880 1114 969 1212 □00
1308 841 1399 903 „
1203 697 1349 926 ie
872 1953 1367 2065 Ader
1849 2967 1899 3019 355
2739 2980 2821 3050 1500
855 3063 2913 3168 Ohne Krampf, ohne Stilisierung, ohne effekthaschende Stimmungsmalerei wird hier der Geschichte einer
761 3107 1218 3202 Liebelei nachgegangen
1324 3135 2903 3211 Die Wirkung bei Schnitzler ist die gleiche wie bei der verfilmten „Liebelei“,
749 3162 2885 3226 tiefster Anteil an der vitteren Melodie, die einem liebesenttäuschten Herzen entströmt. Das alte Herzeleid —
754 3223 2906 3303 von dem die frühesten Nachtigallen aller Dichtungen sangen — aus diesem Film klingt es wieder. Man
751 3274 2903 3351 muß es den Autoren Juttke und Klaren — die bisher wohl noch in keinem Manuskript enttäuscht haben
745 3324 2897 3409 und auf der Gewinnseite der Saison zu verzeichnen sind — und den Regisseuren J. und L. Fleck zu hohem
748 3364 2900 3444 Lobe anrechnen, daß sie jede Abschweifung vom Sinn ihres Films, von seiner klaren Linie, von seinen
753 3408 1537 3486 klaren Charakteren vermieden hab.
1571 3436 1619 3471 *
1601 3431 2898 3491 Die Flecks können nämlich wirklich etwas! Sie haben eine so
744 3464 2909 3544 abgerundete Leistung zusammen mir Eduard Hösch (Kamera) und Jack Rotmil (Bauten) — komponiert, daß
753 3524 2900 3595 man wirklich darüber vergißt, ob der Film ein Mittelfilm oder ein Superfilm ist. Er ist ein guter Film.
747 3565 2901 3634 Und damit gut ... Mit Evelyn Holt, der zarten, schmalen Mädchengestalt, in deren Antlitz so viel Ver¬
749 3611 2892 3684 trauen, so viel Kraft lebt, leidet das Publikum wie einst bei der Luise Millerin. Man muß ihr gut
755 3652 2902 3758 sein ... Im großen Augenblick — wie in ihrem tödlichen Schmerzensschrei — sprüht echtes Feuer aus
750 3712 2813 3784 ihr, und scherzen und tändeln kann sie auf so leichte, heitere Art, daß ihr Anblick ein Genuß ist .
738 3759 2895 3861 Man kann nur sagen: selten hat ein populärer Film so unmittelbar gewirkt. Mit reinen Mitteln erzielte
739 3800 1253 3897 man reine Wirkung.
854 3897 2893 3984 Sie (die Autoren) sind dabei auf das trefflichste von ihren Regisseuren J. und L. Fleck unterstützt
744 3961 2890 4057 worden, die eine demliche eigene Note, viele hübsche, echt filmische Einfälle und ausgesprochene Begabung
749 4008 2888 4109 für Spielszenen hoben ... Der Beifall, der dem symvathischen, fleißig gearbeiteten Film zuteil wurde, war
746 4059 2219 4135 stark und ehrlich, stellenweise herrschte tränenvolle Ergriffenheit.
