3484 4192
806 165 1240 263 box 13/3
304 174 655 248 iebelei
123 171 662 290 5.  . Snnnne
750 384 965 458 .Oesterr.
593 421 1064 483 VEl behördl. konz.
338 472 1065 505 Juro für Zeitungsnachrichten
323 503 1060 569 WIEN I, WOLLZEILE 11
173 476 314 567 52
202 563 254 614 5
557 540 926 652 Wie Stunde, Wiag
210 608 267 686 8
513 718 996 824 17 HRZ 1052
231 804 1038 904 Lenormand erzahlt vom
372 879 935 972 Wiener Theater
194 957 1093 1042 Der Dichter von „Asien“ über seine künst¬
339 1012 944 1081 lerischen Eindrücke in Wien.
230 1074 1123 1123 H. R. Lenormand, der kürzlich anläßlich
193 1112 1086 1166 der deutschen Uraufführung seines Schau¬
200 1152 1083 1202 spiels „Asien“ am Burgtheater in Wien war,
206 1198 1087 1257 ist nun wieder nach Paris zurückgekehrt
193 1236 1092 1303 und gibt im „Paris Midi“ aber das, was er
195 1294 1088 1335 in Wien gesehen hat, Bericht. Wir ent¬
198 1329 1086 1374 nehmen den interessanten Ausführungen des
206 1368 1087 1420 Dichters folgende charakteristische Stellen:
241 1410 1083 1471 „Ich habe den Theaterbetrieb Wiens un¬
211 1461 1089 1515 gemein lebendig gefunden. Überall wird ge¬
195 1475 1108 1579 arbeitet: Premieren und Reprisen, überall
199 1538 1097 1598 gibt es neue Schauspieler, von denen ein¬
195 1588 1090 1647 zelne sogar zu den großen Entdeckungen zu
213 1617 1099 1697 zählen sind, und auch das Publikum hat
213 1674 1096 1736 für das Theater brennendes Interesse, ja
203 1714 1090 1768 eine fast religiöse Einstellung zu den
209 1751 1096 1809 Dingen der Bühne. Im Theater in der Josef¬
209 1804 1102 1861 stadt besuchte ich die Neueinstudierung von
205 1848 1096 1898 Schnitzlers „Liebelei“. Eine realistische
203 1886 1097 1943 Inszenierung, die aber doch ganz in Poesie
209 1938 1089 1988 getaucht ist und uns in die Atmosphäre des
218 1977 1092 2037 Wien vor 40 Jahren zurückversetzt. In
219 2030 1091 2075 dem auch der Sohn Schnitzlers spielt, sah
211 2070 1105 2123 ich eine Schauspielerin, die ich noch nicht
211 2096 1099 2164 kannte, die aber eine solche Kraft und Ein¬
206 2153 1107 2227 dringlichkeit des Ausdrucks ihres Schmerzes
221 2191 1106 2254 zeigte, daß ich ganz erschüttert war. Diese
218 2244 1108 2299 Paula Wessely ist sicher eine der größten
216 2278 912 2335 Schauspielerinnen unserer Zeit
249 2315 1109 2380 Während der Vorbereitungen zu einer
213 2371 1111 2421 Premiere besuchte ich im Burgtheater die
217 2423 1111 2464 Aufführung eines historischen Stückes, das
213 2458 1117 2504 die Jugend der Königin Victoria behandelt
222 2498 1118 2552 und in dem mein Freund Raoul Aslan
206 2542 1115 2593 eine Hauptrolle übernommen hatte. Eine
205 2577 1115 2636 ausgezeichnete Arbeit, die auch glänzend
212 2624 1111 2685 herausgebracht ist. Interessant ist die Vor¬
199 2664 1105 2744 liebe des Publikums für Stücke aus der Ge¬
209 2717 1111 2770 schichte — spielt man doch nicht weniger
209 2765 1117 2833 als vier, die sich um die Gestalt Franz
213 2800 1120 2848 Josephs drehen. In der Oper hat mich eine
205 2847 1112 2909 Aufführung des „Rheingold“ sehr befriedigt,
209 2896 1123 2960 obwohl ich über die dekorative Gestaltung
219 2930 1123 2978 nicht so begeistert war, wie über die ganz
199 2981 1122 3033 hervorragende musikalische. Der dekorative
216 3027 1126 3092 Stil für solche Werke wird doch erst noch
227 3065 541 3133 zu finden sein.
245 3076 1116 3156 Mein Stück „Asien“ hat im Burgtheater
226 3137 1114 3206 zwei bewundernswerte Interpreten gefunden:
223 3203 1107 3248 Maria Eis und Raoul Aslan. Die Auf¬
221 3229 1120 3309 fassung ihrer Rollen unterschied sich zwar
225 3292 1115 3336 erheblich von der die Pariser Aufführung
221 3325 1123 3381 Spielenden von der Vera Sergines und
227 3357 1120 3424 Henri Rollans... Aber es ist für einen
214 3395 1125 3468 Autor doch ungeheuer interessant, den Un¬
213 3454 1117 3502 terschied der Auffassungen großer französi¬
216 3496 1118 3554 scher und deutscher Künstler vergleichen zu
216 3538 1125 3599 können. Es würde mir schwer fallen, die
230 3580 1117 3638 Entscheidung zu treffen, wem ich da den
231 3623 1118 3672 Vorzug geben soll. Die Inszenierung stellte
211 3660 1117 3724 alle dekorativen Möglichkeiten dieses herr¬
212 3722 1125 3764 lichen Theaters in den Dienst meines
213 3748 1118 3805 Stückes. Das ganz in das überhelle Licht der
222 3795 1127 3849 Tropen getauchte Bild des Schiffes hat mir
221 3841 1118 3896 vielleicht am besten gefallen. Die Aufnahme
227 3885 1111 3933 des Stückes und meiner Person als Autor
215 3923 1123 3983 durch das Publikum hat großen Eindruck
211 3974 701 4051 auf mich gemacht.
1720 192 2543 290 „OBSERVER
1824 280 2495 340 I. österr. behördl. konzessioliiertes
1778 339 2527 398 Unternehmen für Zeitungs-Ausschnitte
1841 382 2449 467 WIEN, I., WOLLZEILE 11
1916 441 2389 501 TELEPHON R-23-0-43
1736 467 1901 539 —
1716 555 2100 639 Ausschnitt aus:
1709 661 2343 739 Berliner Tageblatt
2005 726 2366 809 23.3.1933
1720 796 1866 851 vom:
2284 869 2582 983 Fl. L Jag
1723 971 2872 1041 Im Josefstädter-Theater spielen sie jetzt „Liebelei“. Mit bit¬
1675 1014 2865 1081 teren Glücksgefühlen starrt man hin auf diese kunstvoll-kunst¬
1674 1058 2874 1110 lose Arbeit eines Vorkriegsdialogs. Wie schiesst doch bei dem
1680 1106 2887 1166 alten Schnitzler Faden an Faden, wie absichtsvoll-absichtslos wird
1676 1147 2887 1212 mit dem Wortmaterial umgegangen! Wird etwas derartig Ge¬
1670 1186 2875 1261 konntes denn niemals wiederkehren? Und warum wird einem
1669 1244 2876 1294 das Auge nass? Wahrscheinlich bewirkt das der Anblick einer
1674 1265 2879 1345 Zeit, in der nicht des Lebens Notdurft, sondern gerade des
1675 1303 2879 1384 Lebens Ueberfluss Tragödien erzwang und erlaubte .., und
1674 1361 2882 1414 dieser Ueberfluss kommt nicht wieder! Ausgezeichnet der alte
1669 1398 2890 1458 Thimig als alter Weyring und Heinrich Schnitzler als Theodor.
1670 1429 2359 1499 Wundervoll das stumme und heisse
2458 1444 2870 1504 händer Paula Wessely
1671 1488 2893 1561 als Christine; ein Erlehnisglück für lange die kleine Modistin und
1669 1514 2289 1578 Vorstadtvenus der Friedl Czepa.
2334 1835 2473 1894 I. Oeste
1853 1837 2645 1915 MIOBSERVER poneret, konz.
1773 1856 1853 1952 3
1899 1914 2638 1959 Büro für Zeitungsnachtichten
1916 1946 2659 1998 WIEN I, WOLLZEILE1
2050 2049 2671 2163 Neues Wiener Sburnal, Wien
2063 2165 2580 2268 23 117 1938
1734 2238 2844 2346 (Theater in der Josefstadt.) Gestern fand die 25. Auf¬
1623 2286 2835 2379 führung von Schnitzlers „Liebelei“ und dessen Blüette „Der
1624 2349 2846 2447 tapfere Calsstan“ statt, ein erfreulicher Beweis, daß auch
1618 2395 2826 2490 ernstere, aber wertvolle Stücke das Publikum anzulocken ver¬
1621 2451 2825 2541 mögen. Im Mittelpunkt der Aufführung stand natürlich die
1613 2474 2827 2584 prachtvolle Christine Paula Wesselys, neben der noch Hofrat
1608 2546 2819 2640 Thimig als alter Weyring, Hans Thimig und Heinrich
1620 2578 2836 2684 Schnitzler als die beiden jungen Leute und Friedl Czepa
1617 2641 2814 2729 als Schlager=Mitzi ebenso hervorzuheben sind wie Annie Rosar
1604 2690 2823 2782 und Herbert Hübner in den Episodenrollen des heute noch
1605 2739 2815 2832 unverwelkten Stückes Artur Schnitzlers. Im „Tapferen Cassian“
1602 2784 2815 2868 boten wieder Hans Thimig, Alfred Neugebauer und
1611 2826 2828 2928 Friedl Czepa ihre bereits bei der Premiere gewürdigten
1603 2885 2825 2991 Leistungen. Es war ein mit Freude aufgenommener Jubiläums¬
1598 2922 2102 3011 abend echt Wiener Kunst.
2116 3238 2634 3339 „GGSERVER‘
2055 3289 2717 3411 Wien, I., Wollzeile Nr. K
2150 3381 2629 3467 Talafon R-23-0-42
2121 3519 2287 3611 Neutel.
2359 3522 2704 3616 Seitblatt, Wien,
1847 3662 2821 3745 Im Theater in der Josefstadt findet heute die
1812 3718 2813 3784 25. Aufführung von Schnitzlers „Liebelei“ mit den
1809 3764 2809 3813 Damen: Czepa, Kinast, Rosar, Wessely; und den Herren:
1818 3798 2811 3854 Herbert Hübner, Schnitzler, Hans Thimig und Hugo
1823 3835 2833 3895 Thimig und „Der tapfere Cassian“ mit Frau Czepa 1
1806 3878 2819 3942 und den Herren: Neugebauer, Rohner und Hans Thi¬
1796 3901 2006 3977 mig statt.
