3484 4192
301 167 702 236 Liebelei
846 163 1288 255 box 13/4
300 229 715 281 W
819 1376 1045 1450 I. Oesterr.
446 1403 1163 1485 Observel beneral. konz.
463 1453 1172 1519 dro für Zeitungsnachrichten
450 1491 1189 1564 WVIEN I, WOLLZEILE 17
625 1580 1234 1704 Danzi ger Neuestehacstienen
579 1685 994 1794 5.APR. 1933
309 1830 735 1904 Filmpalast, Langfuhr.
369 1850 1316 1928 Zwei weit über den Durchschnitt hervorragende
310 1910 1307 1964 Filme sind in dem jetzigen Spielplan vereint. Nach dem
312 1935 1310 1994 Bühnenstück von Arthur Schnitzler haben Hans Wilhelm
306 1981 1309 2029 und Kurt Alexander den Tonfum „Liebekei“ geschaffen,
312 2009 1315 2073 den Max Ophüls regielich gestaltet hat. Er verzichtet
311 2043 1314 2104 möglichst auf die Effekte, die das Original in tenden¬
326 2076 1322 2140 ziöser und einseitiger Weise enthält, und sucht lediglich
311 2110 1326 2194 die rein menschliche Seite dieser Tragödie zu betonen:
315 2144 1321 2206 selbstverständlich kommt er um die Tendenz des Autors
323 2181 1327 2241 nicht herum. Da hierzu noch die großen realistischen
317 2223 1318 2276 Möglichkeiten des Tonfilms kommen, ergeben sich Wir¬
320 2245 1327 2312 kungen, die der Bühne vorenthalten sind. Das Schönste
322 2282 1321 2349 vomn photographischen Standpunkt aus ist wohl die ent¬
324 2312 1323 2386 zückende Schlittenfahrt durch den tief im Schnee ver¬
330 2351 1323 2418 sunkenen Winterwald. Hier ist eine Stimmung in be¬
329 2379 1336 2455 zaubernder Weise eingefangen, die den Zuschauer völlig
336 2423 1329 2494 gefangen nimmt. Magda Schneider als Christine
333 2455 1327 2523 zeigt sich von einer völlig neuen Seite und hat ergrei¬
340 2489 1328 2560 fende Szenen in diesem melancholischen Spiel. Frisch
333 2522 1330 2595 und lebendig Wolfgang Liebeneiner und Willi
348 2561 1337 2624 Eichberger als junge Offiziere, ebenso wirkt Louise
364 2602 1327 2657 llrich, mit ihrer unbekümmerten Sorglosigkeit. —
339 2619 1342 2701 Ebenso ernst und ergreifend ist das Geschehen in dem
338 2663 1346 2726 amerikanischen Tonfilm „Der Champ“, dessen Quali¬
322 2689 1113 2789 täten wir schon mehrfach gewürdigt haben.
2282 924 2500 982 . Oesterr.
1841 921 2600 1008 Observel Seherel. konz.
1728 938 1854 1023 313
1819 998 1853 1026 0
1866 996 2599 1045 Büro für Zeitungsnachrichten
1810 1022 1856 1068 2
1872 1025 2607 1079 WIEN I, WOLLZEILE 11
1802 1064 1853 1113 1
1974 1118 2673 1229 Gberösterreich. Mongenblatt, Linli
1724 1153 1876 1246 3|3
2092 1219 2527 1314 19. 5r f. 1933
1879 1343 2652 1462 Aus den Lichtspielbühnen.
2296 1437 2885 1508 Um die Jahrhundertwende hat
1728 1447 2141 1525 Kolosseum-Kina. „L#,
2122 1455 2376 1529 Se
1673 1497 2884 1572 Arthur Schnitzler das „suße Wiener Mäd!“ titerarisch gecdelt
1677 1547 2879 1596 und die Liebestragödie der kleinen, neunzehnjährigen Christine Wey¬
1674 1580 2881 1628 ring ist der größte Bühnenerfolg des Wiener Dichterarztes geblieben.
1686 1635 2879 1682 Es hat eigentlich lange gewährt, bevor sich der Film an „Liebelet“
1685 1682 2888 1732 herangewagt hat, begründet durch die verschiedenartigen Kriterien
1675 1710 2877 1771 von Bühne und Film. Auch Max Ophuels konnte nur bildhaft
1686 1760 2888 1811 den Schnitzlerschen Stoff nicht bändigen, aber seine Bearbeitung
1681 1804 2874 1855 schöpft, was nur möglich ist, aus dem reichen Born und bietet damit
1687 1851 2881 1904 einen der besten Sprechfilme der letzten Jahre. Wundervoll ist schon
1684 1894 2869 1949 die Stimmung jenes Vorkriegs=Wiens festgehalten, das heute nur
1687 1935 2877 1993 noch in der Erinnerung der älteren Generation vorhanden ist, die
1688 1976 2882 2034 schon in den ersten Bildern von der Festvorstellung in der Hofoper
1686 2028 2876 2078 sicher und geschmackvoll skizziert ist. Ebenso wirklichkeitstreu die Sze¬
1679 2072 2880 2119 nen aus dem Exerziergelände und der Offiziersmesse, die altösterrei¬
1678 2116 2874 2166 chische Kameradschaft ohne in jene läppischen Verzerrungen zu ver¬
1679 2161 2884 2209 fallen, welche aus gangbaren Bühnen= und Filmschwänken schoa
1686 2198 2868 2249 nahezu Anspruch auf historische Wahrheit erheben. Es ist nicht ver¬
1686 2235 2872 2295 wunderlich, daß im Film die nach seelischer Richtung intensiver behan¬
1682 2282 2876 2332 delten Gestalten der Christine Weyring (Magda Schneider) und
1677 2326 2894 2379 Leutnant Lobheimer (Wolfgang Liebeneiner) nicht zur gleichen
1689 2369 2889 2425 Wirkung wie im Bühnenschauspiel gelangen können, aber auch diest
1676 2409 2878 2465 beiden tragischen Figuren des Spiels werden in einzelnen Szenen er¬
1676 2456 2882 2514 schütternd glaubhaft. Schade ist aber, daß Paul Hörbiger als
1674 2498 2876 2555 Christinens Vater eine gegen das Schauspiel stark zusammen¬
1678 2544 2878 2596 gestrichene Rolle vorfindet, obwohl gerade der alte Weyring eine det
1674 2594 2876 2641 besten Gestalten dieses vortrefflichen Schauspielers werden konnte
1670 2637 2880 2688 Als Schlager=Mizzi, das „süße Mädl“ hat aber Louise Ullrich
1681 2660 2871 2714 nach ihrer prächtigen Leistung in Trenkers „Rebell“ den zweiten, ver¬
1678 2714 2873 2773 stärkten Großerfolg. Diesem leichtbeschwingten, gutherzigen Geschöpf
1678 2766 2883 2811 fliegen die Herzen im Nu zu. Wesentlich eindrucksvoller, als #
1683 2802 2879 2867 „Audienz in Ischl“ ist Willy Eichberger als Oberleutnant Kaiser,
1678 2832 2886 2914 gleichsam eine Gestalt aus Torresanis „Schöner, wilder Leutnants¬
1684 2890 2872 2949 zeit“. Aus der Episodenfigur des „fremden Herrn“ formt der Sprech¬
1681 2941 2873 2993 film die schicksalhafte Nebenhandlung, in der gleichfalls scharf profi¬
1669 2982 2883 3037 lierte Gestalten erscheinen, der einprägsame Baron Egersdorf Gustaf
1672 3031 2880 3078 Gründgens, die verführerische Baronin der schönen Olga Tsche¬
1669 3073 2891 3126 chowa und die in knappen Strichen gut gezeichneten Stabsoffiziere
1672 3112 2889 3165 Paul Ottos und W. Pledaths. Es ist der beachtenswerteste
1679 3160 2886 3209 Erfolg dieses Filmwerkes, daß er vollends zu fesseln weiß, obwohl
1668 3196 2887 3262 die Zeit seiner Handlung und die bewegenden Probleme nicht mehr
2711 3242 2870 3312 —0r.—
1675 3248 2116 3319 unserer Zeit angehören.
2286 3291 2336 3340 —
