3344 4256
227 173 787 269 5. Liebelei
937 171 1363 269 box 10/6
411 222 901 289 neeeeneene  enen
443 1205 1432 1267 — Finias  uberinto m. unetei —
139 1234 1623 1317 fgierung have Durchführung gelaugen; ferner stände die Fernhaltung
161 1307 1629 1362 erklärt und der Lehrer, die an geistlichen Anstalten wirken, von allen
160 1399 403 1462 nicht so eng
411 1400 1625 1483 daß der Mann, dem sie ihr ganzes Herz geschenkt hat,
149 1447 409 1505 d die Stärke
420 1451 1620 1510 gleichzeitig ein Liebesverhältniß mit einer verheiratheten Frau
151 1492 413 1551 Wir meinen
415 1490 1623 1557 unterhält, mit deren Gatten er sich schlagen muß. Aus
148 1538 405 1596 im modernen
417 1546 1625 1601 ihrem kleinen Stübchen im obersten Stockwerk, aus dessen Fenster
153 1585 1628 1625 nicht einmal man über die Dächer Wiens bis an den dunkelblau schimmernden
151 1623 1640 1676 braucht, son= Kahlenberg sieht, wo sie mit Notenabschreiben die kümmerlichen
152 1666 416 1727 aßt und mit
412 1676 1626 1719 Einkünfte ihres Vaters zu vermehren sucht und stolz und glück¬
151 1709 411 1774 inung gehört
412 1715 1636 1770 lich ist, ein liebendes Herz gefunden zu haben, ist der von ihr
169 1757 413 1815 den blonden
413 1762 1643 1801 vergötterte Mann hinausgegangen und im Duell gefallen. Erst
165 1806 1629 1861 Augen dem allmählich erfährt sie das Schreckliche der Katastrophe und kann
147 1826 414 1903 inen tieferen
414 1855 1626 1900 es nicht begreifen, daß ein Mensch, den sie unendlich geliebt
160 1887 406 1945 s weiblichem
417 1897 1634 1945 hat, so handeln konnte und als sie endlich Alles versteht, läuft
163 1933 402 1991 trägt einen
415 1940 1640 1984 sie davon und nimmt sich das Leben. Dieser kleine Hergang ist
158 1971 1624 2019 Ruhe weich von dem Dichter in Verbindung mit einer andern flüchtig und
149 2025 1626 2089 liches Register, harmlos verlaufenden Liebesgeschichte mit treuester Wahrung der
159 2071 1639 2112 der Affekt es Wiener Stimmung und geradezu unheimlicher Wahrheit in der
152 2100 1627 2159 Deutschland, Beobachtung des Einzelnen dramatisch behandelt worden. Fra#
149 2154 1628 2207 Muttersprache Sorma hatte die Rolle für Berlin im Deutschen Theater geschaffen und
142 2196 415 2257 uspielerinnen,
420 2204 1635 2258 darin ihre hervorragende Begabung gezeigt. In den beiden
137 2241 409 2299 Bezug auf die
429 2247 1628 2290 ersten Akten konnten wir uns nichts Vollendeteres denken. Aber im
154 2280 414 2341 tenden „G“,
418 2293 1641 2347 dritten Akt steht Fräulein Sandrock noch eine Stufe höher.
169 2330 411 2388 seiner vollen
424 2334 1625 2399 Wenn sie die Nachricht vom Tode des Geliebten erhält, sinkt sie
161 2374 418 2435 letzter Zeit
417 2389 1642 2438 zerschmettert auf einen Stuhl und blickt hilflos um sich. Die
144 2411 417 2477 ssprache auf
414 2423 1643 2485 Finger der linken Hand krümmen sich vor Schmerz krampfhaft
145 2460 418 2521 leinzigen vor
420 2470 1635 2513 zusammen, mit der Rechten zerdrückt sie das Taschentuch. Sie
149 2501 418 2565 hen, während
414 2517 1633 2566 schluchzt an der Brust des alten Mannes, daß es einen Stein er¬
136 2549 405 2616 iche zwischen
418 2557 1634 2616 barmen kann, und bricht immer wieder, wenn sie sich beruhigen will, in
158 2593 416 2650 beantworten
426 2595 1636 2650 lautes Weinen aus. Ein solches erschütterndes Weinen haben
199 2637 417 2692 anhören,
427 2641 1628 2691 wir auf der Bühne lange nicht vernommen. Fräulein Sandrock
151 2680 419 2740 über die Art,
427 2686 1626 2741 wagt dann noch Etwas, was wir keiner ihrer Nachahmerinnen
147 2723 409 2778 kncillon haben
417 2732 1629 2780 empfehlen möchten, das aber bei ihr zu einem originellen Mo¬
143 2767 417 2824 mn dreiaktigen
428 2779 1634 2826 ment der Charakteristik wird. Sie schlägt, als die Anderen sie
171 2813 407 2871 ergreifenden
428 2824 1629 2877 am Weggehen hindern wollen, wie ein ungezogenes Kind mit
178 2864 1642 2903 die Tochter den Armen um sich, bevor sie davonstürzt. Und trotz dieses
149 2912 1624 2953 gesellschaftlich äußersten Realismus haben wir in ihrem Spiel keinen Zug
164 2955 1633 2997 Leidenschaft entdecken können, der gesucht oder übertrieben war. Zum Schluß
158 2988 1626 3046 nicht an ihre gab sie in dem Einakter „Abschiedssouper“ von Schnitzler aus
177 3036 1628 3100 zu werden, dessen pikanter Dialogsammlung „Anatole“ das Gegentheil zu der
150 3082 1641 3124 in und dank= vorausgegangenen Leistung, eine leichte Dame aus der Cou¬
175 3122 1646 3197 sich heraus,klissenwelt, eine Choristin, die sich von ihrem Freunde bei
2027 1222 3204 1303 Landtage zugedacht. Summa Summarum eine Oppositione#.
2020 1266 3318 1349 Negation der Konservativen, die nicht gründlicher unter der Führung Ober
3246 1329 3312 1397 men
3087 1335 3215 1402 annann
2029 1393 3323 1449 Austern und Champagner trennt, um sich einem „Kollegen“ an=genö
3223 1441 3332 1498 wun
2015 1438 3225 1481 zuschließen, von dessen Liebe sie entzückt ist, obwohl sie es bei
3234 1484 3322 1535 und
2025 1494 3218 1543 ihm nicht so gut haben dürfte. Das Pikante, Freche und Aus¬
2024 1528 3322 1596 gelassene in dieser Rolle, das hohle Plappern und Lustigsein vorü
3224 1569 3313 1627 stell
2027 1576 3219 1637 eines Vogelgehirns waren ebenso überzeugend getroffen wie die
3230 1614 3318 1672 gesta
2021 1613 3211 1666 rührende Sentimentalität der andern und gaben uns die Ueber¬
3224 1661 3317 1709 nati
2022 1660 3224 1717 zeugung, daß die moderne Ewpfindung des Fräulein Sandrock
2020 1701 3226 1764 im Lustigen ebenso vorzüglich wie im Tragischen zum Ausdruck
3217 1740 3330 1806 itali
2013 1749 2201 1815 kommt.
3027 1747 3204 1833 E. 3.
