3484 4352
428 310 803 383 Liebelei
247 319 825 422 5. S
935 298 1386 394 box 12/5
1447 801 2251 963 ngabr onne Gewanr.)
1132 884 2249 1047 Ausschnitt aus sritischt !
1154 977 1946 1079 vom: 15 M4l.7914 Müneisen,
1147 1150 1784 1245 Schnitzler contra Schnitzler.
1250 1253 2217 1317 Jedes Niedersteigen entwürdigt den Höheren und schwächt
1146 1297 2218 1355 ihn. Ich weiß nicht, wer der erste war, der sein Werk hergab
1154 1351 2235 1428 zur Verfilmung, eine gewisse Neugierde, die Erwartung neues
1147 1398 2230 1452 Land zu neuen Taten sich zu erobern, mag ihn geleitet haben
1151 1453 2238 1513 bei seinem Entschluß. Das ist so sehr erstaunlich, daß viele
1149 1499 2240 1557 diesem Ersten nachfolgten, daß sogar Dichter kamen, die all¬
1154 1554 2234 1610 gemein bekannt sind und deren Name eine Macht ist, die
1165 1589 2233 1659 ihnen alle Pforten öffnet, sodaß sie es nicht nötig haben,
1157 1651 2228 1713 sich der Menge gleich zu machen und ihr zu dienen. Ger¬
1152 1690 2231 1761 hard Hauptmann gab seinen Roman „Atlantis“ für den
1154 1754 2231 1806 Kino her. Der ungenießbare Roman ist auf dem Kino er¬
1158 1814 2236 1858 träglicher geworden. Sit! Er trug seinen niederen Kern in
1164 1843 2234 1902 sich! Es wirkt auch weniger der innere Gehalt des Romans,
1152 1903 2238 1959 sondern das Technische, der Untergang des Dampfers. Aber
1154 1951 2228 2006 Arthur Schnitzlers Liebelei? Diese Dichtung ist über alle
1153 2004 2228 2047 Bühnen gegangen und hat überall sich Freunde erworben.
1160 2042 2242 2103 Neumann komponierte das Werk und neuer Erfolg wurde
1152 2105 2244 2155 der Dichtung. Wie kommt die Liebelei nun auf den Kino?
1154 2155 2237 2214 Wie kommt Schnitzler dazu, sein Werk zu verwässern, ins
1155 2188 2241 2249 Sentimentale herabzuziehen, wie kommt er dazu, aus dem
1167 2237 2234 2305 straffen Drama einen unwürdigen und durchaus schlechten
1168 2293 2247 2359 Film zu machen DDer Kino hat sein eigenstes Gebiet noch nicht
1158 2325 2236 2405 gefunden. Ich glaube, daß das Phantastische und Groteske, das
1156 2383 2235 2447 was aus technischen Gründen der Bühne verschlossen ist, das
1158 2435 2247 2501 besondere Gebiet des Kino ist. Die Erkenntnis der eigenen
1159 2496 2233 2545 Kräfte und Machtmöglichkeiten schränkt ein und verinnerlicht
1172 2543 2237 2599 auch den Kino. Doch aus geschäftlichen Gründen wird es lange
1159 2591 2246 2650 dauern, bis er gereinigt ist und nur sein eigenes Gebiet aus¬
1160 2642 2247 2697 baut. Vorläufig will er noch Theater sein und Leidenschaften
1172 2699 2236 2750 wie die Bühne zeigen. Wie ist es möglich, daß ein Dichter,
1164 2729 2246 2798 der wie Schnitzler auf der Bühne Erfolg in Fülle hatte, sein
1169 2780 2247 2840 Werk dem Geringsten dienstbar macht?] Der Dichtung wird
1161 2834 2251 2891 nicht zum wenigsten dadurch pikanter Reiz, daß mancherlei
1165 2894 2252 2940 verschwiegen und dem Leser überlassen wird, letzten Sinn zu
1167 2927 2234 2996 deuten und zu ahnen, wie auch der Maler nicht jede Linie
1173 2985 2247 3048 mit seinem Stifte umreißt, sondern dem Auge überläßt, das
1170 3033 2241 3084 Ganze letztlich auszuführen. Der Kino von heute kennt
1173 3083 2243 3148 dieses Pikante, dieses Vornehme und Zurückhaltende noch
1170 3123 2245 3191 nicht. Das Drama des Kinos gleicht dem Familienroman,
1171 3176 2249 3245 der auch dort breit ausmalt, wo der Roman des Dichters
1188 3273 1454 3316 Kusfe.hat.
1167 3288 2249 3361 verschweigt oder nur leise aufklingen läßt. Der Kino von
1171 3343 2233 3400 heute ist brutal, er zerrt ans Licht, er will sehen lassen,
1168 3397 2234 3444 will Effekte geben, schreien, verblüffen. All dem fügte sich
1174 3444 2228 3503 Schnitzler. Er machte einen zweiten Aufguß seiner Liebelei,
1169 3494 2235 3559 und aus seiner Dichtung wurde ein geschmackloses und senti¬
1167 3550 2235 3606 mentales Machwerk, das man gepeinigt und angeekelt an¬
1177 3593 2223 3650 sieht. O dieser Schluß der Kinoliebelei! Wie kommt ein
1175 3635 2229 3691 Dichter, der soviel Geist und Grazie besitzt wie Schnitzler
1173 3691 2248 3764 dazu, sich so wegzuwerfen? Oder handelte er so aus Ironie ?/#
1733 3733 2254 3831 Hanns Christoph Ade.
