3484 4224
758 156 817 234 e
490 159 766 235 Liebel
301 144 1448 270 5. LE1 box 10/4
987 1256 1068 1462 □
618 1431 1686 1564 Mar Karfunkel's Nachrichten-Burean „Argus“
751 1551 1708 1619 Ausstellung, grosse Rotunde. Eigenes Telephon.
1811 1560 3064 1637 n der Dichter seinem Stück zu geben wußte. Als sich nämlich das
1817 1600 1873 1648 ¬
600 1575 1705 1681 ferlin (N. 37, St rbrückerstr. 5. Telephon VII, 4096.
1870 1605 3051 1663 Pärchen, das sich noch eben ewige Liebe geschworen hat in flagranti
1874 1644 3061 1709 ertappt glaubt, knickt vor der brutalen Wirklichkeit die geheuchelte
1381 1665 1592 1741 Paris.
701 1663 1329 1746 London. New-York.
1312 1664 1396 1733 1
1875 1683 3054 1752 große Leidenschaft wie ein Streichhölzchen zusammen und der
1873 1707 3112 1808 mutige Ritter, der noch eben mit seiner Ehrenhaftigkeit geprahlt
584 1719 1721 1804 (Liest alle Zeitengen der Welt und liefert aus denselben
1865 1751 2492 1827 hat, wünscht sich über alle Berge.
812 1785 1506 1846 Ausschnitte über jeden Gegenstand.)
1939 1800 3050 1882 Die beiden Hauptrollen wurden von Frl. Rudolfi (Jeanne)
1851 1819 3044 1914 und Herrn Stephani (Louis von Nohant) sehr drastisch wieder¬
1857 1898 2925 1962 gegeben. Vermißt man bei letzterem auch die leichte franz
1862 1920 2913 1999 Eleganz des Auftretens, so traf er das Gigerlhafte des Cha
1857 1962 2910 2034 um so besser. Daß Frl. Dalldorf als fesche Schmuggler
1852 1997 2919 2070 mit ihrem Ehegespons, Herrn Krause, nicht zufrieden we
1864 2042 2947 2117 greife ich nur zu gut; mir ging es mit dem Herrn nämlich ge
1869 2090 3044 2161 o. Frl. Manke als Frau a Casteli trug die Erzählung von
1866 2112 3052 2197 prem tragikomischen Liebesaventeuer sehr ergötzlich vor. Das
1857 2144 2977 2245 Zublikum nahm den geistreichen Scherz recht wohlgelaunt auf.
1923 2205 3049 2299 Nach dem Franzosen älierer Schule der Deutsche mit dem
1840 2228 3041 2318 modernen Profil, nach der Pariser Satire das Wiener Sittenbild —
1848 2283 3048 2379 man darf wohl sagen, daß unsere Direktion diesmal bei der Zu¬
1862 2321 3051 2404 sammenstellung der Stücke einen feinen Geschmack zeigte. In
768 2315 3050 2437 ulto Theater. Der gestrigen Vorstellung strahlte ein freund= Arthur Schnitzlers Liebelei kost undsküßt, lacht und weint
690 2366 1868 2445 licher Sterg. Direktion, Publikum und Kritik haben alle Ursache
1869 2395 2051 2458 das leichtl
2298 2416 3042 2490 en der Gegenwart' Man hat die Dichtung
687 2417 1859 2486 zufrieden zu sein. Die Direktion — nicht etwa des leeren Hauses
1864 2425 3043 2526 vielfach öhne Weiteres als eine gelungene Schilderung der décadenca
691 2453 1861 2527 halber (wer könntebei diese Julihitze von einem vernünftigen
1856 2474 2477 2539 (gesellschaftlichen Zersetzung) bezeich
2602 2498 3052 2561 ch kann dem nur bei¬
697 2479 1860 2566 Menschen verkängen, daß er, Katt im Freien, im Theater schwitze?),
1858 2514 2465 2581 stimmen, wenn man das so vie
2618 2536 3045 2607 verstandene Wort ohne
697 2531 1864 2607 wohl aber, weil sie, wie ich heute schon zu prophezeien wage, endlich
1858 2551 2489 2618 das verächtliche Achselzucken selbstg
2619 2576 3045 2636 Besserseins ausspricht.
686 2569 1861 2636 das langersehnte Kassenstück gefunden hat. Das Publikum, weil
1864 2594 2545 2661 Gewiß, die tragische Haupthandlung
2632 2616 3044 2673 chauspiels, der Unter¬
688 2616 1863 2677 es wieder einmal auf unserer Bühn: Menschen sah, mit denen es
1862 2639 3045 2716 gang der armen Tochter des Violinistn durch die Liebelei mit dem
684 2666 1862 2725 lachen und weinen konute. Die Kritek endlich, weil gestern auf der
1867 2671 3042 2756 reichen Studenten aus der haute-volés, ist eine herbe Anklage gegen
687 2688 1858 2753 Leipziger Bühne auf einmal zwek Dichter zu Worte kamen, ein
1862 2718 3038 2791 unsere vielgerühmte gesellschaftliche Ordnung, die das Mädchen aus
683 2736 1861 2804 Franzose und ein Deutscher, ein Vertreter des älteren Kunststils
1861 2752 3048 2836 dem Tolke, das nach Glück schreit, den leichtlebigen Söhnen der
687 2760 1480 2830 und ein Moderner#der jüngsten Richtung.
1844 2782 3043 2861 oberen Zehntausend zur Befriedigung ihrer wechselnden Launen
764 2813 1860 2879 Paillerons Gewitterschauer ist ein geistreiches proverbe,
1863 2832 3032 2910 vorwirft und so der Schande oder dem Tode preisgiebt. Allein
685 2833 1855 2919 eine dramatische Kleinigkeit mit geschickt zugespitzter Handlung, die
1863 2874 3037 2936 was hat diese gesellschaftliche Misere mit dem Dichter zu thun?
682 2894 3031 2986 die sogenannte Liebe der verheirateten Pariser Weltdame und ihres Man lese doch nach, was er dem alten Musikus für prächtige
685 2920 3028 3037 heißblütigen Anbeters mit feiner Ironie verspottet. Die Schmuggler= Worte über Liebe und Glück in den Mund legt! Wie frei,
694 2967 3029 3062 herberge, das zur rechten Zeit hereinbrechende Gewitter und die wahr und gesund ist das alles empfunden! Nein, das Stück
679 3007 3039 3101 zerbrochene Deichsel, die das Liebespaar an der Flucht hindert, ist nicht nur ein düsteres Sittenbild unserer Tage, es werden darin
693 3035 1874 3093 muten uns zwar etwas altväterisch an; aber hat man einmal diese
1861 3056 3033 3148 auch Zukunftstöne angeschlagen, die inmitten der engherzigen
682 3087 3043 3179 abgebrauchten Bühnenrequisiten mit in Kauf genommen, so be= Philistermoral unserer Zeit etwas Befreiendes und Erlösendes
683 3132 3027 3218 wundert (man um so mehr die feine psychologische Wendung, die haben. Und das eben ist die stets zu wenig beachtete gute Sei“
