3484 4320
493 244 747 312 Liebel
301 234 1461 357 5. L#scei box 10/3
788 554 1391 762 Tunir
1904 752 3080 836 Im „Deutschen Theater“ jedoch, wo man sich auf Kleist besonders
981 770 1659 852 Theater und Musik.
1888 814 3136 876 versteht, müßte der Ton auf ganz liegen. Ich will nicht da
1063 823 1585 884 Deutsches Theaier.
3050 852 3139 898 fri
1906 856 3044 908 so boshaft sein, den Geist Dörings, der zugleich ein
759 861 1903 935 Dienstag, 4. Februar. Zum ersten Mal: „Liebelei“. Schau¬
3044 889 3125 937 ge
743 885 3057 954 spiel in drei Akten von Arthur Schnitzler. Regie: Herr] Kovold und ein Dämon war, herabzurufen; ich will vom
1896 935 3138 989 Nachfolger im Amte nicht fordern, daß er sich alle die köstlichen zth
740 955 1699 1018 Hachmann. (Buchausgabe bei S. Fischer, Berlin.)
1896 979 3058 1023 Einfälle des seligen Meisters zu eigen mache (Herr Haase that
781 982 1907 1047 Arthur Schnitzler ist ein Sohn des berühmten verstorbenen
3051 986 3145 1055 II1
1903 1015 3058 1056 das und fiel damit furchtbar durch); aber ich muß Herrn Müller
1730 1019 1907 1075 Er hat
740 1022 1731 1070 Laryngologen Schnitzler in Wien und selber Arzt.
3054 1045 3149 1090 v
1904 1053 3063 1098 das Bewußtsein schärfen, daß er mit der Gestalt des Dorfrichters
744 1064 1902 1125 schon vor einigen Jahren, ebenfalls bei S. Fischer, eine
3047 1078 3144 1127 ve
1909 1085 3056 1134 noch lange nicht fertig ist. Er hat ihn breit und derb in nieder¬
742 1105 1912 1158 Sammlung kleiner Einakter herausgegeben, deren ge¬
1905 1102 3075 1168 ländischer Manier angelegt und war stellenweise fast humoristisch.
740 1144 1910 1200 meinsamer Titelbeld „Anatol“ die Liebeleien seiner Jung¬
1901 1155 3146 1212 Aber alles war aus einem kühlen und rlaren Verstand heraus¬ mn
737 1174 1910 1235 gesellenzeit durchlebt: es sind feine, oft recht witzige, zu¬
1908 1213 3061 1255 gearbeitet. Man sah in ein wohlgeordnetes Hirn. Bein
750 1208 1912 1270 weilen etwas gespreizte ziemlich ungezogene Nippes. Man
732 1262 3151 1304 sieht einen reichen, guten Jungen, dem man wünschen möchte, daß Sünder Adam jedoch wirbelt und quirft alles wild phantastis., #i
746 1282 3143 1338 er nicht so viel Zeit für all diesen Herzeustand übrig behalte. durcheinander; Lug und Trug überschlagen sich hinter diesem de
747 1316 3147 1388 In dem größeren und ernsteren Schauspiele, das wir jetzt auf= perrückenlosen Schädel; tausend Erfindungen der Einbildungs-jwi
1907 1358 3143 1409 kraft und Windbentelei drehen immer fester den Strick um diesen fe.
749 1369 1914 1420 führen sahn, kehrt jener Anatol unter anderm Namen wieder.
3061 1390 3146 1448 ge
1916 1390 3063 1445 Hals; nie war ein großer Halunke possierlicher. Wenn ich Herrn
753 1413 1914 1459 Er heißt jetzt Fritz, ist jedoch derselbe gute reiche Wiener Junge
1917 1430 3067 1486 Müllers Leistung verständig neune, so liegt darin ein halber
3053 1429 3161 1480 al
746 1444 1914 1498 wie jener. Aber während Anatol am Hochzeitmorgen von seiner
1914 1457 3079 1523 Einwand. Frau Meyer als Martha Rull hat die schweren
736 1486 1909 1534 letzten Liebschaft wehmüthigen Abschied u. imt, nimmt Fritz am
1907 1496 3075 1568 Verse am besten gesprochen; das Bauernweib aber fehlte. Herr
745 1532 1910 1572 Abend vor seinem Tode Abschied von seiner ersten und
1915 1550 3071 1603 Biensfeld als Ruprecht gehörte zu den ganz Guten, Herr
739 1561 1918 1625 einzigen wahren Liebe. Während sein Verhältniß zu einer ver¬
1918 1601 3071 1649 Fischer als Schreiber Licht zu den ganz Guten. Die übrigen
751 1602 1915 1658 heiratheten Mondaine anfängt ihn zu ängstigen, sucht n bei
1917 1628 2778 1706 waren weder das eine noch das andere. P. S.
752 1641 1913 1698 einem Mädchen aus dem Volk „Erholung“. Während ihm der
736 1690 1915 1732 betrogene Gatte jeuer Dame das Leben bedroht, erkennt er, daß
746 1709 1928 1769 dieses Mädchen aus dem Volk ihn fürs Leben liebt. Auch in
2224 1710 2747 1792 Residenz=Theater.
753 1756 1915 1814 sein eigenes Herz kehrt die Liebe ein, während er einer Liebelei
1939 1763 3157 1848 Mittwoch, 5. Februar. Zum ersten Male: „Hotel zum Freie#
746 1800 1916 1853 zum Opfer fällt. Er wird im Zweikampf getödtet; das Mädchen
746 1836 2427 1914 stürzt sich im ersten Aufruhr ihrer Empfindungen viele Stock hoch hafen“ (IHôtel. du. I4
736 1878 1144 1949 zum Feuster hinaus.
783 1909 1927 1963 Das ist der Inhalt des Stücks, seine bündige Auekdote. Was
1910 1938 2033 2013 Reg
757 1948 1913 2004 das Stück reich macht, ist die Fülle der seelischen Eindrücke, die
746 1997 1913 2046 alle eine Beziehung auf das arme Mädchen haben. Während
755 2033 1923 2083 jener Anatol in den Wirrungen seines weiten Herzens selbst¬
1909 2033 2020 2096 rech
750 2077 1929 2125 gefällige Hauptperson war, tritt hier der liebelnde Fritz zurück
1923 2085 2013 2129 fasse
752 2108 2029 2174 hinter dem Mädchen, mit dem er ein erstes bestes kleines Ver¬ seil
766 2149 1927 2197 hältniß anzubändeln vermeinte, und das ihn nun mit der
1910 2167 2033 2220 geo
758 2189 1928 2243 keuschen Gluth einer großen Liebe überrascht. Wir sehn,
1911 2191 2027 2260 kom
759 2224 1924 2274 wie dieses Mädchen in scheuer Vergnügtheit das flotte,
1910 2233 2021 2287 lun
755 2264 2036 2327 lustige Schmarotzerleben kennen lernt das die Wiener jennesse) uac
748 2309 1921 2358 dorée mit ihren Grisetten führt. Die Gezenwart des Geliebten
1915 2320 2032 2381 gek.
743 2345 2018 2401 verklärt ihr diesen Tand, an dem sie sich freut, ohne innerlichin
753 2379 2030 2450 daran betheiligt zu sein. Wir sehn ihr heimlisches Glück durchwar
784 2419 1921 2475 nachbarliche Lästerzungen beleidigt, wir sehn sie vom Stelldichein
1918 2437 2029 2487 ein
839 2468 1923 2519 mkehren, bei dem der Erwartete ausgeblieben war. Wir sehn,
1919 2474 2028 2537 Fri
833 2491 1919 2551 esie, glückselig enttäuscht, dem Liebsten ihr Stübchen, ihre
1920 2510 2032 2566 Zu
835 2528 1921 2599 ebensächelchen zeigen darf, wir sehn bei alledem in ihrer
1924 2555 2034 2606 zun
766 2581 1913 2625 Brust die dumpfe Ahnung, daß dieses Maienglück verwehen wird,
1915 2592 2033 2639 gu
757 2617 2022 2677 wie draußen die Blüthen des Flieders. Sie möchte alles wissen] Be
755 2661 1925 2714 von ihrem Liebsten, und er sagt ihr nichts. Sie möcht' ihn
1912 2667 2025 2727 zus
758 2691 2033 2763 immer fragen, und er verbietet ihr das Fragen. In dieser Un=nie
770 2744 2024 2795 gewißheit, wankend zwischen Furcht und Hoffnung, verzehrt sie] De
759 2761 2031 2830 sich; als die Gewißheit kommt, sind auch schon Verzweiflung vor
765 2812 1908 2856 und Tod da. Man hat ihn sterben lassen, ohne sie zu
1925 2830 2030 2875 nu
771 2846 1921 2898 rufen. Man hat ihn begraben, ohne ihr's anzusagen.
1913 2867 2026 2923 ver
759 2888 1920 2938 Denn was soll ein kleines Verhältniß“, eine kleine
1916 2899 2018 2952 schl
760 2927 1930 2974 „Liebelei“ unter den standesgemäßen Leidtragenden? Sie hat ihn
1930 2943 2035 2992 schl
763 2971 1930 3023 auf Erden im Leben und im Tode nicht finden können. Nun sucht
1924 2981 2033 3032 Ho
764 2999 1931 3062 sie ihn dort drüben. Wir bleiven zurück bei dem Papa, dem sie
1924 3020 2039 3068 der
762 3029 1930 3087 sich anvertraut hatte, der ihr das bischen Erdenglück gegönnt
1931 3063 2033 3104 zur
764 3085 1931 3140 hätte, auch wenn es flüchtig gewesen wäre, und dem nun seine
1925 3094 2028 3149 der
764 3119 1922 3172 alten Beine den Hilfedienst versagen: er hat nicht die physische
1932 3132 2031 3183 we
745 3144 1927 3222 und feelische Kraft, sein Kind ins glückiose Dasein zurückzuretten.
1925 3173 2028 3227 uni
801 3203 1927 3251 Obwohl der Dichter von einer künstlerischen Konstruktion aus¬
1937 3215 2006 3260 die
763 3234 1939 3290 geht, obwohl er nach alter Lustspieltechnik das ernste Liebespaar
1926 3252 2022 3309 zuf
763 3272 1925 3321 zu einem muntern Liebelpärchen in künstlichen Gegensatz stellt
1927 3290 2030 3339 ein
888 3319 1924 3367 ins durch das andre fortwährend beleuchtet, so ist doch alles
907 3358 1928 3409 voll echt, wahr und klar in dem Stück; mit einem einzigen
909 3398 1921 3450 Griff ins Leben ist das Komplizirteste so gefaßt, daß es
904 3430 1698 3481 auf der Hand liegt. Es ist in seiner wohlig¬
870 3476 1527 3544 sstimmung so rührend natürlich, wie H
1438 3482 1809 3566 eogeseheststenichehege
774 3508 1312 3560 ##f künftlerisch geinen als Haldes
771 3533 2040 3596 und witzig formulirten Bemerkungen, aber sie quissen aus dersun
779 3574 1931 3638 Situation und sind den Leuten, die sie machen, mundgerecht.
1925 3597 2039 3648 ein
768 3607 1938 3678 Vom kindisch maßlosen Lebensgenuß hebt sich eine süße Traurig¬
1939 3638 2037 3687 Va
778 3659 1795 3706 keit ab, als fielen draußen vom Flieder die Blüthen ab.
1781 3659 1931 3704 Einer
1930 3674 2012 3718 bel
773 3685 1946 3752 freien Auffassuna von Leben und Liebe, dem übermüthigen Spiel
1928 3710 2029 3773 W
778 3730 1930 3778 mit Herzen und Sinnsn setzt das Memento mori die Schranke.
777 3769 1939 3838 Möchte den Dichter ein ebenso gutes Finderglück zu neuen, reifern
775 3818 1853 3884 Entwürfen tragen; denn die Anatols kennen wir nun schon.
803 3859 1929 3913 Der Dichter stellt an die Bühnendarstellung sehr kecke
1933 3863 2033 3929 die
767 3904 1931 3954 Forderungen. Der Gatte, der in das Haus des Ehebrechers
1930 3914 2033 3963 Ko
1940 3948 2037 4005 W
785 3952 1932 4003 tritt, um den vergessenen Schleier seiner Frau zu holen, der
771 3977 1939 4034 zweimal gegen den armen Sünder die Faust hebt und dann weg¬
1922 3979 2036 4051 ha¬
779 4022 1925 4083 geht, um ihn todt zu schießen, ist nicht von erstwem zu spielen.
1940 4029 2040 4081 kla
782 4063 1934 4120 Herr Nissen stellte meisterhaft dar, wie die gesellschaftliche Er¬
1937 4067 2028 4117 Te
775 4101 1924 4156 ziehung des vornehmen Herrn der natürlichen Brutalität des
1936 4094 2028 4163 bei
778 4132 1924 4192 empörten Mannes Halt gebot. Ebenso fein gab Frau Marie
1936 4141 2042 4194 Zu
1232 4169 1357 4211 Partgd
1726 4182 1775 4211 A
1017 4183 1224 4233 K
1511 4182 1582 4229 1eI11
