<?xml version="1.0" encoding="UTF-8" standalone="yes"?>
<PcGts xmlns="http://schema.primaresearch.org/PAGE/gts/pagecontent/2013-07-15" xmlns:xsi="http://www.w3.org/2001/XMLSchema-instance" xsi:schemaLocation="http://schema.primaresearch.org/PAGE/gts/pagecontent/2013-07-15 http://schema.primaresearch.org/PAGE/gts/pagecontent/2013-07-15/pagecontent.xsd">
    <Metadata>
        <Creator>prov=University of Rostock/Institute of Mathematics/CITlab/Gundram Leifert/gundram.leifert@uni-rostock.de:name=ONB_Newseye_GT_M1+(htr_id=10810)::::v=2.4.2
prov=University of Rostock/Institute of Mathematics/CITlab/Tobias Gruening/tobias.gruening@uni-rostock.de:name=de.uros.citlab.module.baseline2polygon.B2PSeamMultiOriented:v=2.4.2
prov=University of Rostock/Institute of Mathematics/CITlab/Tobias Gruening/tobias.gruening@uni-rostock.de:name=/mnt/transkribus/LA/DEA/URO/LA_news_onb_att.pb:de.uros.citlab.segmentation.CITlab_LA_ML:v=2.4.2
Transkribus</Creator>
        <Created>2019-10-07T11:59:18.080+02:00</Created>
        <LastChange>2019-10-09T13:14:18.693+02:00</LastChange>
        <TranskribusMetadata docId="223992" pageId="9509223" pageNr="1271" tsid="16654050" status="IN_PROGRESS" userId="40391" imgUrl="https://files.transkribus.eu/Get?id=ZRKPOQPOPFZWYDMYWMPBAOHQ&amp;fileType=view" xmlUrl="https://files.transkribus.eu/Get?id=LAALCTURNEKWCKQAMKGLWDVU" imageId="6198164"/>
    </Metadata>
    <Page imageFilename="223992_1271.jpeg" imageWidth="3484" imageHeight="4256">
        <ReadingOrder>
            <OrderedGroup id="ro_1711446226024" caption="Regions reading order">
                <RegionRefIndexed index="0" regionRef="r1"/>
                <RegionRefIndexed index="1" regionRef="r2"/>
            </OrderedGroup>
        </ReadingOrder>
        <TextRegion orientation="0.0" id="r1" custom="readingOrder {index:0;}">
            <Coords points="260,212 260,3451 1528,3451 1528,212"/>
            <TextLine id="r1l1" custom="readingOrder {index:0;}">
                <Coords points="962,245 1059,247 1079,262 1174,235 1214,259 1253,245 1282,268 1383,230 1383,182 1205,179 1138,198 1002,179 962,195"/>
                <Baseline points="970,235 995,236 1020,236 1046,238 1071,239 1096,240 1122,241 1147,242 1173,242 1198,243 1223,243 1249,243 1274,242 1299,241 1325,240 1350,238 1376,235"/>
                <TextEquiv>
                    <Unicode>box 12/6</Unicode>
                </TextEquiv>
            </TextLine>
            <TextLine id="r1l2" custom="readingOrder {index:1;}">
                <Coords points="425,250 580,255 614,242 634,255 784,253 804,244 804,179 753,171 723,186 691,170 622,207 580,183 529,210 494,184 467,200 452,188 425,194"/>
                <Baseline points="432,244 458,242 484,241 510,240 536,240 562,240 588,239 614,239 640,239 666,239 692,239 718,239 744,238 770,238 797,237"/>
                <TextEquiv>
                    <Unicode>Liebelei</Unicode>
                </TextEquiv>
            </TextLine>
            <TextLine id="r1l3" custom="readingOrder {index:2;}">
                <Coords points="251,259 325,288 358,269 384,287 483,268 666,269 720,290 756,274 777,289 804,278 806,241 418,242 308,167 255,170"/>
                <Baseline points="260,237 286,242 313,246 340,250 367,253 394,257 421,259 448,261 475,263 502,264 529,265 555,265 582,266 609,266 636,266 663,265 690,265 717,264 744,262 771,262 798,260"/>
                <TextEquiv>
                    <Unicode>5. Sennn</Unicode>
                </TextEquiv>
            </TextLine>
            <TextLine id="r1l4" custom="readingOrder {index:3;}">
                <Coords points="617,726 644,719 679,725 692,716 721,712 745,722 776,708 790,711 790,668 771,665 763,673 740,677 731,670 709,673 650,663 626,677 617,675"/>
                <Baseline points="624,707 650,708 676,708 703,707 729,707 755,708 782,709"/>
                <TextEquiv>
                    <Unicode>—.</Unicode>
                </TextEquiv>
            </TextLine>
            <TextLine id="r1l5" custom="readingOrder {index:4;}">
                <Coords points="764,817 1536,792 1534,703 1334,731 1247,707 1133,733 762,724"/>
                <Baseline points="770,788 807,789 845,790 883,790 921,790 959,790 997,790 1035,789 1073,789 1111,788 1149,786 1186,785 1224,784 1262,783 1300,781 1338,779 1376,778 1414,777 1452,775 1490,773 1528,772"/>
                <TextEquiv>
                    <Unicode>800 Stimmen, Klagonfur</Unicode>
                </TextEquiv>
            </TextLine>
            <TextLine id="r1l6" custom="readingOrder {index:5;}">
                <Coords points="366,819 469,818 563,773 605,790 716,784 757,803 749,723 601,719 476,776 439,760 361,763"/>
                <Baseline points="371,801 396,803 421,803 446,802 471,800 496,797 521,794 546,790 571,786 596,783 621,780 646,777 671,776 696,776 721,777 747,781"/>
                <TextEquiv>
                    <Unicode>roms 2 #</Unicode>
                </TextEquiv>
            </TextLine>
            <TextLine id="r1l7" custom="readingOrder {index:6;}">
                <Coords points="503,1070 553,1079 656,1021 1270,1038 1270,991 1229,971 1020,948 936,973 903,952 595,947 504,995"/>
                <Baseline points="511,1045 548,1037 586,1030 623,1025 661,1021 699,1018 736,1017 774,1017 811,1018 849,1019 887,1021 924,1023 962,1026 999,1027 1037,1030 1075,1031 1112,1032 1150,1033 1187,1032 1225,1031 1263,1028"/>
                <TextEquiv>
                    <Unicode>1 Munst und Titeratur.</Unicode>
                </TextEquiv>
            </TextLine>
            <TextLine id="r1l8" custom="readingOrder {index:7;}">
                <Coords points="621,1084 682,1113 1244,1123 1267,1122 1269,1068 1160,1047 1130,1068 1078,1047 810,1059 666,1034 621,1063"/>
                <Baseline points="628,1090 659,1090 691,1091 722,1091 754,1092 786,1093 817,1094 849,1095 880,1096 912,1098 944,1099 975,1101 1007,1102 1038,1103 1070,1104 1102,1105 1133,1105 1165,1106 1196,1106 1228,1106 1260,1105"/>
                <TextEquiv>
                    <Unicode>Jubiläums=Stadttheater.</Unicode>
                </TextEquiv>
            </TextLine>
            <TextLine id="r1l9" custom="readingOrder {index:8;}">
                <Coords points="416,1171 1470,1172 1469,1134 1253,1118 1078,1139 503,1098 417,1135"/>
                <Baseline points="424,1157 475,1155 527,1154 579,1154 631,1154 683,1155 735,1156 787,1158 839,1160 891,1161 943,1164 994,1166 1046,1167 1098,1169 1150,1170 1202,1171 1254,1172 1306,1172 1358,1171 1410,1170 1462,1168"/>
                <TextEquiv>
                    <Unicode>„Liebelei“, Komödie in 3 Akten von</Unicode>
                </TextEquiv>
            </TextLine>
            <TextLine id="r1l10" custom="readingOrder {index:9;}">
                <Coords points="694,1236 854,1216 959,1238 1190,1241 1192,1194 1124,1190 1091,1167 992,1190 959,1171 897,1186 809,1164 697,1171"/>
                <Baseline points="702,1212 727,1213 752,1214 777,1216 803,1217 828,1218 853,1219 879,1220 904,1220 929,1222 955,1222 980,1223 1005,1224 1031,1225 1056,1226 1081,1227 1107,1228 1132,1230 1157,1231 1183,1232"/>
                <TextEquiv>
                    <Unicode>Artur Schnitzler.</Unicode>
                </TextEquiv>
            </TextLine>
            <TextLine id="r1l11" custom="readingOrder {index:10;}">
                <Coords points="462,1275 1228,1316 1457,1311 1459,1269 844,1223 463,1245"/>
                <Baseline points="470,1274 519,1277 568,1279 617,1281 666,1283 715,1285 764,1287 813,1288 862,1289 911,1291 960,1292 1009,1294 1058,1295 1107,1296 1156,1297 1205,1298 1254,1299 1303,1301 1352,1302 1401,1303 1451,1304"/>
                <TextEquiv>
                    <Unicode>Nach ziemlich langer Pause wurde gestern wie¬</Unicode>
                </TextEquiv>
            </TextLine>
            <TextLine id="r1l12" custom="readingOrder {index:11;}">
                <Coords points="410,1314 1357,1369 1468,1326 411,1286"/>
                <Baseline points="416,1321 468,1324 520,1325 572,1328 624,1330 676,1332 728,1333 781,1335 833,1337 885,1340 937,1341 989,1343 1041,1345 1093,1347 1146,1348 1198,1350 1250,1352 1302,1353 1354,1355 1406,1356 1459,1358"/>
                <TextEquiv>
                    <Unicode>der einmal Schnitzlers Liebelei“ aufgeführt.</Unicode>
                </TextEquiv>
            </TextLine>
            <TextLine id="r1l13" custom="readingOrder {index:12;}">
                <Coords points="375,1435 1412,1430 1455,1464 1449,1364 1156,1400 376,1370"/>
                <Baseline points="382,1426 435,1425 488,1424 541,1423 595,1423 648,1423 701,1423 755,1424 808,1425 861,1425 915,1427 968,1428 1021,1429 1074,1430 1128,1431 1181,1432 1234,1433 1288,1434 1341,1434 1394,1434 1448,1435"/>
                <TextEquiv>
                    <Unicode>In keinem seiner vielen Bühnenwerke ist der !</Unicode>
                </TextEquiv>
            </TextLine>
            <TextLine id="r1l14" custom="readingOrder {index:13;}">
                <Coords points="367,1468 1407,1502 1434,1445 367,1443"/>
                <Baseline points="374,1471 426,1471 479,1472 531,1472 584,1473 637,1474 689,1474 742,1475 794,1476 847,1477 900,1477 952,1478 1005,1479 1057,1480 1110,1480 1163,1481 1215,1482 1268,1482 1320,1483 1373,1483 1426,1484"/>
                <TextEquiv>
                    <Unicode>uns im Fühlen und Denken sonst so wesensfremde</Unicode>
                </TextEquiv>
            </TextLine>
            <TextLine id="r1l15" custom="readingOrder {index:14;}">
                <Coords points="366,1521 1360,1550 1425,1518 366,1473"/>
                <Baseline points="373,1519 425,1519 477,1520 529,1521 581,1522 634,1523 686,1523 738,1524 790,1525 842,1526 895,1527 947,1528 999,1528 1051,1529 1103,1530 1156,1531 1208,1532 1260,1533 1312,1534 1364,1535 1417,1536"/>
                <TextEquiv>
                    <Unicode>Dichter=Aesthet dem wirklichen Leben so nahe ge¬</Unicode>
                </TextEquiv>
            </TextLine>
            <TextLine id="r1l16" custom="readingOrder {index:15;}">
                <Coords points="365,1581 1341,1595 1414,1587 1415,1544 366,1521"/>
                <Baseline points="373,1568 424,1570 476,1571 528,1573 579,1574 631,1575 683,1576 734,1576 786,1577 838,1577 890,1578 941,1578 993,1578 1045,1579 1096,1579 1148,1580 1200,1580 1251,1581 1303,1582 1355,1583 1407,1585"/>
                <TextEquiv>
                    <Unicode>kommen, als in dieser schlicht=ergreifenden Tra¬</Unicode>
                </TextEquiv>
            </TextLine>
            <TextLine id="r1l17" custom="readingOrder {index:16;}">
                <Coords points="370,1618 888,1647 1165,1612 1424,1643 1424,1597 1352,1587 371,1582"/>
                <Baseline points="378,1619 429,1620 481,1622 533,1622 585,1623 637,1624 689,1624 741,1625 793,1625 845,1625 897,1626 948,1626 1000,1626 1052,1626 1104,1627 1156,1627 1208,1628 1260,1628 1312,1629 1364,1630 1416,1631"/>
                <TextEquiv>
                    <Unicode>gödie des Wiener „süßen Mädels“, welche im</Unicode>
                </TextEquiv>
            </TextLine>
            <TextLine id="r1l18" custom="readingOrder {index:17;}">
                <Coords points="383,1678 1371,1694 1427,1684 1428,1642 384,1629"/>
                <Baseline points="391,1669 442,1669 493,1670 545,1671 596,1671 648,1672 699,1672 750,1673 802,1674 853,1674 905,1675 956,1676 1007,1677 1059,1678 1110,1679 1162,1680 1213,1681 1264,1682 1316,1683 1367,1685 1419,1686"/>
                <TextEquiv>
                    <Unicode>Verlaufe zweier Jahrzehnte von ihrer starken</Unicode>
                </TextEquiv>
            </TextLine>
            <TextLine id="r1l19" custom="readingOrder {index:18;}">
                <Coords points="381,1722 1153,1749 1423,1739 1424,1700 382,1677"/>
                <Baseline points="388,1713 439,1714 490,1716 542,1717 593,1718 645,1719 696,1720 747,1721 799,1722 850,1723 902,1724 953,1725 1004,1726 1056,1726 1107,1727 1159,1728 1210,1728 1261,1729 1313,1729 1364,1729 1416,1729"/>
                <TextEquiv>
                    <Unicode>Theaterwirkung nichts eingebüßt hat. Wenn</Unicode>
                </TextEquiv>
            </TextLine>
            <TextLine id="r1l20" custom="readingOrder {index:19;}">
                <Coords points="375,1768 1427,1780 1406,1735 375,1726"/>
                <Baseline points="382,1763 433,1764 485,1766 537,1767 589,1769 641,1770 693,1771 745,1772 797,1773 849,1774 901,1774 952,1775 1004,1775 1056,1776 1108,1776 1160,1776 1212,1776 1264,1777 1316,1777 1368,1777 1420,1777"/>
                <TextEquiv>
                    <Unicode>diese Wirkung gestern sich etwas wenen</Unicode>
                </TextEquiv>
            </TextLine>
            <TextLine id="r1l21" custom="readingOrder {index:20;}">
                <Coords points="375,1821 1421,1854 1432,1784 375,1779"/>
                <Baseline points="382,1813 434,1816 486,1817 538,1819 590,1820 642,1821 694,1822 746,1823 798,1823 850,1824 903,1824 955,1825 1007,1825 1059,1825 1111,1826 1163,1826 1215,1826 1267,1827 1319,1827 1371,1828 1424,1829"/>
                <TextEquiv>
                    <Unicode>äußerte, so lag dies nur an der Fehlbesetzung</Unicode>
                </TextEquiv>
            </TextLine>
            <TextLine id="r1l22" custom="readingOrder {index:21;}">
                <Coords points="384,1867 1415,1886 1415,1843 1363,1832 385,1822"/>
                <Baseline points="391,1861 441,1862 492,1863 543,1865 594,1866 645,1867 696,1868 746,1868 797,1869 848,1870 899,1871 950,1871 1001,1872 1052,1873 1102,1873 1153,1874 1204,1875 1255,1875 1306,1876 1357,1876 1408,1877"/>
                <TextEquiv>
                    <Unicode>der Rolle der Christine, welche der reisen Weib¬</Unicode>
                </TextEquiv>
            </TextLine>
            <TextLine id="r1l23" custom="readingOrder {index:22;}">
                <Coords points="373,1925 1261,1943 1412,1935 1413,1886 374,1867"/>
                <Baseline points="381,1913 432,1913 483,1913 534,1914 585,1914 637,1915 688,1916 739,1917 790,1918 841,1918 893,1920 944,1920 995,1921 1046,1922 1097,1923 1149,1923 1200,1924 1251,1924 1302,1924 1353,1924 1405,1924"/>
                <TextEquiv>
                    <Unicode>lichkeit des Fräuleins Norden so ganz und</Unicode>
                </TextEquiv>
            </TextLine>
            <TextLine id="r1l24" custom="readingOrder {index:23;}">
                <Coords points="379,1975 1414,1973 1414,1944 1312,1923 379,1930"/>
                <Baseline points="386,1964 437,1965 488,1965 539,1965 590,1965 641,1966 692,1966 743,1967 794,1967 845,1968 896,1969 947,1969 998,1970 1049,1971 1100,1971 1151,1972 1202,1973 1253,1973 1304,1974 1355,1974 1407,1975"/>
                <TextEquiv>
                    <Unicode>gar nicht liegt. Das liebe, halbflügge, erfah¬</Unicode>
                </TextEquiv>
            </TextLine>
            <TextLine id="r1l25" custom="readingOrder {index:24;}">
                <Coords points="384,2018 1422,2018 1406,1977 384,1978"/>
                <Baseline points="391,2012 442,2012 493,2011 544,2011 595,2011 646,2012 697,2012 749,2013 800,2013 851,2014 902,2015 953,2016 1004,2017 1055,2018 1107,2018 1158,2019 1209,2020 1260,2020 1311,2021 1362,2021 1414,2021"/>
                <TextEquiv>
                    <Unicode>rene Kind aus dem Dachstübchen, das##ersten</Unicode>
                </TextEquiv>
            </TextLine>
            <TextLine id="r1l26" custom="readingOrder {index:25;}">
                <Coords points="378,2065 1420,2069 1420,2041 1233,2023 379,2015"/>
                <Baseline points="386,2060 437,2060 488,2060 540,2061 591,2061 642,2062 694,2062 745,2063 796,2064 848,2064 899,2065 950,2066 1002,2067 1053,2067 1104,2068 1156,2068 1207,2069 1258,2069 1310,2069 1361,2069 1413,2069"/>
                <TextEquiv>
                    <Unicode>scheuen Flug in der Liebe W derlang so un¬</Unicode>
                </TextEquiv>
            </TextLine>
            <TextLine id="r1l27" custom="readingOrder {index:26;}">
                <Coords points="371,2119 1354,2122 1304,2075 371,2067"/>
                <Baseline points="378,2111 426,2111 474,2111 523,2112 571,2112 620,2112 668,2113 716,2113 765,2114 813,2114 862,2115 910,2116 958,2116 1007,2117 1055,2118 1104,2119 1152,2120 1200,2120 1249,2121 1297,2122 1346,2123"/>
                <TextEquiv>
                    <Unicode>säglich hart und bitter büßen muß, verträgt</Unicode>
                </TextEquiv>
            </TextLine>
            <TextLine id="r1l28" custom="readingOrder {index:27;}">
                <Coords points="369,2171 1411,2183 1411,2143 1338,2119 1284,2144 369,2125"/>
                <Baseline points="376,2158 427,2158 478,2158 530,2159 581,2159 633,2160 684,2161 735,2162 787,2163 838,2164 890,2165 941,2166 992,2167 1044,2167 1095,2168 1147,2168 1198,2168 1249,2168 1301,2168 1352,2167 1404,2167"/>
                <TextEquiv>
                    <Unicode>von Aeußerlichkeiten und der mangelnden Be¬</Unicode>
                </TextEquiv>
            </TextLine>
            <TextLine id="r1l29" custom="readingOrder {index:28;}">
                <Coords points="370,2213 1404,2221 1404,2181 1336,2175 371,2171"/>
                <Baseline points="377,2210 428,2209 479,2209 530,2209 581,2210 632,2210 683,2211 734,2212 785,2213 836,2214 887,2215 938,2217 989,2218 1040,2219 1091,2219 1142,2220 1193,2220 1244,2220 1295,2219 1346,2218 1397,2217"/>
                <TextEquiv>
                    <Unicode>herrschung des Wiener Dialektes ganz abgesehen</Unicode>
                </TextEquiv>
            </TextLine>
            <TextLine id="r1l30" custom="readingOrder {index:29;}">
                <Coords points="427,2250 1126,2288 1403,2266 1403,2227 428,2220"/>
                <Baseline points="434,2255 482,2256 530,2257 578,2258 626,2259 674,2260 722,2261 770,2262 818,2263 866,2264 914,2265 962,2265 1010,2266 1058,2266 1106,2266 1154,2266 1202,2266 1250,2266 1298,2265 1346,2264 1395,2263"/>
                <TextEquiv>
                    <Unicode>keine tragödienhafte Aufmachung, je einfacher</Unicode>
                </TextEquiv>
            </TextLine>
            <TextLine id="r1l31" custom="readingOrder {index:30;}">
                <Coords points="366,2315 1359,2330 1408,2315 1409,2277 367,2269"/>
                <Baseline points="374,2301 425,2304 476,2305 528,2307 579,2308 630,2310 682,2311 733,2312 784,2313 836,2313 887,2314 938,2314 990,2314 1041,2314 1092,2314 1144,2314 1195,2314 1246,2313 1298,2313 1349,2313 1401,2312"/>
                <TextEquiv>
                    <Unicode>und natürlicher, je weniger „heldinnenhaft“ diese</Unicode>
                </TextEquiv>
            </TextLine>
            <TextLine id="r1l32" custom="readingOrder {index:31;}">
                <Coords points="366,2358 1416,2368 1377,2323 367,2315"/>
                <Baseline points="373,2355 424,2356 476,2356 528,2356 580,2357 631,2357 683,2358 735,2358 787,2359 838,2360 890,2361 942,2361 994,2362 1045,2362 1097,2363 1149,2363 1201,2363 1252,2363 1304,2363 1356,2363 1408,2363"/>
                <TextEquiv>
                    <Unicode>arme, herzensreine kleine Dulderin dargestellt</Unicode>
                </TextEquiv>
            </TextLine>
            <TextLine id="r1l33" custom="readingOrder {index:32;}">
                <Coords points="366,2410 1397,2416 1360,2372 367,2374"/>
                <Baseline points="373,2405 423,2405 474,2405 525,2406 576,2406 627,2406 677,2407 728,2407 779,2408 830,2409 881,2409 931,2410 982,2410 1033,2410 1084,2411 1135,2411 1185,2411 1236,2412 1287,2412 1338,2412 1389,2412"/>
                <TextEquiv>
                    <Unicode>wird, desto unbeabsichtigt=rührender, desto mei sch¬</Unicode>
                </TextEquiv>
            </TextLine>
            <TextLine id="r1l34" custom="readingOrder {index:33;}">
                <Coords points="367,2452 1406,2480 1375,2418 368,2408"/>
                <Baseline points="374,2451 425,2451 476,2452 527,2453 579,2454 630,2454 681,2455 733,2456 784,2457 835,2457 887,2458 938,2459 989,2460 1040,2460 1092,2460 1143,2461 1194,2461 1246,2461 1297,2461 1348,2461 1400,2461"/>
                <TextEquiv>
                    <Unicode>lich=ergreifender wird die anmutige Gestalt auch</Unicode>
                </TextEquiv>
            </TextLine>
            <TextLine id="r1l35" custom="readingOrder {index:34;}">
                <Coords points="376,2510 1311,2529 1408,2503 1302,2464 376,2461"/>
                <Baseline points="383,2502 433,2502 484,2502 535,2502 586,2503 637,2503 688,2504 739,2505 790,2505 841,2506 892,2507 942,2507 993,2508 1044,2508 1095,2509 1146,2509 1197,2510 1248,2510 1299,2510 1350,2510 1401,2509"/>
                <TextEquiv>
                    <Unicode>im Spiegel der Bühne erscheinen. Grellere Far¬</Unicode>
                </TextEquiv>
            </TextLine>
            <TextLine id="r1l36" custom="readingOrder {index:35;}">
                <Coords points="375,2554 1407,2560 1379,2520 375,2509"/>
                <Baseline points="382,2545 432,2547 483,2549 534,2551 585,2552 636,2553 687,2554 737,2555 788,2555 839,2555 890,2556 941,2556 992,2556 1043,2556 1093,2556 1144,2557 1195,2557 1246,2558 1297,2558 1348,2560 1399,2561"/>
                <TextEquiv>
                    <Unicode>ben — um mich bildlich auszudrücken — verträgt</Unicode>
                </TextEquiv>
            </TextLine>
            <TextLine id="r1l37" custom="readingOrder {index:36;}">
                <Coords points="374,2603 1411,2616 1411,2561 375,2556"/>
                <Baseline points="382,2595 433,2596 484,2597 535,2598 586,2599 637,2600 688,2602 739,2602 790,2604 841,2604 893,2605 944,2606 995,2606 1046,2607 1097,2607 1148,2607 1199,2607 1250,2607 1301,2607 1352,2607 1404,2606"/>
                <TextEquiv>
                    <Unicode>die Christine nun einmal nicht, diese können aber bei</Unicode>
                </TextEquiv>
            </TextLine>
            <TextLine id="r1l38" custom="readingOrder {index:37;}">
                <Coords points="362,2652 1394,2666 1379,2615 363,2604"/>
                <Baseline points="369,2644 419,2646 470,2647 521,2649 572,2650 623,2651 674,2652 725,2652 776,2653 827,2654 878,2654 928,2655 979,2655 1030,2656 1081,2656 1132,2657 1183,2658 1234,2658 1285,2659 1336,2660 1387,2661"/>
                <TextEquiv>
                    <Unicode>deren Gegenstücke, der leichtfertig=munteren Mizzi</Unicode>
                </TextEquiv>
            </TextLine>
            <TextLine id="r1l39" custom="readingOrder {index:38;}">
                <Coords points="367,2703 1406,2713 1381,2663 367,2661"/>
                <Baseline points="375,2694 426,2696 477,2698 528,2699 579,2700 631,2701 682,2702 733,2703 784,2703 835,2703 887,2704 938,2704 989,2704 1040,2704 1091,2704 1143,2705 1194,2705 1245,2705 1296,2705 1347,2706 1399,2707"/>
                <TextEquiv>
                    <Unicode>Schlager, aufgetragen werden, was Frl. Markl</Unicode>
                </TextEquiv>
            </TextLine>
            <TextLine id="r1l40" custom="readingOrder {index:39;}">
                <Coords points="359,2756 1039,2750 1170,2778 1343,2773 1399,2730 360,2707"/>
                <Baseline points="366,2741 417,2743 468,2745 519,2746 571,2748 622,2749 673,2750 724,2751 776,2752 827,2753 878,2754 929,2755 981,2755 1032,2756 1083,2756 1134,2757 1186,2757 1237,2757 1288,2757 1339,2757 1391,2757"/>
                <TextEquiv>
                    <Unicode>denn auch mit viel Geschick zu besorgen wußte.</Unicode>
                </TextEquiv>
            </TextLine>
            <TextLine id="r1l41" custom="readingOrder {index:40;}">
                <Coords points="351,2782 532,2821 1406,2801 1362,2763 351,2757"/>
                <Baseline points="358,2793 410,2794 462,2795 514,2796 566,2797 618,2798 670,2799 722,2800 774,2801 826,2801 878,2802 930,2803 982,2803 1034,2804 1086,2804 1138,2804 1190,2805 1242,2805 1294,2805 1346,2804 1399,2804"/>
                <TextEquiv>
                    <Unicode>Als Gegensätze in der schweren und leichten Auf¬</Unicode>
                </TextEquiv>
            </TextLine>
            <TextLine id="r1l42" custom="readingOrder {index:41;}">
                <Coords points="355,2853 1412,2848 1412,2814 356,2802"/>
                <Baseline points="362,2846 414,2846 466,2847 518,2847 570,2847 622,2848 674,2849 726,2849 778,2850 830,2851 883,2852 935,2852 987,2853 1039,2853 1091,2854 1143,2854 1195,2854 1247,2854 1299,2854 1351,2853 1404,2852"/>
                <TextEquiv>
                    <Unicode>fassung des Lebens sind — gleich wie die beiden</Unicode>
                </TextEquiv>
            </TextLine>
            <TextLine id="r1l43" custom="readingOrder {index:42;}">
                <Coords points="364,2904 1304,2920 1403,2900 1404,2867 365,2861"/>
                <Baseline points="372,2897 423,2896 474,2896 525,2895 576,2895 628,2895 679,2895 730,2895 781,2895 832,2896 884,2896 935,2897 986,2898 1037,2899 1088,2900 1140,2901 1191,2902 1242,2903 1293,2905 1344,2906 1396,2907"/>
                <TextEquiv>
                    <Unicode>Wiener „süßen Mädeln“ — auch die zwei jun¬</Unicode>
                </TextEquiv>
            </TextLine>
            <TextLine id="r1l44" custom="readingOrder {index:43;}">
                <Coords points="355,2952 1407,2952 1376,2921 957,2899 355,2913"/>
                <Baseline points="362,2942 413,2943 465,2943 517,2944 569,2945 621,2946 673,2947 725,2948 777,2949 829,2949 881,2950 932,2951 984,2951 1036,2952 1088,2952 1140,2952 1192,2952 1244,2951 1296,2951 1348,2950 1400,2948"/>
                <TextEquiv>
                    <Unicode>gen Lebemänner Fritz und Theodor gedacht, was</Unicode>
                </TextEquiv>
            </TextLine>
            <TextLine id="r1l45" custom="readingOrder {index:44;}">
                <Coords points="357,3001 1396,3013 1373,2959 357,2960"/>
                <Baseline points="364,2995 415,2995 466,2996 517,2996 569,2997 620,2997 671,2998 722,2998 774,2999 825,2999 876,3000 927,3000 979,3001 1030,3001 1081,3001 1132,3002 1184,3002 1235,3002 1286,3002 1337,3001 1389,3001"/>
                <TextEquiv>
                    <Unicode>von den Herren Grieg und Keilholz gut</Unicode>
                </TextEquiv>
            </TextLine>
            <TextLine id="r1l46" custom="readingOrder {index:45;}">
                <Coords points="366,3053 1245,3070 1402,3057 1403,3018 367,3007"/>
                <Baseline points="373,3044 424,3044 475,3045 526,3045 577,3045 628,3045 679,3046 731,3046 782,3047 833,3047 884,3048 935,3048 986,3049 1037,3049 1089,3050 1140,3050 1191,3050 1242,3051 1293,3051 1344,3051 1396,3051"/>
                <TextEquiv>
                    <Unicode>auseinandergehalten und überaus glücklich zum</Unicode>
                </TextEquiv>
            </TextLine>
            <TextLine id="r1l47" custom="readingOrder {index:46;}">
                <Coords points="364,3088 1205,3124 1396,3102 1396,3064 1330,3057 364,3052"/>
                <Baseline points="371,3092 421,3092 472,3093 523,3093 574,3094 625,3094 676,3094 726,3095 777,3095 828,3096 879,3096 930,3096 981,3096 1032,3097 1082,3097 1133,3097 1184,3097 1235,3097 1286,3097 1337,3097 1388,3097"/>
                <TextEquiv>
                    <Unicode>Ausdruck gebracht wurde. Mit dem gütigen Mu¬</Unicode>
                </TextEquiv>
            </TextLine>
            <TextLine id="r1l48" custom="readingOrder {index:47;}">
                <Coords points="357,3153 1393,3166 1394,3103 358,3104"/>
                <Baseline points="365,3140 416,3141 467,3141 518,3142 569,3143 620,3143 671,3144 722,3144 773,3145 824,3145 875,3146 926,3146 977,3147 1028,3147 1079,3148 1130,3148 1181,3149 1232,3149 1283,3150 1334,3150 1386,3151"/>
                <TextEquiv>
                    <Unicode>sikus und unglücklichen Vater Weiring, der so</Unicode>
                </TextEquiv>
            </TextLine>
            <TextLine id="r1l49" custom="readingOrder {index:48;}">
                <Coords points="361,3201 1234,3219 1407,3184 1407,3156 1306,3152 361,3151"/>
                <Baseline points="368,3190 419,3191 471,3192 522,3192 574,3193 626,3193 677,3194 729,3194 780,3194 832,3195 884,3195 935,3195 987,3196 1038,3196 1090,3196 1142,3197 1193,3197 1245,3197 1296,3198 1348,3199 1400,3199"/>
                <TextEquiv>
                    <Unicode>gerne ein bißchen Sonnenschein ins Herz seines</Unicode>
                </TextEquiv>
            </TextLine>
            <TextLine id="r1l50" custom="readingOrder {index:49;}">
                <Coords points="354,3252 1391,3261 1391,3219 1312,3200 355,3209"/>
                <Baseline points="362,3242 413,3242 464,3242 515,3242 566,3242 617,3242 668,3243 719,3243 770,3243 821,3243 872,3244 923,3244 974,3244 1025,3245 1076,3245 1127,3245 1178,3246 1229,3246 1280,3247 1331,3247 1383,3248"/>
                <TextEquiv>
                    <Unicode>vereinsamten, freudlosen Kindes fallen sehen</Unicode>
                </TextEquiv>
            </TextLine>
            <TextLine id="r1l51" custom="readingOrder {index:50;}">
                <Coords points="355,3311 1399,3308 1399,3266 1304,3251 355,3246"/>
                <Baseline points="362,3287 413,3289 465,3290 516,3291 568,3292 619,3292 671,3292 722,3292 774,3292 825,3292 877,3292 928,3292 980,3292 1031,3292 1083,3292 1134,3292 1186,3292 1237,3293 1289,3294 1340,3295 1392,3296"/>
                <TextEquiv>
                    <Unicode>möchte, schuf Herr Schneider wieder eine Type</Unicode>
                </TextEquiv>
            </TextLine>
            <TextLine id="r1l52" custom="readingOrder {index:51;}">
                <Coords points="359,3345 1401,3358 1401,3320 1299,3299 359,3301"/>
                <Baseline points="366,3333 417,3335 468,3337 520,3338 571,3339 623,3340 674,3341 725,3341 777,3342 828,3342 880,3342 931,3342 982,3343 1034,3343 1085,3343 1137,3343 1188,3344 1239,3345 1291,3345 1342,3346 1394,3347"/>
                <TextEquiv>
                    <Unicode>von packender Wahrhaftigkeit und auch Frau Fa¬</Unicode>
                </TextEquiv>
            </TextLine>
            <TextLine id="r1l53" custom="readingOrder {index:52;}">
                <Coords points="363,3390 1268,3421 1397,3373 363,3345"/>
                <Baseline points="370,3383 423,3385 477,3386 530,3388 584,3389 638,3390 691,3391 745,3392 799,3393 852,3394 906,3394 959,3395 1013,3395 1067,3395 1120,3395 1174,3395 1228,3395 1281,3395 1335,3395 1389,3394"/>
                <TextEquiv>
                    <Unicode>bro (Frau Binder) und die Spielleitung ver¬</Unicode>
                </TextEquiv>
            </TextLine>
            <TextLine id="r1l54" custom="readingOrder {index:53;}">
                <Coords points="350,3441 732,3439 859,3468 948,3440 1007,3462 1142,3445 1142,3407 1052,3400 350,3389"/>
                <Baseline points="357,3435 395,3436 434,3437 473,3438 512,3439 551,3440 590,3440 628,3441 667,3441 706,3441 745,3441 784,3441 823,3441 862,3441 900,3441 939,3440 978,3440 1017,3439 1056,3439 1095,3438 1134,3438"/>
                <TextEquiv>
                    <Unicode>dienen lobend erwähnt zu werden.</Unicode>
                </TextEquiv>
            </TextLine>
            <TextEquiv>
                <Unicode>box 12/6
Liebelei
5. Sennn
—.
800 Stimmen, Klagonfur
roms 2 #
1 Munst und Titeratur.
Jubiläums=Stadttheater.
„Liebelei“, Komödie in 3 Akten von
Artur Schnitzler.
Nach ziemlich langer Pause wurde gestern wie¬
der einmal Schnitzlers Liebelei“ aufgeführt.
In keinem seiner vielen Bühnenwerke ist der !
uns im Fühlen und Denken sonst so wesensfremde
Dichter=Aesthet dem wirklichen Leben so nahe ge¬
kommen, als in dieser schlicht=ergreifenden Tra¬
gödie des Wiener „süßen Mädels“, welche im
Verlaufe zweier Jahrzehnte von ihrer starken
Theaterwirkung nichts eingebüßt hat. Wenn
diese Wirkung gestern sich etwas wenen
äußerte, so lag dies nur an der Fehlbesetzung
der Rolle der Christine, welche der reisen Weib¬
lichkeit des Fräuleins Norden so ganz und
gar nicht liegt. Das liebe, halbflügge, erfah¬
rene Kind aus dem Dachstübchen, das##ersten
scheuen Flug in der Liebe W derlang so un¬
säglich hart und bitter büßen muß, verträgt
von Aeußerlichkeiten und der mangelnden Be¬
herrschung des Wiener Dialektes ganz abgesehen
keine tragödienhafte Aufmachung, je einfacher
und natürlicher, je weniger „heldinnenhaft“ diese
arme, herzensreine kleine Dulderin dargestellt
wird, desto unbeabsichtigt=rührender, desto mei sch¬
lich=ergreifender wird die anmutige Gestalt auch
im Spiegel der Bühne erscheinen. Grellere Far¬
ben — um mich bildlich auszudrücken — verträgt
die Christine nun einmal nicht, diese können aber bei
deren Gegenstücke, der leichtfertig=munteren Mizzi
Schlager, aufgetragen werden, was Frl. Markl
denn auch mit viel Geschick zu besorgen wußte.
Als Gegensätze in der schweren und leichten Auf¬
fassung des Lebens sind — gleich wie die beiden
Wiener „süßen Mädeln“ — auch die zwei jun¬
gen Lebemänner Fritz und Theodor gedacht, was
von den Herren Grieg und Keilholz gut
auseinandergehalten und überaus glücklich zum
Ausdruck gebracht wurde. Mit dem gütigen Mu¬
sikus und unglücklichen Vater Weiring, der so
gerne ein bißchen Sonnenschein ins Herz seines
vereinsamten, freudlosen Kindes fallen sehen
möchte, schuf Herr Schneider wieder eine Type
von packender Wahrhaftigkeit und auch Frau Fa¬
bro (Frau Binder) und die Spielleitung ver¬
dienen lobend erwähnt zu werden.</Unicode>
            </TextEquiv>
        </TextRegion>
        <TextRegion orientation="0.0" id="r2" custom="readingOrder {index:1;}">
            <Coords points="1755,272 1755,3730 3072,3730 3072,272"/>
            <TextLine id="r2l1" custom="readingOrder {index:0;}">
                <Coords points="1983,304 2029,322 2059,305 2098,321 2152,297 2226,313 2290,302 2290,285 2222,238 2178,261 2099,233 2068,254 2026,253 2012,240 1983,247"/>
                <Baseline points="1990,294 2016,299 2043,302 2069,303 2096,304 2122,304 2149,303 2175,302 2202,302 2228,301 2255,301 2282,301"/>
                <TextEquiv>
                    <Unicode>vont 2.</Unicode>
                </TextEquiv>
            </TextLine>
            <TextLine id="r2l2" custom="readingOrder {index:1;}">
                <Coords points="2299,329 2792,337 2849,368 3080,307 3080,286 3024,276 2507,259 2452,279 2403,245 2301,246"/>
                <Baseline points="2307,320 2345,320 2383,322 2421,322 2460,324 2498,326 2536,327 2574,329 2613,331 2651,332 2689,333 2727,335 2766,336 2804,337 2842,337 2880,337 2919,337 2957,336 2995,335 3033,333 3072,331"/>
                <TextEquiv>
                    <Unicode>GRAZER TAGBLATT</Unicode>
                </TextEquiv>
            </TextLine>
            <TextLine id="r2l3" custom="readingOrder {index:2;}">
                <Coords points="1972,347 1985,348 1989,353 2004,348 2013,356 2026,355 2042,361 2045,319 2036,318 2021,322 2007,316 1999,307 1991,307 1986,311 1975,310"/>
                <Baseline points="1979,346 2007,346 2035,350"/>
                <TextEquiv>
                    <Unicode>14%</Unicode>
                </TextEquiv>
            </TextLine>
            <TextLine id="r2l4" custom="readingOrder {index:3;}">
                <Coords points="1956,387 1975,392 1998,377 2024,385 2059,371 2087,385 2096,378 2161,380 2162,326 2141,320 2128,325 2114,315 2100,322 2082,317 2067,321 2027,357 1957,341"/>
                <Baseline points="1964,367 1991,368 2018,369 2045,370 2072,371 2099,372 2126,372 2154,371"/>
                <TextEquiv>
                    <Unicode> </Unicode>
                </TextEquiv>
            </TextLine>
            <TextLine id="r2l5" custom="readingOrder {index:4;}">
                <Coords points="2505,384 2526,396 2552,387 2643,383 2670,401 2702,387 2724,389 2721,355 2648,363 2617,360 2599,347 2558,351 2527,333 2505,343"/>
                <Baseline points="2512,375 2537,376 2563,376 2588,378 2614,378 2639,378 2665,378 2690,378 2716,377"/>
                <TextEquiv>
                    <Unicode>nn.</Unicode>
                </TextEquiv>
            </TextLine>
            <TextLine id="r2l6" custom="readingOrder {index:5;}">
                <Coords points="2014,440 2970,440 2970,396 2888,379 2015,385"/>
                <Baseline points="2021,414 2068,415 2115,416 2162,417 2209,418 2256,419 2303,420 2350,422 2397,422 2444,423 2491,424 2538,425 2585,426 2632,426 2679,426 2726,426 2773,426 2820,426 2867,425 2914,424 2962,423"/>
                <TextEquiv>
                    <Unicode>(Städtisches Schauspielhaus in Klagenfurt.)</Unicode>
                </TextEquiv>
            </TextLine>
            <TextLine id="r2l7" custom="readingOrder {index:6;}">
                <Coords points="1948,461 2728,492 2969,469 2918,430 1949,422"/>
                <Baseline points="1955,464 2005,466 2055,467 2105,469 2156,470 2206,471 2256,472 2307,473 2357,473 2407,474 2458,474 2508,474 2558,475 2608,475 2659,475 2709,474 2759,474 2810,474 2860,473 2910,472 2961,472"/>
                <TextEquiv>
                    <Unicode>Am 31. Jänner gelangte die dreiaktige Komödie</Unicode>
                </TextEquiv>
            </TextLine>
            <TextLine id="r2l8" custom="readingOrder {index:7;}">
                <Coords points="1946,528 2588,536 2680,505 2860,535 2958,527 2959,482 1947,478"/>
                <Baseline points="1953,513 2002,514 2052,516 2102,517 2152,518 2202,519 2252,520 2302,521 2352,521 2402,522 2452,523 2501,523 2551,523 2601,524 2651,524 2701,524 2751,524 2801,524 2851,524 2901,523 2951,523"/>
                <TextEquiv>
                    <Unicode>von Artur Schultle“ zur Auffüh¬</Unicode>
                </TextEquiv>
            </TextLine>
            <TextLine id="r2l9" custom="readingOrder {index:8;}">
                <Coords points="1942,564 2968,579 2968,536 2922,527 2850,557 2698,522 1942,545"/>
                <Baseline points="1949,564 1999,564 2050,565 2100,565 2151,566 2202,566 2252,567 2303,568 2353,569 2404,569 2455,570 2505,571 2556,571 2606,571 2657,572 2708,572 2758,572 2809,572 2859,572 2910,572 2961,571"/>
                <TextEquiv>
                    <Unicode>rung. Das Haus war sehr schwach besucht. Die</Unicode>
                </TextEquiv>
            </TextLine>
            <TextLine id="r2l10" custom="readingOrder {index:9;}">
                <Coords points="1939,617 2967,623 2967,578 2891,573 1940,565"/>
                <Baseline points="1947,612 1997,612 2048,612 2098,613 2149,613 2200,614 2250,615 2301,616 2352,617 2402,617 2453,618 2504,619 2554,619 2605,620 2656,620 2706,620 2757,620 2808,619 2858,619 2909,618 2960,616"/>
                <TextEquiv>
                    <Unicode>langen Zustandsschilderungen, einst unentbehr¬</Unicode>
                </TextEquiv>
            </TextLine>
            <TextLine id="r2l11" custom="readingOrder {index:10;}">
                <Coords points="1952,659 2691,682 2933,673 2963,639 1952,617"/>
                <Baseline points="1959,659 2008,660 2058,660 2108,661 2158,661 2208,662 2257,663 2307,663 2357,664 2407,665 2457,665 2506,666 2556,666 2606,667 2656,667 2706,667 2755,668 2805,668 2855,668 2905,669 2955,669"/>
                <TextEquiv>
                    <Unicode>liches Rüstzeug des Naturalismus, und ein</Unicode>
                </TextEquiv>
            </TextLine>
            <TextLine id="r2l12" custom="readingOrder {index:11;}">
                <Coords points="1945,697 2964,743 2965,680 2872,666 2666,694 2286,657 1946,680"/>
                <Baseline points="1953,707 2003,707 2053,708 2103,708 2153,709 2204,709 2254,710 2304,711 2354,713 2404,713 2455,714 2505,715 2555,716 2605,717 2655,717 2706,717 2756,717 2806,717 2856,716 2906,715 2957,713"/>
                <TextEquiv>
                    <Unicode>Quentchen falsche Sentimentalität wollen heute</Unicode>
                </TextEquiv>
            </TextLine>
            <TextLine id="r2l13" custom="readingOrder {index:12;}">
                <Coords points="1941,746 2875,784 2968,757 2969,727 1941,727"/>
                <Baseline points="1948,757 1998,757 2049,756 2100,757 2150,757 2201,758 2252,759 2302,759 2353,760 2404,761 2455,762 2505,763 2556,763 2607,764 2657,764 2708,764 2759,763 2809,763 2860,761 2911,760 2962,757"/>
                <TextEquiv>
                    <Unicode>eben nicht mehr verfangen. Wir möchten Willens¬</Unicode>
                </TextEquiv>
            </TextLine>
            <TextLine id="r2l14" custom="readingOrder {index:13;}">
                <Coords points="1946,813 2954,820 2902,767 1947,759"/>
                <Baseline points="1953,806 2002,806 2052,807 2102,807 2151,808 2201,809 2251,809 2300,810 2350,810 2400,811 2450,811 2499,812 2549,812 2599,812 2648,812 2698,812 2748,812 2797,812 2847,812 2897,811 2947,811"/>
                <TextEquiv>
                    <Unicode>menschen auf den Brettern sehen, die die Welt be¬</Unicode>
                </TextEquiv>
            </TextLine>
            <TextLine id="r2l15" custom="readingOrder {index:14;}">
                <Coords points="1943,855 2971,869 2947,817 1943,814"/>
                <Baseline points="1951,855 2001,854 2052,854 2102,854 2153,854 2204,854 2254,854 2305,855 2356,856 2406,856 2457,857 2508,858 2558,858 2609,859 2660,859 2710,859 2761,859 2812,859 2862,859 2913,858 2964,857"/>
                <TextEquiv>
                    <Unicode>deuten, nicht Schwächlinge, die jedem Ansturm des</Unicode>
                </TextEquiv>
            </TextLine>
            <TextLine id="r2l16" custom="readingOrder {index:15;}">
                <Coords points="1945,903 2738,933 2969,910 2969,871 2875,858 1946,872"/>
                <Baseline points="1952,903 2002,903 2052,903 2103,903 2153,903 2204,904 2254,904 2305,905 2355,906 2406,907 2456,907 2506,908 2557,908 2607,909 2658,909 2708,909 2759,909 2809,909 2860,908 2910,907 2961,906"/>
                <TextEquiv>
                    <Unicode>Geschickes unterliegen. Die Bretter werden sonst</Unicode>
                </TextEquiv>
            </TextLine>
            <TextLine id="r2l17" custom="readingOrder {index:16;}">
                <Coords points="1947,951 2845,971 2963,943 2963,915 2780,907 1947,902"/>
                <Baseline points="1954,955 2004,954 2054,953 2104,953 2154,952 2204,952 2254,952 2304,953 2354,953 2404,954 2455,954 2505,955 2555,955 2605,955 2655,956 2705,956 2755,956 2805,956 2855,955 2905,954 2956,953"/>
                <TextEquiv>
                    <Unicode>zum Brettel. Frl. Norden war in die Roll¬</Unicode>
                </TextEquiv>
            </TextLine>
            <TextLine id="r2l18" custom="readingOrder {index:17;}">
                <Coords points="1938,994 2346,1024 2969,1005 2927,960 1939,963"/>
                <Baseline points="1945,1000 1995,1000 2046,1000 2097,1000 2148,1000 2199,1001 2250,1001 2300,1002 2351,1003 2402,1004 2453,1004 2504,1005 2555,1005 2606,1005 2656,1005 2707,1005 2758,1005 2809,1004 2860,1003 2911,1002 2962,1000"/>
                <TextEquiv>
                    <Unicode>der Christine Weiring gezwängt und konnte in¬</Unicode>
                </TextEquiv>
            </TextLine>
            <TextLine id="r2l19" custom="readingOrder {index:18;}">
                <Coords points="1945,1061 2957,1049 2957,1018 2861,1008 1945,1014"/>
                <Baseline points="1952,1047 2001,1047 2051,1048 2101,1048 2151,1049 2201,1050 2251,1051 2301,1051 2351,1052 2401,1053 2451,1054 2500,1054 2550,1055 2600,1055 2650,1055 2700,1055 2750,1055 2800,1055 2850,1055 2900,1054 2950,1053"/>
                <TextEquiv>
                    <Unicode>folgedessen nicht ganz befriedigen. Doch soll dies</Unicode>
                </TextEquiv>
            </TextLine>
            <TextLine id="r2l20" custom="readingOrder {index:19;}">
                <Coords points="1938,1102 2970,1099 2970,1067 2851,1055 1938,1064"/>
                <Baseline points="1945,1096 1995,1097 2046,1097 2097,1098 2148,1099 2199,1100 2250,1100 2301,1101 2352,1102 2403,1103 2454,1103 2504,1104 2555,1104 2606,1105 2657,1105 2708,1105 2759,1105 2810,1105 2861,1104 2912,1103 2963,1102"/>
                <TextEquiv>
                    <Unicode>eher ein Lob als ein Tadel sein. Die Herren</Unicode>
                </TextEquiv>
            </TextLine>
            <TextLine id="r2l21" custom="readingOrder {index:20;}">
                <Coords points="1945,1153 2956,1150 2924,1108 1946,1107"/>
                <Baseline points="1952,1143 2001,1144 2051,1145 2101,1146 2151,1147 2201,1148 2251,1149 2300,1149 2350,1150 2400,1150 2450,1151 2500,1151 2550,1151 2600,1151 2649,1151 2699,1151 2749,1150 2799,1150 2849,1149 2899,1149 2949,1148"/>
                <TextEquiv>
                    <Unicode>Grieg — als Fritz — und Keilholz — als</Unicode>
                </TextEquiv>
            </TextLine>
            <TextLine id="r2l22" custom="readingOrder {index:21;}">
                <Coords points="1934,1187 2512,1221 2595,1193 2974,1202 2929,1156 1935,1151"/>
                <Baseline points="1942,1192 1993,1193 2044,1195 2095,1196 2146,1196 2198,1197 2249,1198 2300,1198 2351,1199 2402,1199 2454,1200 2505,1200 2556,1200 2607,1200 2658,1200 2710,1200 2761,1200 2812,1200 2863,1199 2914,1199 2966,1198"/>
                <TextEquiv>
                    <Unicode>Theodor — stellten wie immer ihren Mann und</Unicode>
                </TextEquiv>
            </TextLine>
            <TextLine id="r2l23" custom="readingOrder {index:22;}">
                <Coords points="1941,1243 2980,1290 2981,1212 2917,1203 1942,1215"/>
                <Baseline points="1949,1249 2000,1248 2051,1248 2102,1248 2153,1248 2205,1249 2256,1250 2307,1250 2358,1251 2409,1252 2461,1252 2512,1253 2563,1254 2614,1254 2665,1254 2717,1254 2768,1254 2819,1254 2870,1252 2921,1251 2973,1249"/>
                <TextEquiv>
                    <Unicode> Schneider war als Vater Weiring tadel¬</Unicode>
                </TextEquiv>
            </TextLine>
            <TextLine id="r2l24" custom="readingOrder {index:23;}">
                <Coords points="2503,1781 2561,1765 2633,1788 2671,1774 2745,1795 2771,1778 2934,1794 2941,1673 2892,1686 2841,1672 2801,1689 2675,1673 2509,1682"/>
                <Baseline points="2512,1762 2538,1761 2564,1761 2590,1761 2616,1763 2642,1763 2668,1765 2694,1767 2720,1770 2746,1771 2772,1773 2798,1775 2824,1776 2850,1778 2876,1778 2902,1778 2928,1777"/>
                <TextEquiv>
                    <Unicode>4</Unicode>
                </TextEquiv>
            </TextLine>
            <TextLine id="r2l25" custom="readingOrder {index:24;}">
                <Coords points="2567,1905 2596,1903 2654,1922 2692,1918 2720,1942 2771,1935 2784,1923 2831,1928 2859,1920 2861,1842 2841,1835 2784,1867 2752,1858 2718,1869 2692,1852 2633,1858 2616,1844 2568,1853"/>
                <Baseline points="2574,1906 2599,1904 2624,1903 2649,1903 2675,1903 2700,1905 2725,1906 2750,1907 2776,1909 2801,1909 2826,1909 2852,1907"/>
                <TextEquiv>
                    <Unicode>4TER 1976</Unicode>
                </TextEquiv>
            </TextLine>
            <TextLine id="r2l26" custom="readingOrder {index:25;}">
                <Coords points="2038,1935 2110,1930 2165,1952 2256,1941 2290,1950 2355,1926 2356,1874 2325,1879 2297,1851 2239,1868 2173,1843 2135,1855 2098,1855 2071,1839 2039,1849"/>
                <Baseline points="2046,1909 2071,1913 2096,1916 2121,1917 2146,1918 2171,1918 2197,1918 2222,1917 2247,1917 2272,1916 2297,1916 2322,1916 2348,1917"/>
                <TextEquiv>
                    <Unicode>Kellung. Wier</Unicode>
                </TextEquiv>
            </TextLine>
            <TextLine id="r2l27" custom="readingOrder {index:26;}">
                <Coords points="1833,1951 1857,1950 1868,1955 1929,1946 1934,1831 1899,1824 1890,1829 1870,1827 1839,1815"/>
                <Baseline points="1841,1928 1868,1925 1895,1928 1923,1930"/>
                <TextEquiv>
                    <Unicode>*</Unicode>
                </TextEquiv>
            </TextLine>
            <TextLine id="r2l28" custom="readingOrder {index:27;}">
                <Coords points="1882,2044 2828,2007 2905,1982 2902,1933 1878,1985"/>
                <Baseline points="1889,2046 1939,2044 1989,2041 2040,2040 2090,2037 2141,2035 2191,2032 2242,2029 2292,2026 2343,2023 2393,2020 2443,2017 2494,2013 2544,2010 2595,2006 2645,2002 2696,1999 2746,1995 2797,1992 2847,1988 2898,1984"/>
                <TextEquiv>
                    <Unicode>*Armer Schnitzler! #e##ntarmherzige Kritiker in dem</Unicode>
                </TextEquiv>
            </TextLine>
            <TextLine id="r2l29" custom="readingOrder {index:28;}">
                <Coords points="2536,2061 2592,2057 2607,2068 2650,2055 2672,2068 2715,2050 2750,2064 2766,2046 2791,2056 2809,2044 2900,2057 2896,2000 2877,1992 2845,1990 2827,2009 2796,1993 2716,2013 2688,2003 2672,2019 2614,2008 2592,2024 2534,2022"/>
                <Baseline points="2543,2057 2569,2055 2596,2053 2623,2051 2650,2050 2676,2048 2703,2046 2730,2044 2757,2043 2783,2041 2810,2039 2837,2038 2864,2036 2891,2034"/>
                <TextEquiv>
                    <Unicode>unlängst Ibsen so</Unicode>
                </TextEquiv>
            </TextLine>
            <TextLine id="r2l30" custom="readingOrder {index:29;}">
                <Coords points="1754,2108 1834,2120 2051,2087 2095,2099 2243,2076 2299,2094 2357,2076 2354,2030 2333,2023 2238,2054 2220,2037 2090,2041 2060,2068 1873,2038 1819,2066 1751,2062"/>
                <Baseline points="1761,2106 1790,2104 1819,2102 1849,2100 1878,2098 1908,2095 1937,2093 1966,2092 1996,2089 2025,2087 2055,2085 2084,2084 2113,2082 2143,2080 2172,2078 2202,2076 2231,2074 2260,2073 2290,2072 2319,2070 2349,2069"/>
                <TextEquiv>
                    <Unicode>hriftlichsozialen „Kärniner Tagtn</Unicode>
                </TextEquiv>
            </TextLine>
            <TextLine id="r2l31" custom="readingOrder {index:30;}">
                <Coords points="2486,2110 2555,2101 2595,2128 2633,2121 2657,2094 2721,2111 2752,2094 2818,2102 2899,2083 2897,2054 2822,2045 2790,2057 2766,2045 2744,2062 2714,2049 2669,2067 2637,2055 2526,2077 2483,2067"/>
                <Baseline points="2493,2109 2519,2108 2546,2106 2572,2105 2599,2103 2625,2102 2652,2100 2678,2098 2705,2096 2731,2094 2758,2091 2784,2089 2811,2086 2837,2084 2864,2081 2891,2079"/>
                <TextEquiv>
                    <Unicode>Jetzt muß Arthur</Unicode>
                </TextEquiv>
            </TextLine>
            <TextLine id="r2l32" custom="readingOrder {index:31;}">
                <Coords points="1753,2146 1878,2167 1994,2139 2060,2155 2085,2135 2126,2150 2204,2125 2225,2141 2322,2123 2319,2086 2254,2079 1751,2120"/>
                <Baseline points="1761,2153 1788,2154 1816,2153 1843,2153 1871,2152 1899,2151 1926,2149 1954,2147 1982,2145 2009,2143 2037,2140 2065,2137 2092,2134 2120,2132 2148,2130 2175,2127 2203,2124 2231,2122 2258,2120 2286,2119 2314,2118"/>
                <TextEquiv>
                    <Unicode>(nergisch zurechtgewiesen hat,</Unicode>
                </TextEquiv>
            </TextLine>
            <TextLine id="r2l33" custom="readingOrder {index:32;}">
                <Coords points="2478,2184 2519,2188 2583,2165 2710,2178 2744,2162 2905,2149 2901,2079 2850,2101 2649,2102 2605,2135 2550,2102 2510,2117 2474,2110"/>
                <Baseline points="2484,2154 2509,2154 2535,2153 2561,2152 2587,2151 2613,2150 2638,2148 2664,2146 2690,2144 2716,2142 2742,2140 2767,2139 2793,2136 2819,2135 2845,2134 2871,2132 2897,2131"/>
                <TextEquiv>
                    <Unicode>heisen „Liebelei“ der</Unicode>
                </TextEquiv>
            </TextLine>
            <TextLine id="r2l34" custom="readingOrder {index:33;}">
                <Coords points="1762,2210 2001,2201 2045,2172 2075,2191 2408,2173 2407,2112 2345,2146 2204,2125 2119,2152 1994,2139 1952,2162 1759,2167"/>
                <Baseline points="1768,2199 1799,2197 1831,2196 1863,2194 1895,2193 1926,2191 1958,2190 1990,2188 2022,2186 2053,2184 2085,2182 2117,2180 2149,2178 2180,2176 2212,2174 2244,2171 2276,2169 2307,2167 2339,2164 2371,2161 2403,2159"/>
                <TextEquiv>
                    <Unicode>Schnitzler daran glauben, un</Unicode>
                </TextEquiv>
            </TextLine>
            <TextLine id="r2l35" custom="readingOrder {index:34;}">
                <Coords points="1747,2257 1797,2246 1852,2271 1949,2241 2416,2217 2413,2173 2348,2163 2175,2197 2031,2183 2005,2203 1895,2193 1745,2224"/>
                <Baseline points="1755,2253 1787,2251 1820,2249 1853,2246 1885,2244 1918,2242 1951,2239 1983,2238 2016,2235 2049,2233 2082,2231 2114,2229 2147,2227 2180,2225 2212,2223 2245,2220 2278,2217 2310,2215 2343,2212 2376,2209 2409,2206"/>
                <TextEquiv>
                    <Unicode>Klagenfurter Wüterich also herfält:</Unicode>
                </TextEquiv>
            </TextLine>
            <TextLine id="r2l36" custom="readingOrder {index:35;}">
                <Coords points="2651,2249 2679,2255 2699,2244 2794,2238 2832,2247 2856,2236 2901,2244 2899,2183 2877,2175 2859,2193 2839,2197 2824,2190 2771,2197 2757,2185 2650,2192"/>
                <Baseline points="2659,2240 2685,2242 2711,2243 2737,2243 2763,2242 2789,2240 2815,2238 2841,2237 2867,2236 2893,2237"/>
                <TextEquiv>
                    <Unicode>sentimentale</Unicode>
                </TextEquiv>
            </TextLine>
            <TextLine id="r2l37" custom="readingOrder {index:36;}">
                <Coords points="2894,2261 2901,2260 2934,2278 2941,2276 2899,2082 2880,2086 2877,2091 2872,2089 2867,2098 2858,2099"/>
                <Baseline points="2900,2258 2928,2252"/>
                <TextEquiv>
                    <Unicode></Unicode>
                </TextEquiv>
            </TextLine>
            <TextLine id="r2l38" custom="readingOrder {index:37;}">
                <Coords points="1920,2282 2002,2295 2030,2274 2057,2291 2315,2266 2345,2282 2580,2246 2568,2199 2476,2231 2392,2217 2344,2246 2249,2219 2207,2246 2176,2229 1919,2250"/>
                <Baseline points="1927,2283 1959,2283 1991,2282 2023,2281 2056,2280 2088,2278 2120,2277 2153,2275 2185,2273 2217,2272 2250,2269 2282,2268 2314,2265 2346,2263 2379,2261 2411,2258 2443,2256 2476,2254 2508,2252 2540,2249 2573,2248"/>
                <TextEquiv>
                    <Unicode>Am gestrige Abend ging eine</Unicode>
                </TextEquiv>
            </TextLine>
            <TextLine id="r2l39" custom="readingOrder {index:38;}">
                <Coords points="2276,2310 2345,2294 2390,2311 2473,2295 2494,2305 2509,2291 2534,2302 2556,2289 2653,2287 2651,2251 2635,2250 2591,2264 2559,2248 2486,2265 2274,2272"/>
                <Baseline points="2283,2303 2308,2301 2334,2300 2360,2299 2386,2298 2412,2296 2438,2295 2464,2294 2489,2292 2515,2291 2541,2290 2567,2288 2593,2286 2619,2285 2645,2283"/>
                <TextEquiv>
                    <Unicode>ene. Dieses von dem</Unicode>
                </TextEquiv>
            </TextLine>
            <TextLine id="r2l40" custom="readingOrder {index:39;}">
                <Coords points="1807,2334 1880,2339 1927,2327 1953,2335 1976,2322 1995,2332 2111,2323 2109,2280 2083,2289 2066,2281 2049,2292 2021,2275 2000,2295 1979,2288 1967,2296 1921,2276 1857,2272 1805,2287"/>
                <Baseline points="1814,2331 1840,2328 1866,2327 1893,2325 1919,2324 1945,2323 1972,2322 1998,2321 2024,2320 2051,2317 2077,2315 2104,2312"/>
                <TextEquiv>
                    <Unicode>Komödie „Liebel</Unicode>
                </TextEquiv>
            </TextLine>
            <TextLine id="r2l41" custom="readingOrder {index:40;}">
                <Coords points="2315,2354 2571,2337 2594,2318 2617,2334 2649,2317 2734,2329 2775,2323 2773,2287 2695,2278 2610,2301 2560,2287 2492,2306 2474,2295 2390,2312 2345,2294 2312,2308"/>
                <Baseline points="2322,2342 2348,2342 2374,2341 2400,2340 2426,2339 2452,2336 2479,2334 2505,2332 2531,2330 2557,2327 2583,2325 2609,2323 2636,2320 2662,2318 2688,2316 2714,2315 2740,2313 2767,2313"/>
                <TextEquiv>
                    <Unicode>hinausgedehnte Gesan</Unicode>
                </TextEquiv>
            </TextLine>
            <TextLine id="r2l42" custom="readingOrder {index:41;}">
                <Coords points="2442,2382 2603,2377 2643,2362 2666,2372 2693,2356 2721,2371 2741,2359 2807,2364 2853,2353 2851,2308 2818,2323 2711,2318 2693,2337 2655,2322 2618,2335 2591,2319 2571,2337 2440,2343"/>
                <Baseline points="2449,2373 2475,2371 2501,2370 2528,2368 2554,2366 2581,2365 2607,2364 2634,2362 2660,2360 2687,2359 2713,2357 2740,2355 2766,2354 2793,2353 2819,2352 2846,2352"/>
                <TextEquiv>
                    <Unicode>liebten ist bekanntl</Unicode>
                </TextEquiv>
            </TextLine>
            <TextLine id="r2l43" custom="readingOrder {index:42;}">
                <Coords points="1802,2375 1844,2383 1866,2372 1894,2381 1931,2372 1988,2378 2010,2365 2027,2370 2055,2361 2053,2325 2044,2324 2035,2331 2010,2323 1994,2333 1975,2322 1957,2335 1925,2327 1800,2337"/>
                <Baseline points="1809,2365 1835,2365 1861,2365 1888,2365 1914,2365 1941,2363 1967,2362 1994,2359 2020,2356 2047,2352"/>
                <TextEquiv>
                    <Unicode>A. Schnitzler</Unicode>
                </TextEquiv>
            </TextLine>
            <TextLine id="r2l44" custom="readingOrder {index:43;}">
                <Coords points="2597,2404 2638,2414 2657,2402 2718,2398 2776,2408 2791,2398 2823,2403 2840,2397 2838,2361 2816,2355 2772,2372 2758,2361 2710,2369 2691,2356 2666,2373 2636,2359 2595,2380"/>
                <Baseline points="2604,2404 2629,2402 2654,2401 2680,2400 2705,2398 2730,2396 2756,2396 2781,2395 2806,2393 2832,2392"/>
                <TextEquiv>
                    <Unicode>literari</Unicode>
                </TextEquiv>
            </TextLine>
            <TextLine id="r2l45" custom="readingOrder {index:44;}">
                <Coords points="1804,2416 1838,2418 1858,2410 1895,2421 1926,2407 1942,2417 1974,2399 2007,2406 2016,2402 2014,2366 1894,2380 1868,2372 1849,2383 1801,2377"/>
                <Baseline points="1811,2407 1839,2408 1867,2407 1895,2406 1924,2403 1952,2401 1980,2399 2009,2399"/>
                <TextEquiv>
                    <Unicode>einer v</Unicode>
                </TextEquiv>
            </TextLine>
            <TextLine id="r2l46" custom="readingOrder {index:45;}">
                <Coords points="2475,2453 2514,2458 2536,2442 2557,2454 2609,2443 2654,2452 2689,2439 2711,2455 2743,2439 2784,2455 2813,2432 2881,2433 2879,2396 2607,2415 2574,2402 2473,2420"/>
                <Baseline points="2481,2444 2507,2443 2533,2443 2559,2443 2585,2442 2611,2442 2637,2441 2663,2440 2690,2438 2716,2438 2742,2436 2768,2435 2794,2433 2820,2431 2846,2429 2873,2427"/>
                <TextEquiv>
                    <Unicode>er Burgtheater</Unicode>
                </TextEquiv>
            </TextLine>
            <TextLine id="r2l47" custom="readingOrder {index:46;}">
                <Coords points="1807,2442 1816,2440 1829,2451 1842,2454 1852,2450 1856,2455 1872,2451 1878,2454 1888,2449 1898,2453 1905,2447 1933,2449 1932,2427 1883,2419 1877,2413 1868,2417 1853,2410 1841,2418 1806,2422"/>
                <Baseline points="1814,2448 1841,2446 1869,2444 1897,2443 1925,2445"/>
                <TextEquiv>
                    <Unicode>ein</Unicode>
                </TextEquiv>
            </TextLine>
            <TextLine id="r2l48" custom="readingOrder {index:47;}">
                <Coords points="2527,2492 2543,2497 2582,2478 2624,2497 2642,2486 2677,2495 2722,2476 2764,2483 2778,2469 2820,2475 2821,2433 2777,2455 2740,2439 2712,2457 2686,2438 2646,2453 2627,2442 2525,2456"/>
                <Baseline points="2533,2483 2558,2483 2584,2483 2610,2483 2635,2481 2661,2481 2687,2479 2713,2478 2738,2475 2764,2474 2790,2472 2816,2470"/>
                <TextEquiv>
                    <Unicode>s Muster, t</Unicode>
                </TextEquiv>
            </TextLine>
            <TextLine id="r2l49" custom="readingOrder {index:48;}">
                <Coords points="1797,2487 1823,2478 1850,2497 1904,2491 1922,2478 1946,2489 1958,2477 1967,2485 1983,2477 2016,2494 2048,2480 2046,2447 2022,2457 1973,2441 1932,2454 1906,2447 1885,2461 1825,2449 1796,2464"/>
                <Baseline points="1805,2489 1831,2486 1857,2484 1883,2482 1909,2481 1935,2480 1961,2478 1987,2476 2013,2475 2040,2473"/>
                <TextEquiv>
                    <Unicode>herabge</Unicode>
                </TextEquiv>
            </TextLine>
            <TextLine id="r2l50" custom="readingOrder {index:49;}">
                <Coords points="2415,2505 2422,2504 2426,2500 2432,2503 2435,2500 2443,2506 2464,2500 2448,2413 2438,2414 2435,2419 2427,2416 2400,2424"/>
                <Baseline points="2420,2489 2453,2483"/>
                <TextEquiv>
                    <Unicode>1</Unicode>
                </TextEquiv>
            </TextLine>
            <TextLine id="r2l51" custom="readingOrder {index:50;}">
                <Coords points="1868,2540 1924,2527 1961,2545 2037,2510 2074,2522 2147,2514 2160,2499 2173,2501 2172,2475 2133,2480 2105,2468 2008,2490 1983,2477 1937,2489 1923,2477 1904,2491 1865,2495"/>
                <Baseline points="1875,2526 1901,2524 1927,2523 1954,2521 1980,2519 2007,2516 2033,2514 2060,2513 2086,2511 2113,2510 2139,2509 2166,2508"/>
                <TextEquiv>
                    <Unicode>z ist also wieder</Unicode>
                </TextEquiv>
            </TextLine>
            <TextLine id="r2l52" custom="readingOrder {index:51;}">
                <Coords points="1991,2570 2927,2500 2923,2459 1988,2522"/>
                <Baseline points="1997,2557 2043,2555 2089,2551 2135,2548 2181,2546 2227,2543 2273,2541 2319,2538 2365,2535 2411,2532 2458,2529 2504,2527 2550,2524 2596,2521 2642,2518 2688,2515 2734,2513 2780,2509 2826,2507 2872,2503 2919,2500"/>
                <TextEquiv>
                    <Unicode>gebuldigen Klagenfurtern nicht</Unicode>
                </TextEquiv>
            </TextLine>
            <TextLine id="r2l53" custom="readingOrder {index:52;}">
                <Coords points="1773,2591 1783,2593 1791,2584 1802,2591 1815,2591 1815,2505 1806,2506 1802,2502 1797,2503 1780,2518 1773,2518"/>
                <Baseline points="1780,2566 1808,2566"/>
                <TextEquiv>
                    <Unicode>6</Unicode>
                </TextEquiv>
            </TextLine>
            <TextLine id="r2l54" custom="readingOrder {index:53;}">
                <Coords points="1818,2601 2927,2546 2921,2498 2219,2564 1993,2571 1924,2527 1816,2557"/>
                <Baseline points="1825,2597 1879,2596 1934,2594 1989,2593 2043,2591 2098,2588 2153,2586 2207,2582 2262,2579 2317,2576 2372,2573 2426,2569 2481,2566 2536,2562 2590,2559 2645,2556 2700,2552 2754,2549 2809,2546 2864,2543 2919,2540"/>
                <TextEquiv>
                    <Unicode>Forenthalten werden darf. Schon im ersten</Unicode>
                </TextEquiv>
            </TextLine>
            <TextLine id="r2l55" custom="readingOrder {index:54;}">
                <Coords points="1818,2647 2922,2601 2919,2554 2862,2546 1817,2617"/>
                <Baseline points="1825,2647 1879,2644 1933,2640 1988,2636 2042,2632 2097,2629 2151,2625 2206,2621 2260,2618 2315,2614 2369,2611 2423,2607 2478,2604 2532,2601 2587,2598 2641,2595 2696,2593 2750,2590 2805,2589 2859,2587 2914,2585"/>
                <TextEquiv>
                    <Unicode>Akt merkt man ihm an, wie überdrüssig er ihrer ist. Im</Unicode>
                </TextEquiv>
            </TextLine>
            <TextLine id="r2l56" custom="readingOrder {index:55;}">
                <Coords points="1826,2688 2835,2643 2917,2634 2916,2596 1824,2666"/>
                <Baseline points="1833,2686 1886,2682 1940,2677 1994,2673 2048,2670 2102,2666 2156,2662 2210,2659 2264,2656 2318,2653 2372,2650 2425,2647 2479,2644 2533,2641 2587,2639 2641,2636 2695,2633 2749,2631 2803,2627 2857,2624 2911,2621"/>
                <TextEquiv>
                    <Unicode>zweiten Alt quälen sie sich gegenseitig und die p. t. Zuhörer¬</Unicode>
                </TextEquiv>
            </TextLine>
            <TextLine id="r2l57" custom="readingOrder {index:56;}">
                <Coords points="1850,2728 2918,2658 2890,2622 1848,2689"/>
                <Baseline points="1857,2719 1909,2714 1962,2711 2014,2707 2067,2704 2120,2701 2172,2698 2225,2695 2278,2693 2330,2690 2383,2687 2436,2685 2488,2683 2541,2681 2594,2678 2646,2675 2699,2672 2752,2669 2804,2666 2857,2662 2910,2658"/>
                <TextEquiv>
                    <Unicode>schaft mit der endlosen Fortsetzung ihres Zwiegesprächs. Bei</Unicode>
                </TextEquiv>
            </TextLine>
            <TextLine id="r2l58" custom="readingOrder {index:57;}">
                <Coords points="1821,2770 2923,2708 2929,2660 1818,2714"/>
                <Baseline points="1827,2753 1881,2751 1936,2748 1991,2746 2046,2743 2101,2741 2155,2738 2210,2736 2265,2733 2320,2730 2375,2728 2429,2725 2484,2722 2539,2719 2594,2716 2649,2713 2703,2710 2758,2706 2813,2703 2868,2699 2923,2695"/>
                <TextEquiv>
                    <Unicode>Lenckelben wirft sie sich ihm noch ein parmal an den Hals,</Unicode>
                </TextEquiv>
            </TextLine>
            <TextLine id="r2l59" custom="readingOrder {index:58;}">
                <Coords points="1820,2820 2504,2762 2894,2777 2985,2736 2982,2679 1817,2764"/>
                <Baseline points="1825,2790 1882,2789 1940,2786 1997,2784 2055,2782 2113,2780 2170,2777 2228,2775 2285,2772 2343,2769 2401,2767 2458,2764 2516,2761 2573,2758 2631,2755 2689,2751 2746,2748 2804,2745 2861,2742 2919,2739 2977,2736"/>
                <TextEquiv>
                    <Unicode>und er will nicht verraten, wer und was er eigentlich ist:!</Unicode>
                </TextEquiv>
            </TextLine>
            <TextLine id="r2l60" custom="readingOrder {index:59;}">
                <Coords points="1841,2943 2943,2904 2942,2853 1840,2894"/>
                <Baseline points="1848,2921 1902,2919 1956,2917 2011,2915 2065,2913 2120,2912 2174,2910 2228,2908 2283,2907 2337,2906 2392,2904 2446,2902 2500,2901 2555,2899 2609,2898 2664,2896 2718,2895 2772,2893 2827,2892 2881,2890 2936,2889"/>
                <TextEquiv>
                    <Unicode>am wenigsten, daß er vor dem Duell steht — wegen einer</Unicode>
                </TextEquiv>
            </TextLine>
            <TextLine id="r2l61" custom="readingOrder {index:60;}">
                <Coords points="1836,2964 2849,2947 2951,2937 2950,2902 1835,2943"/>
                <Baseline points="1843,2959 1898,2958 1953,2957 2008,2956 2063,2955 2118,2954 2173,2952 2228,2950 2283,2948 2338,2946 2393,2945 2448,2943 2503,2941 2558,2940 2613,2938 2668,2936 2723,2935 2778,2934 2833,2933 2888,2932 2944,2932"/>
                <TextEquiv>
                    <Unicode>anderen! Erst der dritte Akt, wo er von dem betrogenen</Unicode>
                </TextEquiv>
            </TextLine>
            <TextLine id="r2l62" custom="readingOrder {index:61;}">
                <Coords points="1845,2997 2821,2992 2957,2938 1845,2971"/>
                <Baseline points="1852,2997 1906,2995 1961,2993 2016,2992 2071,2990 2126,2989 2181,2987 2236,2986 2291,2985 2346,2984 2401,2983 2455,2982 2510,2981 2565,2979 2620,2978 2675,2977 2730,2975 2785,2973 2840,2972 2895,2969 2950,2967"/>
                <TextEquiv>
                    <Unicode>Gatten der letzteren schon erschossen ist, bietet einige Ab¬</Unicode>
                </TextEquiv>
            </TextLine>
            <TextLine id="r2l63" custom="readingOrder {index:62;}">
                <Coords points="1838,3037 2919,3028 2956,2962 1837,3009"/>
                <Baseline points="1845,3040 1900,3037 1955,3035 2010,3033 2066,3031 2121,3030 2176,3028 2231,3026 2287,3025 2342,3023 2397,3021 2452,3020 2508,3019 2563,3017 2618,3016 2673,3014 2729,3012 2784,3011 2839,3008 2894,3007 2950,3005"/>
                <TextEquiv>
                    <Unicode>wechslung, denn es tritt außer einer biederen Frau Nach¬</Unicode>
                </TextEquiv>
            </TextLine>
            <TextLine id="r2l64" custom="readingOrder {index:63;}">
                <Coords points="1842,3091 2955,3043 2886,3013 1840,3037"/>
                <Baseline points="1848,3076 1903,3075 1958,3074 2013,3073 2068,3072 2123,3071 2178,3069 2233,3068 2288,3066 2343,3065 2398,3063 2453,3062 2508,3060 2563,3058 2618,3056 2673,3055 2728,3053 2783,3051 2838,3049 2893,3047 2948,3045"/>
                <TextEquiv>
                    <Unicode>barin der wo möglich noch sentimentalere Vater der Un¬</Unicode>
                </TextEquiv>
            </TextLine>
            <TextLine id="r2l65" custom="readingOrder {index:64;}">
                <Coords points="2217,3115 2730,3110 2958,3078 2939,3053 2789,3050 2215,3075"/>
                <Baseline points="2224,3107 2260,3106 2296,3104 2333,3103 2369,3102 2405,3101 2442,3100 2478,3099 2514,3098 2551,3098 2587,3096 2623,3095 2660,3094 2696,3093 2732,3092 2769,3091 2805,3090 2841,3089 2878,3088 2914,3087 2951,3085"/>
                <TextEquiv>
                    <Unicode>r will sie trösten, das gelingt ihm aber</Unicode>
                </TextEquiv>
            </TextLine>
            <TextLine id="r2l66" custom="readingOrder {index:65;}">
                <Coords points="1850,3125 1927,3115 1985,3130 2005,3113 2038,3122 2055,3111 2098,3123 2172,3107 2171,3085 2131,3065 2075,3090 2050,3075 2008,3079 1986,3062 1955,3079 1848,3088"/>
                <Baseline points="1856,3120 1881,3118 1907,3116 1933,3114 1959,3113 1984,3111 2010,3111 2036,3110 2062,3109 2087,3109 2113,3108 2139,3108 2165,3107"/>
                <TextEquiv>
                    <Unicode>glücklichen auf.</Unicode>
                </TextEquiv>
            </TextLine>
            <TextLine id="r2l67" custom="readingOrder {index:66;}">
                <Coords points="1840,3160 2951,3131 2884,3091 1839,3120"/>
                <Baseline points="1847,3157 1901,3155 1956,3153 2011,3150 2066,3149 2121,3147 2175,3146 2230,3144 2285,3143 2340,3141 2395,3140 2449,3139 2504,3137 2559,3136 2614,3135 2669,3133 2723,3132 2778,3130 2833,3128 2888,3127 2943,3124"/>
                <TextEquiv>
                    <Unicode>nicht; denn nach der großen Rührszene geht sie ins Wasser.</Unicode>
                </TextEquiv>
            </TextLine>
            <TextLine id="r2l68" custom="readingOrder {index:67;}">
                <Coords points="1855,3211 2954,3167 2936,3127 1854,3165"/>
                <Baseline points="1862,3195 1916,3192 1970,3189 2024,3187 2079,3186 2133,3184 2187,3183 2241,3182 2296,3181 2350,3180 2404,3179 2458,3178 2513,3177 2567,3176 2621,3175 2675,3174 2730,3172 2784,3170 2838,3168 2892,3165 2947,3161"/>
                <TextEquiv>
                    <Unicode>Ein anderes lebenslustiges Pärchen bildet gleichsam das</Unicode>
                </TextEquiv>
            </TextLine>
            <TextLine id="r2l69" custom="readingOrder {index:68;}">
                <Coords points="1851,3229 2961,3215 2959,3166 1850,3206"/>
                <Baseline points="1858,3233 1912,3231 1967,3229 2022,3228 2077,3227 2131,3225 2186,3224 2241,3223 2296,3222 2350,3220 2405,3219 2460,3218 2515,3217 2569,3216 2624,3214 2679,3213 2734,3211 2788,3209 2843,3208 2898,3205 2953,3203"/>
                <TextEquiv>
                    <Unicode>Gegenstück; und sie vermitteln einigermaßen den Gang der</Unicode>
                </TextEquiv>
            </TextLine>
            <TextLine id="r2l70" custom="readingOrder {index:69;}">
                <Coords points="2817,3251 2856,3254 2871,3248 2879,3254 2890,3246 2901,3255 2954,3237 2954,3226 2945,3227 2935,3217 2922,3222 2904,3210 2890,3221 2877,3219 2869,3212 2852,3221 2815,3218"/>
                <Baseline points="2824,3246 2854,3246 2885,3243 2916,3241 2947,3241"/>
                <TextEquiv>
                    <Unicode>ang¬</Unicode>
                </TextEquiv>
            </TextLine>
            <TextLine id="r2l71" custom="readingOrder {index:70;}">
                <Coords points="1843,3264 2341,3281 2682,3258 2670,3221 1843,3236"/>
                <Baseline points="1851,3270 1892,3270 1933,3269 1974,3268 2015,3268 2057,3267 2098,3265 2139,3264 2180,3263 2221,3262 2263,3261 2304,3260 2345,3259 2386,3257 2427,3257 2469,3256 2510,3255 2551,3254 2592,3254 2633,3253 2675,3253"/>
                <TextEquiv>
                    <Unicode>für die Richtbeteiligten ganz</Unicode>
                </TextEquiv>
            </TextLine>
            <TextLine id="r2l72" custom="readingOrder {index:71;}">
                <Coords points="1852,3321 2964,3277 2962,3230 2331,3285 1850,3268"/>
                <Baseline points="1859,3304 1913,3304 1968,3304 2023,3303 2078,3303 2133,3302 2188,3300 2242,3299 2297,3298 2352,3297 2407,3295 2462,3294 2517,3292 2572,3290 2626,3288 2681,3286 2736,3285 2791,3283 2846,3281 2901,3279 2956,3277"/>
                <TextEquiv>
                    <Unicode>losen „Handlung des Stückes“ Es ist wirk¬</Unicode>
                </TextEquiv>
            </TextLine>
            <TextLine id="r2l73" custom="readingOrder {index:72;}">
                <Coords points="1853,3368 2965,3313 2882,3283 1852,3321"/>
                <Baseline points="1860,3347 1914,3347 1969,3346 2024,3345 2079,3344 2134,3343 2189,3342 2243,3340 2298,3339 2353,3337 2408,3336 2463,3335 2518,3334 2573,3332 2627,3330 2682,3329 2737,3327 2792,3325 2847,3324 2902,3322 2957,3320"/>
                <TextEquiv>
                    <Unicode>lich merkwürdig, daß derlei Dichter nicht merken,</Unicode>
                </TextEquiv>
            </TextLine>
            <TextLine id="r2l74" custom="readingOrder {index:73;}">
                <Coords points="1855,3382 2927,3371 2955,3327 1854,3362"/>
                <Baseline points="1862,3387 1916,3386 1970,3384 2025,3383 2079,3382 2133,3380 2188,3379 2242,3378 2296,3377 2351,3375 2405,3374 2459,3373 2514,3371 2568,3370 2622,3368 2677,3366 2731,3365 2785,3363 2840,3361 2894,3359 2949,3357"/>
                <TextEquiv>
                    <Unicode>auf welche Stufe von Wertlosigkeit ihr</Unicode>
                </TextEquiv>
            </TextLine>
            <TextLine id="r2l75" custom="readingOrder {index:74;}">
                <Coords points="1854,3426 2954,3424 2964,3353 1853,3391"/>
                <Baseline points="1861,3426 1915,3425 1970,3423 2025,3422 2080,3420 2135,3419 2189,3418 2244,3417 2299,3416 2354,3414 2409,3414 2463,3412 2518,3411 2573,3410 2628,3408 2683,3407 2737,3405 2792,3403 2847,3401 2902,3399 2957,3397"/>
                <TextEquiv>
                    <Unicode>verdorbener Geschmack schon herab¬</Unicode>
                </TextEquiv>
            </TextLine>
            <TextLine id="r2l76" custom="readingOrder {index:75;}">
                <Coords points="1848,3475 2949,3459 2969,3415 1847,3440"/>
                <Baseline points="1855,3468 1910,3466 1965,3464 2021,3462 2076,3460 2132,3458 2187,3457 2242,3455 2298,3453 2353,3451 2409,3450 2464,3449 2519,3447 2575,3446 2630,3445 2686,3444 2741,3444 2796,3443 2852,3443 2907,3443 2963,3443"/>
                <TextEquiv>
                    <Unicode>gesunken ist. Schade um unsere gans</Unicode>
                </TextEquiv>
            </TextLine>
            <TextLine id="r2l77" custom="readingOrder {index:76;}">
                <Coords points="1858,3521 2858,3496 2966,3464 1857,3475"/>
                <Baseline points="1865,3502 1919,3503 1974,3503 2029,3502 2083,3502 2138,3500 2193,3499 2247,3497 2302,3495 2357,3493 2412,3491 2466,3490 2521,3487 2576,3485 2630,3483 2685,3482 2740,3480 2794,3480 2849,3479 2904,3479 2959,3479"/>
                <TextEquiv>
                    <Unicode>trefflichen Schauspielerinnen und Schaus</Unicode>
                </TextEquiv>
            </TextLine>
            <TextLine id="r2l78" custom="readingOrder {index:77;}">
                <Coords points="1855,3551 2946,3519 2945,3477 1855,3519"/>
                <Baseline points="1862,3545 1915,3544 1969,3542 2023,3540 2077,3538 2131,3537 2184,3536 2238,3534 2292,3533 2346,3532 2400,3531 2453,3530 2507,3528 2561,3527 2615,3526 2669,3525 2722,3524 2776,3522 2830,3521 2884,3520 2938,3518"/>
                <TextEquiv>
                    <Unicode>spieler, die ihr zu Besserem gebornes</Unicode>
                </TextEquiv>
            </TextLine>
            <TextLine id="r2l79" custom="readingOrder {index:78;}">
                <Coords points="1860,3593 2614,3564 2938,3595 2948,3531 1859,3563"/>
                <Baseline points="1866,3584 1919,3582 1973,3580 2027,3578 2081,3577 2134,3575 2188,3574 2242,3573 2296,3572 2349,3571 2403,3569 2457,3568 2511,3567 2564,3566 2618,3565 2672,3564 2726,3563 2779,3562 2833,3560 2887,3559 2941,3557"/>
                <TextEquiv>
                    <Unicode>Talent an solche grundsatzlose Nichtig;</Unicode>
                </TextEquiv>
            </TextLine>
            <TextLine id="r2l80" custom="readingOrder {index:79;}">
                <Coords points="1856,3636 2611,3608 2610,3583 2552,3568 1855,3588"/>
                <Baseline points="1863,3617 1900,3618 1937,3618 1974,3618 2011,3618 2048,3618 2085,3618 2122,3618 2159,3617 2196,3617 2233,3616 2270,3616 2307,3615 2344,3614 2381,3613 2418,3612 2455,3611 2492,3610 2529,3609 2566,3608 2603,3607"/>
                <TextEquiv>
                    <Unicode>keiten vergeuden müssen.</Unicode>
                </TextEquiv>
            </TextLine>
            <TextLine id="r2l81" custom="readingOrder {index:80;}">
                <Coords points="1941,3671 2564,3688 2696,3638 2969,3687 2968,3593 1941,3635"/>
                <Baseline points="1948,3666 1998,3665 2049,3665 2099,3664 2150,3663 2201,3663 2251,3662 2302,3661 2353,3660 2403,3659 2454,3658 2505,3657 2555,3656 2606,3655 2657,3655 2707,3654 2758,3653 2809,3653 2859,3652 2910,3652 2961,3652"/>
                <TextEquiv>
                    <Unicode>Auf die nächste Abschlachtung sind wir nun wirklich</Unicode>
                </TextEquiv>
            </TextLine>
            <TextLine id="r2l82" custom="readingOrder {index:81;}">
                <Coords points="1810,3721 1830,3716 1846,3730 1867,3725 1878,3734 1906,3727 1925,3736 1944,3726 1973,3728 2010,3718 2008,3672 1984,3678 1970,3692 1953,3685 1934,3691 1899,3674 1870,3682 1829,3647 1807,3646"/>
                <Baseline points="1817,3719 1843,3717 1870,3715 1896,3715 1923,3715 1949,3714 1976,3713 2003,3711"/>
                <TextEquiv>
                    <Unicode>#gefnannt</Unicode>
                </TextEquiv>
            </TextLine>
            <TextEquiv>
                <Unicode>vont 2.
GRAZER TAGBLATT
14%
 
nn.
(Städtisches Schauspielhaus in Klagenfurt.)
Am 31. Jänner gelangte die dreiaktige Komödie
von Artur Schultle“ zur Auffüh¬
rung. Das Haus war sehr schwach besucht. Die
langen Zustandsschilderungen, einst unentbehr¬
liches Rüstzeug des Naturalismus, und ein
Quentchen falsche Sentimentalität wollen heute
eben nicht mehr verfangen. Wir möchten Willens¬
menschen auf den Brettern sehen, die die Welt be¬
deuten, nicht Schwächlinge, die jedem Ansturm des
Geschickes unterliegen. Die Bretter werden sonst
zum Brettel. Frl. Norden war in die Roll¬
der Christine Weiring gezwängt und konnte in¬
folgedessen nicht ganz befriedigen. Doch soll dies
eher ein Lob als ein Tadel sein. Die Herren
Grieg — als Fritz — und Keilholz — als
Theodor — stellten wie immer ihren Mann und
 Schneider war als Vater Weiring tadel¬
4
4TER 1976
Kellung. Wier
*
*Armer Schnitzler! #e##ntarmherzige Kritiker in dem
unlängst Ibsen so
hriftlichsozialen „Kärniner Tagtn
Jetzt muß Arthur
(nergisch zurechtgewiesen hat,
heisen „Liebelei“ der
Schnitzler daran glauben, un
Klagenfurter Wüterich also herfält:
sentimentale

Am gestrige Abend ging eine
ene. Dieses von dem
Komödie „Liebel
hinausgedehnte Gesan
liebten ist bekanntl
A. Schnitzler
literari
einer v
er Burgtheater
ein
s Muster, t
herabge
1
z ist also wieder
gebuldigen Klagenfurtern nicht
6
Forenthalten werden darf. Schon im ersten
Akt merkt man ihm an, wie überdrüssig er ihrer ist. Im
zweiten Alt quälen sie sich gegenseitig und die p. t. Zuhörer¬
schaft mit der endlosen Fortsetzung ihres Zwiegesprächs. Bei
Lenckelben wirft sie sich ihm noch ein parmal an den Hals,
und er will nicht verraten, wer und was er eigentlich ist:!
am wenigsten, daß er vor dem Duell steht — wegen einer
anderen! Erst der dritte Akt, wo er von dem betrogenen
Gatten der letzteren schon erschossen ist, bietet einige Ab¬
wechslung, denn es tritt außer einer biederen Frau Nach¬
barin der wo möglich noch sentimentalere Vater der Un¬
r will sie trösten, das gelingt ihm aber
glücklichen auf.
nicht; denn nach der großen Rührszene geht sie ins Wasser.
Ein anderes lebenslustiges Pärchen bildet gleichsam das
Gegenstück; und sie vermitteln einigermaßen den Gang der
ang¬
für die Richtbeteiligten ganz
losen „Handlung des Stückes“ Es ist wirk¬
lich merkwürdig, daß derlei Dichter nicht merken,
auf welche Stufe von Wertlosigkeit ihr
verdorbener Geschmack schon herab¬
gesunken ist. Schade um unsere gans
trefflichen Schauspielerinnen und Schaus
spieler, die ihr zu Besserem gebornes
Talent an solche grundsatzlose Nichtig;
keiten vergeuden müssen.
Auf die nächste Abschlachtung sind wir nun wirklich
#gefnannt</Unicode>
            </TextEquiv>
        </TextRegion>
    </Page>
</PcGts>
