3484 4224
397 167 799 244 Liebelei
886 174 1372 281 box 11/2
217 165 830 293 3. LeLCler
1661 1176 2922 1247 köstlichen Ueberzeugungskraft bekannt. Als Christine, als das „süße
474 1204 1327 1312 ln kammerspiele.
1664 1234 2928 1278 Mädel.“ dem die erste Entläuschung das Herz zer¬
2485 1269 2933 1335 ie wirkte nicht wie
1662 1259 2450 1339 bricht, erschien Lucie Höflich.
480 1292 1601 1370 „Liebelei“, Schauspiel von Arthur Schnitzler.
1672 1321 2926 1374 ein Wienerkind aus Volkes Tiefen gleich der Niese, nicht wie
463 1337 1664 1412 M. J. Nun hat sich auch Arthur Schnitzler der gefährlichen
1660 1354 2930 1410 eine #ater dolorosa gleich der Sandrock. Aber dieses Mädel mit
408 1397 1666 1457 Probe unterzogen, eines seiner Werke auf die intime Bühne zu schicken.
1660 1408 2933 1464 zartem Körper und zarter Seele eroberte die Epfänglichen
409 1443 1663 1502 Gefährlich, denn gerade unser kleinstes Theater wirkt wie ein Ver¬
1668 1433 2925 1496 gleich bei ihren scheuen und baugen Versuchen, sich in fremde
409 1484 1660 1546 größerungsglas, das unbarmherzig die Schönheitsfehler wie die
1668 1483 2932 1537 Lustigkeit zu mischen. Niemand kann kalt geblieben sein, als ihr Schmerz
408 1519 835 1583 Schönheiten belichtet.
1663 1522 2924 1574 sich am Schluß aufreckte, als das Weh des betrogenen Glücks in schriller
456 1540 1670 1623 Die „Liebelei“ kann eine solche Prüfung auf Herz und Nieren
1662 1572 2923 1621 Wildheit losbrach, Aber noch stärker als in dieser Szene des Erwachens
410 1614 2415 1661 besser als manche spätere Gabe ihres Schöpfers vertragen. Die Weh= wirkte ihr Reiz in den Szenen, d
2540 1616 2926 1668 in Träumen von
413 1651 2928 1716 leidigkeit, in der ihre Menschen schwelgen, wird freilich in einem Glück und Sonne einherzuwandeln schien, befangen und
410 1692 2928 1757 Naum gesteigert, der nicht bloß das Wort, sondern auch d## #selig. gläubig und besorgt zugleich. Nur die Hingabe, die mit
414 1741 2932 1780 Seufzer klingen läßt. Aber sie kann, da sie keine falschen Dae solchen Blicken im Geliebten Gott und Schicksal sieht, kann den
406 1772 1667 1825 birgt, höchstens die Ungeduld, nicht die Verstimmung wecken.
1658 1776 2938 1848 Gefühlsausbruch glaubhaft machen, wenn in jäher Entweihung das
415 1823 2155 1866 Imposante Aktschlüsse, wie das Auftreten des rächenden Ehe= Briligste zusammenbrickt.
410 1862 1568 1914 manns, den Dolch im Gewande, verpuffen auf
1728 1842 2923 1920 Auf Reinhardts Bühnen haben wir zuweilen gesehen,
403 1902 1667 1956 Miniaturbühne leichter als anderswo. Doch das Leise gewinnt, was
1917 1893 2182 1964 Stimmung
2164 1901 2926 1982 der Szene das Versagen der
411 1944 1663 2003 das Laute einbüßt. Durchs offene Feuster wird die Straße belauscht:
1664 1935 2825 2006 schauspielerischen Einzelleistung deckte. Gestern war
401 1988 1659 2064 das Verhallen der Schritte, das Verklingen der Stimmen,
1669 1980 2942 2049 hübsch, einmal den umgekehrten Rettungsprozeß wahrzunehmen.
394 2026 1172 2095 der letzte Ton des gepfifsenen Marsches.
1664 2034 2952 2097 So darf die Hoffnung wachsen, daß die Zukunft uns den Einklang
460 2058 1677 2126 Wienerische Menschen jauchzen und seufzen in diesem Stück. Aber
1674 2073 2689 2143 bringen wird, der wir vorlänfig noch vermissen müssen.
396 2105 1676 2183 gerade das nationale Element, das Reinhardt eben erst im Preußen¬
401 2155 1695 2229 drame so gut zu treffen wußte, ist ihm diesmal nicht geglückt. Statt
403 2194 1670 2254 der lässigen Grazie gab es trockenen Ernst, besonders im prächtigen
408 2234 1675 2307 Anfangsakt, der Reflexion und Sinnlichkeit, Ausgelassenheit und
408 2289 1671 2348 Skepfis so wundervoll durcheinander wirbelt. Die Modistin Mizi
416 2331 1667 2378 Schlager (Grete Berger) bemühte sich aus Leibeskräften, „fesch“
400 2348 1677 2428 zu sein, ohne recht vom Lärm zur Lustigkeit vordringen zu können.
406 2416 1682 2465 Alexander Ekert schien sich gleichfalls erst wohl zu fühlen, als er
401 2450 1683 2499 den Frohsinn des „geborenen Festarrangeurs“ mit der tragischen Miene
406 2495 1679 2554 des Unheilsboten vertauschen konnte. Diese Wiener, denen Schicksal und
412 2544 1688 2597 Autor die Naivität in die Wiege legten, schienen justament zum Trotz
412 2581 1678 2634 auf das Korrekte verfessen. Ein neuer Darsteller, Eugen Dumont,
403 2611 1685 2676 verzichtete, als Liebhaber Fritz, sogar auf den äußeren Schein,
394 2657 1667 2713 auf die Mundart des Wieners. Schwer und streng wandelte
401 2699 1674 2764 er, der Genießer und der Zweifler, durch das Stück,
397 2752 1682 2809 als ob der Dichter ihm durch die Ernennung zum Reserveoffizier
395 2794 1665 2844 alle unziemliche Vertraulichkeit untersagt habe. Der Debütant, dem
401 2831 1671 2887 das Talent nicht fehlen mag, verriet am wenigsten vom Klima einer
395 2868 1683 2943 Stadt, als deren Schutzpatron Schubert im Bilde beschworen wird.
455 2915 1679 2966 Zwei Darsteller sorgten trotz aller Hemmnisse dafür, daß die
399 2964 1685 3023 Stimmung sich immer stärker zum Schluß hin hob und steigerte.
405 3004 1619 3058 Haus Pagays milder Musikant voll verstehender, ve¬
431 3038 1693 3123 selbender Pateraßte iß von früheren Aufführungen her in seiner
