3484 4256
344 133 685 214 Liebele
185 128 1305 252 521 box 13/4
515 646 966 843 OUN
373 812 1205 941 „OBSERVER
461 918 1155 988 I. österr. behördl. konzessioniertes
436 972 1184 1042 Unternehmen für Zeitungs-Ausschnitte
514 1020 1108 1098 WIEN, I., WOLLZEILE 11
577 1083 1036 1136 TELEPHON R-23-0-43
901 1173 1265 1306 „Wachlatt, Wien
374 1213 747 1286 Ausschnitt aus:
615 1243 857 1356 Neues Wie
865 1271 1293 1376 5. FEB. 1933
364 1439 1279 1528 Magda Schneider in Wien.
473 1520 1167 1607 Die bekannte Filmdarstellerin.
304 1610 1432 1664 Gestern ist Magda Schneider, der junge Tonfilmstar,
224 1640 1435 1708 zur Premiere des „Liebelei'=Tonfilms hier eingetroffen.
227 1691 1439 1756 Munter, quecksilbrig, wie man sie von der Leinwand her kennt.
218 1757 1451 1805 Ihre Wangen sind gebräunt; sie kommt aus St. Moritz, wo sie
217 1783 1441 1858 sich nach einem Jahr Filmarbeit zum erstenmal ein wenig Er¬
227 1834 1445 1895 holung gegönnt hat. Seitdem Magda Schneider entdeckt worden
224 1895 1437 1941 ist, stand sie ununterbrochen im Scheinwerferlicht; kaum ein
232 1931 1450 1981 Tag, an dem sie nicht Aufnahmen gehabt hätte, kaum eine
225 1978 1448 2032 Stunde, die nicht durch tausend Verpflichtungen ausgefüllt
229 2022 1451 2070 gewesen wäre. Zehn Filme hat sie im letzten Jahr gedreht,
237 2074 1443 2125 wahrlich genug Arbeit, aber auch genug Beweis für die Be¬
223 2116 1208 2179 liebtheit, der sich die junge Augsburgerin erfreut.
323 2159 1448 2225 Die Christine in „Liebelei“ ist die erste ernste Rolle, die
238 2199 1453 2265 Magda Schneider zu spielen hatte. „Es war mir schon zuwider,
238 2244 1446 2309 immer nur Lustspiel=Naive zu sein, als Sekretärin, Tele¬
237 2296 1448 2371 phonistin, Warenhausmädel oder Kunstschülerin über die Lein¬
236 2342 1455 2414 wand zu laufen. Aber wenn ich auch schon läugst gern zum
238 2395 1453 2456 ernsten Fach übergegangen wäre — die Fi mproduzenten
238 2436 1454 2492 wollten davon nichts wissen, und es bedurfte erst so vieler
245 2482 1453 2544 Probeaufnahmen, wie sie kaum ein Neuling zu bestehen hat,
240 2527 1449 2590 ehe ich das langersehnte Ziel erreichen konnte. Jetzt ist das
247 2573 1452 2638 Vorurteil hoffentlich endgültig überwunden und mein
240 2613 1449 2674 Rollengebiet in dem von mir gewünschten Sinn erweitert.
246 2672 1455 2731 Uebrigens freue ich mich, daß ich in „Liebelei“ gerade eine
256 2715 1452 2777 Wienerin zu spielen habe. Denn Wien danke ich manches in
255 2764 1463 2831 meiner Karriere. Der Komponist August Pepök, ein Wiener,
253 2810 1455 2885 hat mich mit Ernst Marischka und Granichstaedten
251 2860 1457 2919 in Verbindung gebracht, und sie waren die Autoren meines
256 2903 1463 2989 ersten Tonfilms „Zwei in einem Auto'. Beinahe wäre ich ganz
262 2962 1463 3020 nach Wien gekommen, denn ich hatte schon ein vorteilhaftes
266 2997 1462 3065 Engagement ans Stadttheater so gut wie abgeschlossen, aber
260 3038 1476 3108 in letzter Minute hat mich dann Ernst Marischka seinem
257 3073 1479 3149 Bruder Hubert „entführt'. Ihm habe ich es neben Joe May
259 3149 1471 3212 zu danken, wenn man mich jetzt nicht nur auf der Bühne,
263 3196 889 3248 sondern auch im Tonfilm kennt.
358 3214 1472 3291 Ich werde voraussichtlich einige Tage hier in Wien
257 3271 1478 3345 bleiben, dann muß ich nach Lugano, wo die Außenaufnahmen
264 3325 1480 3417 für einen neuen „Ufa'=Film beginnen. Er wird voraussichtlich
268 3384 1483 3446 „Der kleine Kuppler' heißen, und ein Hund spielt darin die
269 3439 531 3502 Hauptrolle.“
2275 986 2775 1109 „BBSERVER“
2190 1065 2809 1176 Wien, I., Wollzeile Kv.
2290 1129 2779 1221 Teiefon R-23-0-43
2173 1247 2640 1375 Kronsesatune Fien
2162 1367 2381 1467 25.P
1863 1499 2651 1620 Theater und Kunst.
1931 1607 2571 1692 Magda Schneider in Wien.
1881 1678 2702 1731 Braungebrannt von der Sonne in St. Moritz
1809 1705 2713 1770 ist Magda Schneider anläßlich der Premiere¬
1803 1756 2696 1803 des Films „Liebele“ in Wien eingetroffen, um
1809 1795 2697 1859 schon in brei Tagen nach Lugano zu reisen, wo
1807 1837 2696 1887 die Außenaufnahmen eines neuen Werkes der
1811 1875 2708 1912 Ufa, das nach einem modernen französischen Ro¬
1815 1903 2702 1960 man gedreht wird, stattfinden. In Wirklichkeit
1810 1949 2693 1992 scheint Magda Schneider noch kleiner als auf der
1814 1988 2691 2032 Leinwand, ein herziges, überaus lebhaftes, sehr
1814 2030 2707 2086 junges Mädel, ganz ohne Starallüren. Sie ist ab¬
1813 2062 2707 2112 solut nicht eingebildet darauf, daß sie in der
1812 2099 2706 2172 kurzen Zeit, seit sie entdeckt wurde, schon neun
1802 2145 2700 2179 Hauptrollen spielen durfte und jetzt zu den be¬
1815 2180 2683 2236 beliebtesten deutschen Filmdarstellerinnen zähle
1883 2223 2700 2272 „Es war für mich ein schweres Stück Arbeit“
1803 2267 2702 2301 erzählt die Künstlerin freudestrahlend, „die Rolle
1804 2303 2706 2352 der Christine zu ergattern. Niemand traute mir
1805 2338 2698 2384 zu, daß ich eine Gestalt verkörpern kann, die von
1804 2377 2694 2419 dem Darsteller ein wirkliches Sichvertiefen in die
1803 2420 2702 2463 Arbeit verlangt. Die Christine ist meine erste
1802 2455 2704 2508 ernste Rolle. Endlich sollte ich einmal ein Mensch
1809 2500 2703 2544 aus Fleisch und Blut und nicht eine liebenswür¬
1817 2535 2701 2588 dige Puppe sein. Und ich bin neugierig, ob mir
1812 2569 2700 2621 die Bewältigung der Aufgabe, die mir soviel
1811 2618 2695 2674 Freude gemacht hat, auch gelungen ist. Jedenfalls
1808 2650 2693 2702 konnte ich mich diesmal so sehr konzentrieren,
1806 2687 2700 2748 wie das im Wirbel des Filmateliers nur selten
1800 2726 2051 2786 möglich ist.“
1889 2779 2691 2829 Magda Schneider hat durch einen Zufall den
1810 2814 2689 2860 Weg zum Film gefunden. Durch einen so merk¬
1815 2843 2699 2902 würdigen, wie er meist nur den Heldinnen im
1812 2881 2685 2942 Kino zustößt. Sie ist hier in Wien „auf Probe“
1816 2925 2701 2975 in „Viktoria und ihr Husar“ aufgetreten und sollte
1816 2971 2695 3020 daraufhin engagiert werden. Durch eine Schlam¬
1810 3006 2694 3063 perei wurde ihr aber der Vertrag nicht rechtzeitig
1817 3049 2697 3098 zugestellt. Und die Schauspielerin verließ schwer
1819 3083 2692 3127 enttäuscht unsere Stadt. Hätte sie aber dieses
1815 3115 2691 3176 Gastspiel absolviert, so hätte es ihr nicht passieren
1819 3155 2697 3219 können, daß sie ein paar Tage später Joe May.
1819 3194 2692 3242 ihrem Entdecker, zufällig in die Arme lief. Kein
1823 3237 2696 3275 Wunder, wenn Magda Schneider nun fest an eine
1824 3276 2708 3323 Bestimmung glaubt, die sie zum Filin gebracht hat.
