3344 4224
601 17 1328 87 contrarto., ma reccezione noff 1n in
1379 2 2059 76 Cent e uiee aramine.
613 67 768 123 regola.
1346 59 2053 109 & tutt’altra cosa. II fatto resta lo stés¬
644 78 1331 149 Con & Libelei s, dramma in tre atti
1346 109 2057 151 Co, ma Fritz non lo e pid. Fritz, non e
601 145 1326 196 dello scrittore viennese Arturo Schnitz¬
1345 146 2055 193 piü, come nel dramma, un amoroso
2061 143 2108 198 1
2069 189 2114 228 4
1340 190 2071 236 gentile, ma intimamente indifferente,
598 185 1325 232 ler, slamö di fronte ad un terzo caso.
2059 225 2100 273 7
1348 231 2064 276 che solo quando & troppo tardi si av¬
610 225 1325 266 Questo dramma fü happresehtato per
1349 266 2052 310 veue d’essere passato vicino all’amore
605 265 1333 314 la prima volta il 9 ottohre 1895 al
1350 307 2055 350 senza afferrarlo, ma é invece l'aman¬
2059 300 2124 362 1
605 300 1335 373 Burgtheater di Vienha. & Libelei) e i
1344 345 2069 413 te entuslasta, che, suo malgrado, paga
609 347 1334 390 séconde tentativo teatrals di Arturo
1342 394 2072 456 con la vita un errore commesso in pre¬
604 388 1336 435 Schhitzler, e mentre il primo, 4 Mär¬
1349 426 1526 477 cedenza.
611 435 1330 476 cnen 9, érà stäto un fiasco, & Libelei s
1367 447 2068 522 Ma il cuore di Cristina in questo
598 467 1348 518 diede al suo autore celebrità e fortuna.
1350 500 2070 560 genso & soddisfatto, ed é soltanto il do¬
637 507 1325 556 La traduzione fräncese di quésto
2068 507 2104 554 1
1344 542 2069 593 lore che la spinge alla morte, non 5
610 549 1333 596 dramma 6 statd data a Pärig dalla
1351 576 2094 640 piu la deluslone. Essa sa che Fritz é
610 588 1327 638 Comipaghia di George Pitoeff un mese
1350 628 2071 681 morto, ma essa & anche certa d’essere
610 625 1338 677 fa, 6 cios quando lomönima versione
1349 670 2075 729 Stata amata; é appunto per questo che
607 676 1334 717 cinematogräfica cra gia sul cartellone
599 708 1326 754 dello Studio de l’Stoile, con il succes¬
1348 706 2073 772 essa si ucelde. E nei film non puo'
1349 747 2097 807 porsi lä terribile domanda che si pone
611 751 1329 807 so che tutti sanno, glä da parecchi
615 785 753 845 méel.
1340 783 2059 837 nel dramn A: & Cosa sono stata per
2067 810 2107 847 —
643 816 1331 877 Che sia stato il successo del film a
1342 832 2056 878 lurg) E nemmeno la risposta, la terri¬
603 869 1333 913 spingere Pitoeff à rappresentare 11
1352 871 2079 935 bile risposta & la stessa: &Nulla, un
2076 882 2141 938 81
1336 910 1748 960 semplice trastullo 9.
608 901 1097 967 dramma di Schnitzlar-
2060 922 2141 968 I1
641 945 1015 1001 Probäbilmenté si.
1377 944 2049 1003 II fiim é di concezione piü moderna,
2072 959 2141 1015 nt
633 969 2062 1031 Cosa piü certa öche il dramma, cios anche se l'insieme dei dramma resta
2069 1004 2145 1056 all
1348 1031 2059 1080 lo stesso, esco perché iI successo é an¬
601 1033 1336 1083 T’origihale, ha avuto, dinanzi al pub¬
2063 1047 2140 1088 AV
605 1074 1337 1123 blico parigino, Molto meno successo
1344 1073 2147 1145 dato tutto dalla parte dei Campi Elisi. g#
607 1121 1346 1162 del film? Perche? E'il einematografo
609 1152 1339 1216 riuscito à sopppiantare I1 teatro? #
602 1191 1348 1250 dunqué il einomatogräfe riuscito a 1a
615 1218 1354 1289 berarsi di quella forma di pigrizia
613 1274 1357 1329 mentale che lo fa vassallo del teatro?
607 1312 1342 1356 Si & finälmente reso conto che le sue
613 1352 1358 1398 risorsé soho infnitamente superiori a
603 1390 1348 1447 quellé del teatró dche esso puo’ an¬
613 1432 1354 1492 darsene sicuro verso la strada che si
613 1471 1357 1523 inoltra nell’avvenire, ché é lastricata
613 1514 1350 1572 dalla techica moderna ed illuminata
604 1549 915 1610 dalid scienza?
644 1576 1376 1649 Purtroppo hon slämo ancond a que¬
608 1636 835 1690 sto punto.
641 1666 1356 1731 I1 magglor successo di & Libelei ),
611 1713 1359 1767 versione cinematcgrafica, in oonfron¬
600 1750 1353 1807 to al lavöro téätrale é dipeso da tut¬
602 1795 1360 1839 t’altär ragiché. La differenza sta nei
608 1836 1353 1874 fatto chs il dramma é stato seritto
611 1875 1360 1928 quarant’ánni faeil film & stäto invece
610 1915 1360 1981 giratb söltanto ora. E elamo poi pro¬
600 1954 1343 2016 prie sieüri che il film rispecchla le con¬
600 1994 1348 2054 cezioni, esprife i sentimenti e le pas¬
608 2039 1354 2099 sioni che Schnitzler ha profuso nei suo
602 2081 1185 2126 lavoróf Noi credlaie di Ho.
643 2108 1349 2166 In appuréniza in Film & una hormale
600 2162 1348 2203 versions cinematografica del dramma.
610 2199 1354 2239 Esso ei riporta in una Vienna di qua¬
606 2237 1352 2288 ranta anni fa. Mail cärattere e Tani¬
598 2280 1355 2338 stessi. 1 personaggi, pur ripetendo gli
605 2321 1328 2372 stessl. : persohaggi, pur ripétendo
606 2365 1337 2412 stessi gesti, hanno Subito und trasfor.
605 2399 1348 2449 mäzione interiore, II tempo ha lavo,
612 2442 1349 2499 rato Nei lore carattère # nel loro spit
609 2483 1339 2533 rito. E'amore & sempre 16 stesso. Ma
604 2519 1328 2570 non si manifesta piü come al tempe
609 2559 1330 2619 in cul Schhitzier era gloväne e seri
598 2595 950 2651 vevä & Libelei d.
641 2623 1329 2684 Erlstinà, II personaggió principal
608 2678 1320 2736 del dramma, é und ragäzza semplic
611 2726 1318 2766 modesta, affettuosa, Ingenua ed on
603 2756 1331 2804 sta; Insömma il tipo tradiziohale de
601 2799 1324 2855 la Fagazza romähtica, che crede all'
599 2830 1327 2887 sistenza del grande amore e si prec
603 2882 1314 2930 pita verso l'abisso sentimentäle fino
602 2910 1320 2975 trovarhe la mörte. Mitzi, ché all’aut¬
606 2965 1327 3011 rcé servitä per mäggiormente far !#
607 2992 1340 3061 saitare i: sehtimentalismo di Cristina
600 3044 1335 3101 Einvece la ragazza di famiglia che nor
602 3088 1345 3133 si fa troppe illusioni sulla grandezz:
611 3117 1339 3174 dell’amöre, che prende là glöla dove 1:
608 3159 1350 3212 tröva & Cômé la trova, ma senza trop
602 3209 1338 3253 po chiedere é senzà troppo döhafé. Es.
608 3240 1356 3292 sa, all’occasione, preferiscé gli amori
599 3276 1347 3332 all’amöre. Fritz & II glovane ufficialé
609 3326 1350 3383 dellä sévera ed allegra Vienha impe¬
602 3370 1353 3420 riale. Ha conosciuto Cristina quando
596 3401 1349 3466 giä aveva unà Félazlone con una dama
598 3448 1346 3494 dell’äristöcrazia. Erlstina gli piace
603 3488 1355 3539 perché & giövané, äffettuosa, e, malgra¬
601 3536 1352 3578 do sia mölto amörosa, é poco ingom¬
599 3560 1340 3624 bränte é ragiohevole. Péro’ hon s’äc¬
598 3602 1341 3668 corge di trovärsi di fronté ad una gran.
604 3648 1340 3695 de passioné e tratta questo amore co¬
598 3688 1343 3739 me cosa secondaria e momentanda.
612 3728 1342 3775 sempré cöntihuändo à Coltivare la sua
602 3766 1344 3828 illécità réläzioné con la dama. Cio'
602 3803 1346 3856 finché, prövocato a duello dal marito
603 3848 1358 3912 tradito, ne resta ucciso. Soltanto nei
612 3885 1346 3953 momentó di accomiatarsi da Cristina,
618 3987 1277 4053 Appendice de L’INFORMAZIONE
