3436 4224
201 172 668 260 5. Liebel
892 179 1327 273 box 11/1
393 206 862 293 n  1
567 776 1076 844 eigene Korrespondenten.
855 827 1262 899 Telephon: III, 3051.
378 844 724 914 Berlin N. 24.
338 889 1346 944 —
597 946 1050 1020 Ausschnitt aus
601 1146 1069 1253 Die Post, Ber¬
662 1299 1030 1392 30 OOT. 803
449 1401 1231 1508 Kunst und Wissenschaft.
420 1471 1257 1548 —c. Das Schiller=Theater N. der
340 1526 1250 1576 anstaltete gestern einen Arthur Schnitzler=Abend
342 1572 1243 1623 bei dem dieses Wiener Dichters warmblürige
336 1618 1252 1662 Jugendwerk „Liebelei“, über dem ein Hauch von
346 1653 1271 1699 Wehmut gleich dem Duft frühwelkender Rosch#
333 1692 1280 1747 lagert, zur Darstellung kam. Das jüngerer a4t
333 1718 1203 1780 entstammende übermütig groteske Lustspiel
334 1736 1275 1821 1 Akt „Literatur“ folgte, in welchem ein Schrift¬
331 1801 1251 1850 steller und eine Schriftstellerin, unabhängig vof¬
335 1840 1234 1895 einander, in je einem Roman ihre eben entschlum
331 1875 1266 1918 merte Liebe nackt der Schaulust der Menge preih¬
339 1915 1284 1961 geben wollen. Die Aufführung der „Liebelei“ enk¬
347 1950 1286 2000 sprach im ganzen dem Geiste der Dichtung. Elisa¬
339 2003 1277 2048 beth Gußmann war eine wohlgelungene Verkörpe¬
344 2040 1277 2083 rung der leichtfinnigen, durch ein gewöhnliches
347 2082 1274 2123 Zucken der Mundwinkel gekennzeichneten Modistin
346 2108 1270 2162 Mizi Schlager, der „die Männer alle“ keine bösen,
340 2149 1271 2199 wohl aber viel gute Stunden wert sind. Ebenso
341 2178 1284 2234 stand Bernhard Herrmann als ihr männliches Pen¬
339 2236 1277 2272 dant Student Theodor Kaiser durchaus an seinem
336 2240 1294 2306 Platze. Dasselbe läßt sich von Max Pategg sagen
341 2314 1278 2351 welcher den Violinspieler Weiring, den Vater der
333 2335 1275 2385 armen Christine, den Vertreter einer wehmütg¬
337 2375 1279 2425 entsagenden Lebensfreude gab. Nicht so gut war
340 2427 1277 2469 die Rolle des schwerblütigen Fritz Lobheimer insden
342 2466 1280 2511 Händen von Georg Paeschke aufgehoben; erser¬
341 2497 1276 2539 schien von vornherein zu düster. Else Wasa boh als
339 2544 1274 2582 Christine, mit der das Stück steht und fällt, sine
333 2571 1272 2619 gut angelegte und fein abschattierte Leistung.
339 2609 1263 2652 Dennoch konnte man nicht vergessen, daß idie
353 2646 1262 2687 Sentimentalität des Wiener Poeten, wie sie in den
342 2687 1273 2737 beiden Hauptfiguren etwas gestaltlos zu tage tritt,
343 2719 1261 2773 unserem norddeutschen Empfindungsleben nicht
344 2762 1287 2825 ganz entspricht. Eifrigste Arbeit hatte Else Wasch,
344 2793 1283 2850 vor allem auf den 2. Teil des letzten Aktes ver¬
344 2842 1277 2882 wandt. Drei Schauspieler als Zuhörer an die
351 2880 1284 2927 Wand gelehnt, während die Heldin dem Dichter
349 2909 1278 2968 zuliebe die Bilanz seines Stückes zieht; das ergiht
341 2941 1286 2989 sonst leicht Theater=Aufschrei, Pathos, stiere Blicke,
342 2998 1209 3040 Wimmern und Davonstürzen. Die Regie war
343 3042 1209 3078 durchweg zu loben, einzig beim Auftreten des
340 3069 1269 3124 verletzten Gatten und bei dem seelischen Zusamme##
351 3105 1267 3148 bruch des alten Violinspielers hätte sie mehr Ei¬
351 3146 1291 3205 fachheit bekunden können. Um Gotteswillen hür
338 3182 1285 3231 kein dick auftragendes, stummes Spiel: die Phai¬
341 3219 1291 3271 tasie des Hörers, welche so willig mitschafft, seitt
345 3260 1289 3303 sonst aus. — Das Lustspiel „Literatur“ wurde,
343 3295 1274 3347 wiederum von Elisabeth Gußmann (Margarethe)
341 3340 1279 3381 und Bernhard Herrmann (Baron Clemens), aber
343 3375 1291 3419 auch von Erich Ziegel, der einen burschikosen Jour¬
352 3414 1273 3463 nalisten schnauzig phlegmatisch gab, flott herunter¬
349 3432 1288 3513 gespielt. Der warme Beifall, den das volle Haus
354 3494 1318 3571 vor allem der „Liebelei“ spendete, war wohlverdient
1972 1064 2798 1150 Dr. Max Goldschmidt
2118 1148 2661 1237 „ . Bureau für
2125 1218 2639 1303 Zeitungsausschnitte
1883 1281 2890 1348 verbunden mit direktem Nachrielitendienst durch
2127 1335 2645 1411 eigene Korrespondenten.
2425 1370 2817 1464 Telephon: III, 3051
1951 1400 2311 1475 Berlin N. 24.
2561 1448 2791 1494 —
1904 1452 2497 1513 —
2170 1507 2628 1587 Ausschnitt aus
2027 1676 2828 1782 Deutsche Tageszeitung, Beriin
2393 1844 2748 1945 30 OCr. 903
2601 1910 2756 1950 —
1791 1926 1898 2041 —
1938 1968 2928 2058 Cheater= und Kunstnachrichten.
1990 2040 3001 2095 Das Schiller=Theater N. war gestern ganz
1831 2064 3001 2133 Arthur Schnitzler gewidmet. Nachdem bereits im
1830 2121 2993 2164 vorigen Jahre „Der grüne Kakadu“ d sselben Verfassers
1827 2156 2869 2202 dort erfolgreich aufgeführt worden war, war es
2873 2163 2991 2214 eine
1828 2188 2983 2249 interessante Aufgabe, in den beiden Stücken „Liebelei“
1835 2228 2993 2298 und „Literatur“ den Dichter von einer ganz anderen
1837 2275 2993 2332 Seite dem Publikum des nördlichen Schiller=Theaters vor¬
1839 2317 2989 2374 zuführen, und wie damals, so war auch gestern der Er¬
1837 2351 2999 2412 folg durchschlagend, wozu freilich die nahezu mustergiltige
1827 2385 2851 2436 Vorstellung wesentlich beitrug. Schnitzler hat vor
2854 2398 2996 2446 etwa
1834 2432 2988 2479 acht Jahren mit der „Liebelei“ am Wiener Hofburgtheater
1828 2462 2999 2525 seine Laufbahn als Bühnendichter erfolgreich begonnen und
1830 2508 2996 2550 zeigt in diesem Stücke sich besonders als trefflicher Beob¬
1823 2549 2984 2603 achter des Wiener Volkslebens. — Den Violinspieler Weiring
1835 2585 2989 2640 gab Max Pategg schlicht und einfach, aber desto ein¬
1825 2627 2990 2679 drucksvoller und zeigte gerade hierin, daß wahre Künstler¬
1827 2664 2987 2725 schaft am besten aller Zierraten entratet. Ihm stand Else
1819 2699 2984 2766 Wasa als Tochter woyl nicht ganz ebenbürtig zur Seite,
1829 2737 2980 2788 Elisabeth Gußmann und Bernhard Herr¬
1828 2770 2974 2823 mann trugen besonders zur Heiterkeit des Publikums bei.
1822 2809 2982 2859 Auch die übrigen Mitspielenden, von denen Herr Päschke
1832 2861 2852 2901 als Fritz Lobheimer besonders erwähnt sei, folgten
2854 2868 2972 2918 mit
1832 2887 2975 2949 vielem Verständnis den Intentionen des Dichters und hatten
1822 2936 2975 2979 alle ihren wohlverdienten Anteil an dem Erfolg des
1826 2974 2976 3033 Stückes. Dem Drei=Akter folgte als Lustspiel in einem
1820 3008 2973 3073 Akt „Literatur“, welches Herrn Herrmann und Fräulein
1817 3049 2969 3108 Gußmann wiederum Veranlassung gab, ihrem Temperament
1821 3086 2987 3171 als richtige Folie zu dienen und so schloß der Abend mit
1827 3128 2660 3208 einem vollen Erfolg auf der ganzen Linie.
