3484 4256
909 227 1415 327 box 12/6
261 233 810 310 5. Liebelei
523 296 827 352 —
523 802 1474 915 Ausschnitt Dme Freie Presse, Wien
527 942 703 995 vom:
741 970 829 1047 1
847 947 1082 1048 B
589 1034 1370 1121 Theater= und Kunstnachrichten.
1088 1102 1523 1180 Wien, 4. September.
453 1150 1579 1207 [Deutsches Volkstheater.] Artur Schuiblers
373 1199 1563 1266 Schauspiel „Liebelei“ ist heute, neu in Szene gesetzt, wieder auf¬
370 1265 1564 1309 genommen worden. Schnitzler hat seit diesem seinem ersten drama¬
380 1285 1560 1349 tischen Erstlingswerke im Seelischen tiefer geschürft, seine Technik
377 1331 1565 1403 ist reicher und kräftiger geworden, aber die volkstümliche, weit
379 1375 1569 1440 über die Greuzen unserer Heimat reichende Wirkung ist keinem
374 1418 1563 1459 späteren Werke so unmittelbar zuteil geworden. Heute, mehr als
373 1460 1565 1505 zwanzig Jahre seit der denkwürdigen Burgtheaterpremiere, ist
360 1496 1567 1559 dieses Stück in der zarten Aquarellfarbe unverblaßt, es hat nichts
373 1541 1555 1590 an Helle und Lebendigkeit, an Grazie und Wahrheit der Empfin¬
370 1582 1566 1643 dung eingebüßt. Es st wie jedes wirkliche Kunstwerk wahr und
365 1623 1577 1695 jung geblieben, viellticht, weil eine ganze Jugend hier spielerisch¬
374 1680 1562 1727 wehmutig widerklang. Noch heute wird man von diesen jungen
366 1703 1564 1777 Leuten, der noch immer köstlich echten Schlager=Mizzi, dem ernsten
367 1741 1568 1809 Fritz und dem übermütigen Theodor, ergötzt und gerührt; man
371 1795 1552 1843 fühlt die Fremdheit zwischen der Welt Christinens und ihres Ge¬
366 1837 1556 1875 liebten, der für eine fremde Frau in den Tod gegangen ist. Und
365 1882 1569 1933 man fühlt wieder jenen besonderen heimatlichen Duft, der vielleicht
370 1930 1558 1979 jetzt, auch drüben im Reich, inniger als jemals vorher verstanden
370 1964 1549 2022 wir. Will man dem Werdegang Schnitzlers folgen, merken,
375 2003 1549 2048 wie seine Hand — eine überlegen gestaltende Künstlerhand —
372 2049 1564 2101 immer leichter, immer freier den Piniel führt, so braucht man nur
361 2091 1556 2154 „Komtesse Mizzi“, diese allerliebste Gesellschaftspersiflage, zu be¬
363 2121 1552 2193 trachten, die heute der „Liebelei als Satirspiel folgte. Zwischen
370 2170 1558 2230 der Schlager=Mizzi und der ein wenig schmppischen und keines¬
360 2233 1548 2272 wegs tugendreichen „Komtesse Mizzi“, die ihr Vater sein „Möderl“
369 2266 1553 2324 nennt, während sie selbst in der Stille bereits ein recht erwachsenes
703 2297 810 2344 —
363 2299 704 2358 Bübchen besitzt
807 2295 1554 2356 zwischen diesen beiden amüsanten
365 2351 1540 2400 Figuren spielen kleine, boshafte Zusammenhänge; darum sind
357 2384 1547 2435 s#, nebeneinander gestellt, besonders wirksam. Fräulein Waldow
362 2435 1551 2480 spielt die Schlager=Mizzi um ein paar Nuancen zu laut, als
364 2467 1553 2518 Komtesse Mizzi wirkt sie besonders durch ihre spöttische Dis¬
365 2511 1553 2555 kretion. Fräulein v. Wagner hält sich als Christine ein wenig
365 2561 1548 2612 zu starr an die heroische Linie, erst in den letzten Szenen war sie
366 2596 1566 2651 von überzeugender Schlichtheit. Herr Edthofer (Fritz) gibt
362 2633 1558 2687 ein Kabinettstück an Delikatesse, Herr Klitsch läßt das
359 2685 1545 2727 Dämonische in der Erscheinung des fremden Herru ein wenig
354 2721 1568 2790 vermissen, Herr Huber ist ein lustiger Theodor. Die Leistungep¬
361 2761 1549 2828 der Herren Kuischera und Lackner, der Damen Glöckuer
356 2810 1570 2880 und Thaller sind bekannt und gewürdigt. Das dicht befüchte
351 2853 1371 2914 Haus nahm den Schnitzler=Abend mit Wärme entgegen.“
2172 410 2664 498 Wuchenangabe oeine Gewahr.)
1927 504 2345 581 Ausschnitt a#s:
2393 482 2922 614 Zenes Wisder Jourhal, Wie
2284 548 2489 630 181910
1927 608 2098 660 vom:
1916 697 3073 785 (Deutsches Volkstheater.) Arthur Schnitzlers Schau¬
1767 770 3063 832 Lspiel „Liebelei“ wurde (gestern neutaszeniert dem Spiekplan ein¬
1804 807 3077 877 gefügt. Man erfreut (sich immer wieder an den. unverblaßten
1809 848 2440 922 Glanze dieser stillen Dichtung.
2476 844 3063 934 In Zauhef der Jugend hat.
1806 892 3074 967 Mit poetischer Zartheit is hite die Wiener-A mosphäre ein¬
1788 947 3058 1006 gesangen und die Luft des Milieus hat hier ihren eigenen Duft.
1804 1006 3068 1064 Frau Erika v. Wagner spielte zum ##stenmal die Cheistine. Man
1808 1044 3064 1117 keumnt ihre tiefere Schlichtheit und ihren persönlichen Ton im Lyrischen
1803 1075 3067 1145 Der dunkle Hintergrund eines großen Schicksals, das hier ein kleines
1806 1135 3062 1211 Mädel erlebt, war in der ganzen Gestaltung zu verspüren. Der
1804 1192 3059 1246 Ausschrei im letzten Alt liegt ihrem Naturell wohl am besten
1861 1240 3069 1319 er Kutschera hielt den alten Beirtag in Linien edler Einfachheit“
1914 1282 2402 1345 sencheschimmernde Philosorz
2715 1290 2954 1352 Menschen
2198 1330 2309 1399 east.
2339 1328 2643 1404 ein Walben
2673 1336 3020 1406 hatts #s
1850 1331 1895 1399 *
1874 1393 2284 1454 — bel 1915
2721 1396 2995 1486 Nr. 7855
1751 1429 3024 1568 Mizzi für strotzende Echtheit zu sorgen Die Herren Ediho#er.
1746 1508 3023 1593 Huber, Klitsch und Frau Thaller schlossen sich mit hübschen
1756 1552 3028 1655 Leistungen an. Die Regie des Herrn Rosenthal wurde den
1743 1596 3014 1703 intimen Stimmungen des Stückes in geschickter Weise gerecht.
1759 1651 3024 1725 — Hierauf folgte das kecke Lustspiel „Komiesse Mizzt“ oder
1754 1693 3014 1796 „Der Familientag.“ In die i reizender Einakter steckt mehr
1753 1736 3007 1845 Komödiengeist als in menchen abendsüllenden Stücke. Der Dinge
1749 1791 3016 1892 Ja und Nein wird hier oft in einem Satze ausgesprochen. Mit
1742 1842 3011 1931 tieferer Ironie werden die vornelmen Sprünge des Zufalls
1741 1890 3020 1991 beleuchtet. Die seelischen Enthüllungen sind im literorischen
1738 1932 3008 2038 Sinne amüsant. Und wenn man genauer hinsieht, bemerkt man
1739 1996 3007 2085 ganz deutlich, daß in diesem kleinen Werk bereits die
1736 2020 2106 2096 Bausteine zum
2158 2033 3021 2126 „Weilen Land“ gelegt sind Die
1741 2071 3010 2179 Komödie wurde von den Damen Waldow und Glöckner sowie von
1741 2130 3037 2227 den Herren Kramer Edihoser. Klitsch und Huber in sein groteskem
1741 2170 3005 2251 Ton heruntergeplaudert. Besonders trot Herr Lackner hervor, der
1730 2208 3013 2320 als Graf Pazmandy churakteristisch in jeder Geste und frei von
1733 2269 3025 2366 allem Theatralischen war. Der anregende Abend fand reichen
1727 2300 1915 2389 Beifall.
1832 2349 3073 2477 (Stadttheater.) Gertrecd Ereldt erschieneen in 2—
2077 2651 2549 2746 Frassanit-aus.
2544 2674 3143 2809 Fremdenblatt, Wien
2412 2746 2692 2821 -SSEE 1915
2064 2770 2243 2821 vom:
2707 2814 2811 2882 —.
2136 2866 3272 2935 (Deutsches Volkstheater.) „Schnitzlers „Liebelei“
2035 2924 3284 2987 und „Komtesse Mizzi“, sind in soygfältiger Neustudierung
2051 2967 3266 3033 wieder dem Spielplan des Deutschen Volsstheaters einver¬
2051 3019 3279 3082 leibt worden. Es ist nicht angebracht, (llei Theaterstücken,
2054 3067 3273 3137 die sich der besten Zugkraft erfreuen, Vergleiche zu- ziehen
2041 3114 3282 3181 zwischen dem Gester., und dem Heute, denn sie gehören der
2055 3151 3276 3235 Vergangenheit, Gegenwart und Zukunft an und sind dem
2043 3204 3276 3281 Wechsel in der Darstellung beständig unterworfen. Eines
2051 3267 3268 3331 steht fest: daß Frau Waldow sowohl als Schlager Mizi
2056 3328 3285 3382 wie als Komtesse gleich ausgezeichnet war und da wie dort
2047 3346 3283 3415 Stil und Stimmung wahrte. Fräulein Wagner bedenkl
2053 3414 3278 3463 die Christine mit ein wenig zu viel Sentimentalität und
2048 3454 3275 3519 zieht dadurch den dritten Akt zu sehr in die Länge. Der tieft
2045 3505 3280 3560 packende Abschluß, das ergreifende Aufschluchzen Kutsche¬
2924 3543 3277 3616 Schauspiel und
2042 3547 2846 3616 ras, r#tet ihn vor dem Abfellen.
1995 3648 3231 3744 Komödie fanden reichen Beifall, für welchen auch die Herrer
2021 3703 3250 3793 [Edthofer, Huber und Kramer — ein scharmanter
2005 3765 2989 3884 und schneidiger Ravenstein — danken konnten.
2592 3780 3237 3879 u d.-I. I
