3484 4320
925 118 1356 267 box 12/1
254 123 812 287 5. Liebelei
3102 3023 3377 3138 Spezialaufnahme
785 3030 2912 3112 Szene aus dem 2. Akt (der Abschied): Christine (Maria Labia), Fritz Lobheimer (J. Dadolovitch), Cheodor Kaiser (R. Williak).
886 3091 2819 3202 Schnitzlers „Liebelei“ als Oper: Von der Premiere in der Berliner Komischen Oper.
302 3180 3388 3313 In der Berlines Komischen Oper sand am 20 Januar die Erstaufführung der dreiaktigen Oper „Liebelei“ statt. Franz Neumann hat Artur Schnitzlers berühmtes Werk vertont
