3484 4320
318 175 611 255 Liebel
173 165 1270 291 bos 13/7
2026 138 2934 208 helm und ein unvergesslicher Miller
2026 175 2929 237 in „Kabale und Liebe. Louisen hatten
2027 225 2931 282 wir zwei. Die eine: Gertrud Wolle
2018 290 2933 333 zählt heute (tempora mutantur!) zu
2024 322 2939 384 den geschätztesten Groteskkomikerin¬
2026 372 2937 428 nen des deutschen Tonfilms, die an¬
2014 421 2932 474 dere Marga Reuter, lernte hier
2028 471 2930 524 ihren zukünftigen Mann Lothar Mü¬
2032 515 2929 576 thel kennen. Sie hat der ernsten Mu¬
2030 567 2940 617 se den Abschied gegeben und ist heu¬
2031 616 2931 686 te eine sehr geschätzte Operettensän¬
2035 667 2939 728 gerin in Berlin. Viele werden sich
2025 712 2931 788 auch noch an den Komiker Max
2026 777 2942 827 Liebel erinnern, er ist seit Jahren
2020 823 2926 872 Oberregisseur am Deutschen Landes¬
2019 866 2947 915 theater in Prag und leistet Wertvolles
2043 946 2943 1001 für die deutsche Kunst im Auslande.
2030 1003 2947 1067 Die „Salonschlange“ von damals war
2036 1050 2949 1114 Gräfin Claire Wallentin-Met¬
2040 1095 2949 1154 ternich. Viele Bukarester, werden
2046 1147 2952 1217 sich noch an ihre „Zarin“, den „Blau¬
2033 1200 2946 1245 fuchs“, aber auch an ihre ergreifende
2038 1250 2949 1306 „Maria Stuart“ erinnern. Auch sie hat
2044 1296 2947 1363 der Bühne Lebewohl gesagt und ist
2042 1345 2942 1409 menschlich und matemell sehr glück¬
2042 1396 2946 1452 lich verheiratet mit enem Hopfen¬
2040 1430 2959 1503 händler in Saaz. Vor fahren las ich
2043 1492 2947 1561 sie, die gefeierte Mondäne des Berli¬
2038 1539 2956 1595 ner u. Wiener-Pheaters, in der Kurliste
2035 1593 2947 1658 eines Bades: Claire W. Kaufmanns¬
2034 1633 2953 1709 gattin aus Saaz. O quae mütatio re¬
2037 1686 2968 1772 rum, oder war sie nicht vielleicht die
2043 1732 2519 1805 Klügste von allen?
2065 1790 2941 1856 Leiter des Theaters waren die deut¬
2036 1846 2953 1911 schen Diplomaten Horstmann und
2045 1895 2943 1948 Baron Gebsattel. Beide damals
2035 1939 2961 1991 deutsche Offiziere. Gebsattel ist vor.
2029 1987 2938 2057 Jahren in Rom gestorben, Herr Horst¬
2034 2045 2952 2114 mann war die letzten Jahre deutscher
2035 2096 2950 2159 Gesandter in Brüssel und Lissabon
2039 2128 2942 2215 und ist beim letzten Revirement in
2042 2190 2946 2268 den Ruhestand getreten. Dramaturgi¬
2039 2237 2882 2318 scher Beirat des Theaters war
2034 2291 2945 2360 Erich Pommer, der heutige deut¬
2031 2355 2947 2410 sche Filmgewaltige in Hollywood,
2024 2390 2942 2446 langjähriger Produktionsleiter der
2027 2427 2957 2505 Ufa“ in Berlin und in den letzten
2026 2478 2949 2576 Jahren einer der Bahnbrecher für
1994 2582 2904 2665 deutsche Filmspitzenleistungen im
1994 2628 2912 2713 Ausland. Fürwahr kein schlechtes
1993 2681 2907 2766 Personal! Auch Paul Graetz, der
1994 2729 2908 2804 berühmte Berliner Film- und Kaba¬
1990 2782 2910 2851 rettstar — in Berlin der „Paule“ ge¬
1999 2824 2913 2908 nannt, war einige Monate in Buka¬
1992 2888 2903 2951 rest tätig. Wir waren fast alle im Pa¬
1998 2946 2908 2995 lace Hotel am Bul. Elisabeth unterge¬
1989 2979 2910 3043 bracht und Tür an Tür entwickelte
1994 3046 2913 3089 sich ein lustiges Treiben, besonders
2005 3081 2900 3144 „Paule“ brachte Bewegung in die Bu¬
2005 3137 2907 3198 den. Bei einem Gastspiel in Craiova
2005 3185 2917 3241 (wir bereisten mit viel Freude die
2000 3221 2922 3290 Provinz) entdeckten wir ein herrliches
2006 3276 2915 3344 kleines Lokal, ich glaube es hiess Mu¬
2002 3338 2926 3398 sa, in dem sich regelrechte Freivor¬
2001 3379 2906 3450 stellungen in der Weinlaune abspiel¬
2010 3430 2912 3488 ten. Der Abschied von Craiova war
2002 3482 2915 3546 so weinbeweg““ dass Eugen Klöpfer
2006 3523 2918 3592 sich nicht zurückhalten liess, vom
2009 3588 2913 3652 Wagen aus an die zahlreichen am frü¬
2004 3626 2912 3696 hen Morgen auf dem Markt versam¬
2013 3668 2928 3745 melten Landbewohner eine Ansprache
2012 3720 2920 3784 loszulassen, die in dem Monolog des
2015 3775 2919 3837 Holofernes aus Hebbels „Judith“ den
2015 3823 2909 3884 Höhepunkt fand. Die biederen Land¬
2014 3884 2916 3947 bewohner müssen sehr erstaunt gewe¬
2008 3921 2922 3989 sen sein. Noch viele Jahre später
2007 3984 2926 4040 wurde in Berlin vom alten ehrlichen
2490 4018 2942 4089 (Schluss folgt).
2013 4027 2463 4105 Musa gesprochen.
