3436 4224
494 136 851 210 Liebelei
1008 131 1434 227 box 12/1
303 142 953 246 5. n
1915 175 2150 248 lourter
2876 183 3099 244 Nr. 895
1940 286 3148 354 schlossen in ihren chargierten Partien den harmonischen Kreis
1938 349 3154 396 künstlerischen Schaffens. Brüchig nur erschien mir Emil Linds
1942 379 3139 422 Leistung Sein Mirgasson pendelte etwas stark zwischen Gro¬
1940 411 2383 482 teske und Konrention.
2734 425 3116 493 Carl Schmitz.
2010 468 2487 534 Residenztheater.
2521 468 3141 522 Das Theater der Lebewelt in
1924 503 3163 579 der Blumenstraße hat jetzt seine 3 Sensationen, die wohl kräftig
1929 555 3146 607 genug sein dürften eine ganze Zeit lana das Berliner und
1937 595 3144 650 Fremden=Publikum zu dem stark gepfefferten Pariser Menu als
1938 640 3147 696 zahlreiche Tischaäste bei sich zu sehen. Das Menu besteht aus
1930 682 3139 730 drei Gängen, alimodisch gesagt: drei Einaktern. Der erste ist
1936 714 3153 769 nur so eine Art hors d’reuvre zum Appetitmachen, wird auch
1941 766 3156 815 nicht von Alexander serviert Aber schon beim zweiten Gang.
1932 812 3135 858 da gibts was zu schlecken. „Eine Nachtsitzung“ heißt das Dina
1932 832 3155 893 Alexander hat sich auf einem Balle eine maskierte Dame ge¬
1948 880 3153 922 kapert und sie mit in ein Separé genommen. Als sie die
1943 920 3160 963 Maske fallen läßt, steht er einer alten Schachtel von geradezu
2710 959 3120 1010 Dieses Scheusal in
1949 954 2709 1018 polizeiwidriger Häßlichkeit gegenüber.
1945 997 3164 1050 elegantester Ballrobe gab mit aller Selbstverleugnung weib¬
1940 1041 3096 1088 licher Eitelkeit Marie Leuchtmann überwältigend komisch
1943 1077 3143 1128 die erste Sensation! Im letzten Gang. „Nach dem Mäuschen¬
1945 1116 3145 1168 ball“ betitelt, kommt des morgens wenn die Hähne krähen.
1947 1157 3158 1205 Alexander im Kostüm des Sonnenkönigs bei strömendem Regen
1509 1178 1846 1262 Telephon 12.801.
2856 1199 3160 1250 Alexander als
1951 1200 2857 1246 nach Hause in sein eheliches Schlafgemach —
1953 1238 3155 1287 Ludwig XIV. mit Allongeperücke und Stöckelschuhen, ein Bild
1939 1280 3081 1327 des besten Karikaturisten würdig! Die zweite Sensation!
1939 1317 3149 1377 Sein junges Weibchen: Toni Sylva, eine bisher noch wenig von
950 1313 1605 1406 „ODSERTER
1946 1363 3146 1414 der Kritik und dem Publikum beachtete 2. Salonliebhaberin des
1948 1400 3160 1443 Residenztheaters. Jetzt wird sie aber beachtet, und wie! Hat
737 1405 1855 1476 1. österr. behördl. konz. Unternehmen für Zeitunge-Ausschaltte
1948 1443 3148 1496 das arme Wurm doch nichts weiter an als ei duftiges leb¬
923 1446 1675 1523 Wien, I., Concordiaplatz 4.
1935 1489 3160 1538 haft durchbrochenes Seidennachthemdchen, in dem sie auf dem
1137 1506 1472 1570 Vertretungen
1951 1523 3151 1568 Bettchen nur so herumturnt. daß einem schier die Operngläser
738 1549 1842 1623 in Berlin, Basel, Budapest, Chicago, Cleveland, Christianis,
1954 1564 2675 1608 übergehen! Die dritte Sensation! —
2673 1561 3149 1627 Ich denke: das genügt!
750 1591 1837 1666 Genf, Kopenhagen, London, Madrid, Mailand, Minneapolls,
2016 1609 2472 1664 Trianontheater.
2470 1606 3149 1661 — Das war entschieden das Blö¬
732 1636 1836 1711 New-Vork, Paris, Rom, San Francisco, Stockholm, St. Petere¬
1949 1651 3155 1700 deste, was man in dem Theater unter den Stadtbahnbögen dem
1144 1677 1450 1733 burg, Toronto.
1945 1697 3159 1743 geduldigen Fremdenpublikum bisher zu bieten gewagt! Jede,
1059 1716 1518 1780 (Oselenangabe ohne Gewürz.
1944 1731 3152 1788 aber auch jede Szene hat irgendwo und iraendwann schon
1945 1781 3159 1836 mal in einem andern Schwank gestanden. Nur #uusendmal
724 1773 1745 1890 Ausschnitt aus: Theater-Courier, Berlin
1935 1816 3166 1862 besser! Hier wird auf das allerplumpste und naibste mit Ver¬
1941 1858 3150 1907 steckspielen. Verkleiden und ähnlichen Scherzen aus der drama¬
990 1857 1291 1966 16 2 1911
1946 1893 3158 1944 tischen Rumvelkammer des sel. Benedix manipuliert Was sage
731 1901 902 1955 vom:
2067 1937 3155 1997 Benedix? Der dämlichste „Polterabend=Dichter“ ist den
1938 1972 3152 2011 Autoren der „Hypolites Abenteuer“ noch über! Selbst die
1603 1977 1828 2100 ONe
1937 2003 3169 2068 Schlußworte sind aus dem „Doppelganger“ gestohlen. natürlich
748 2021 940 2112 7—
1699 2045 1904 2120 7—
1947 2060 3164 2115 nur etwas umfriesiert. Im Parkett saß ein hintervommerscher
734 2086 1663 2178 Weemerotf
1938 2097 3155 2158 Aararier: der brüllte über jeden noch so alten Witz wie ein
1706 2100 1915 2184 —
863 2142 921 2189 —
1937 2142 3159 2186 Hengst zur Brunstzeit. Wenn das Trianontheater den Ehraeiz
1194 2165 1438 2231 Berlin.
1947 2182 3169 2227 hat. für diese Kaste von Theaterhabitués zu eristieren —
1648 2206 1917 2273 „Pariser
1944 2216 3167 2267 habeat sibi! Menschen normaler Temperatur einigten sich im
737 2210 1604 2274 „Das kleine Schokoladenmädchen.“
710 2256 1919 2316 Menu.“— „Hypolites Abenteuer.“ — „Liebelei.“
1941 2265 3158 2313 Foyer zu dem ebenso treffenden, wie vernichtenden Gesamt¬
1946 2297 2428 2359 urteil: Affentheater! —
2426 2297 3155 2360 Gespielt wurde alänzend. Junker¬
794 2299 1925 2355 Neues Schauspielhaus. — Ich habe dem lobenden
1949 2347 3149 2402 mann. Treptow und die resolute Zademack bildeten ein pracht¬
704 2342 1923 2388 Referat meines geschätzten Wiener Kollegen nichts hinzuzufügen,
1938 2387 3155 2441 volles Trio, dessen natürliche Komik einem wenigstens iger¬
703 2391 1920 2437 als daß dieses harmlose Lustspiel von Paul Gavault die Back¬
1945 2424 3168 2478 maßen über den Wust des deliristischen Blödsinuns der Herren
710 2430 1926 2482 fischkomödie lustig aufblühen läßt. Sicher ist daß das „kleine
1937 2465 2810 2515 Verfasser Nancey und Armant hinweghalfen.
716 2468 1921 2517 Schokoladenmädchen“ den Direktoren in der Provinz genau so
2626 2494 3124 2563 Dr. Bruno Decker.
717 2512 1961 2562 dankbares Publikum und volle Häuser sichert, wie es solche der "
711 2544 1923 2592 Metropole liefert. Der szenische Apparat erfordert keine großen
2026 2553 3151 2604 Komische Oper. Bei Erscheinen dieses außerordent¬
711 2583 1931 2644 Umstände, das Personal ist an jedem mittleren Provinztheater
1932 2595 3152 2640 lich sympathischen Opernwerkes wurde wieder die Frage ven¬
714 2625 1913 2682 vorhanden. Amüsant erscheint mir der Umstand, daß Paris,
1945 2638 3148 2694 tiliert, ob sich Prosa=Dichtungen zur Vertonung eignen. Daß
2122 2676 2182 2711 osicl
703 2674 1919 2727 die Stadt der exportierenden theatralischen Cochonnerien uns
1936 2681 3150 2737 man angenchts dieses Werkes da ber noch im Zweifel sein kann.
708 2719 1922 2764 mit einer Spezies aufwartet die stark mit der nie erfolglosen
1949 2723 2521 2778 verstehe ich eigentlich nicht
2643 2723 3168 2777 bei den flotten Szenen,
718 2757 1853 2806 Spekulation auf das spezifisch deutsche Gemüt kokettiert
1939 2763 3153 2809 denen Schnitzler ja einen so brinenten Dialoa gegeben hat.
711 2783 1921 2849 Tirektor Alfred Halm hat, entsprechend seinem vornehmen
1940 2799 3165 2845 könnte man #cen, daß die Musik icht nur die von Franz
714 2832 1925 2888 Kunstinstitut, die reizende Planderei kongenial geschmackvoll
1949 2838 3170 2900 Neumann, etwas retadierend wirkt. Bei den dramatischen
712 2875 1926 2927 einstudiert und ausgestattet, sodaß dem Spiele eine gewisse
1942 2884 3162 2929 Stellen aber ist es ohne jeden Zweifel daß die Musik diese
703 2917 1917 2965 kommenkatorische Behäbigkeit dadurch Voraussetzung wird.
1940 2922 3166 2965 Vorgänge unterstreicht und hebt. Dieses Erstlingswerk Franz
709 2957 1929 3023 Die Dekorationen, nach Entwürfen von Spen Gade angefertigt,
1941 2956 3158 3010 Neumanns hat einen überraschend schnellen Wea über die
1940 3007 3163 3058 großen deutschen Opernbühnen gemacht und das ist erfreulich,
702 3009 1923 3067 präsentieren sich luxuriös. Es empfiehlt sich deshalb, an
715 3037 1929 3096 Bühnen, die nicht aewillt sind, dem Stücke zuliebe einen kühnen
1941 3041 3164 3091 denn es handelt sich hier um einen echten deutschen Musiker.
1943 3089 3152 3146 Wenn sich auch der Einfluß der modernen Italiener besonders
716 3090 1934 3144 Griff in die Kasse zu tun diese dekorative Stütze durch flotteres
1943 3132 3163 3179 Puccinis, offensichtlich bemerkbar macht, so fühlt man doch aus
716 3121 1923 3191 Spieltemvo zu ersetzen. Einzia war Ida Wüst in der Titel¬
1950 3176 3157 3231 dem Ganzen heraus daß sich der Komponist ehrlich bemüht.
708 3155 1935 3225 partie. Ihre Drollerie ist so ganz und gar natürlich künstle¬
1941 3208 3155 3255 fremde Fesseln abzustreifen. Nicht immer gelingt es ihm, aber
723 3205 1929 3268 rischer Intuition ohne Schablone ohne dozierende Intention.
1937 3255 3158 3301 aus dem Ganzen spricht es doch klar und vernehmlich, daß sich
705 3251 1922 3305 daß einem ein wohliger ästhetischer Genuß bereitet wird. Durch¬
1940 3289 3151 3346 der junge Musiker zu einer eigenen Sprache durchringen wird.
710 3297 1915 3350 aus ebenbürtig stand ihr Hans Salfner als Paul Normand zur
1937 3335 3147 3375 Ich bin überzeuat, daß Franz Neumann uns noch oft auf¬
722 3329 1929 3383 Seite. Hans Siebert, als Felicien das treihende Agens aller
1950 3372 3157 3428 horchen lassen wird Er verfügt nicht nur über eine beneidenswerte
708 3374 1935 3419 Entwicklung, zeichnete einen ungemein komisch=phlegmatischen
1950 3411 3158 3453 Fülle von Melodien er hat auch durch seine Kapellmeister¬
714 3413 1930 3472 Bohémien und Victor Hartberg bot in der Rolle des Toupeet
1941 3445 3161 3495 Laufbahn eine Schule durchgemacht, in der er außerordentlich
712 3455 1929 3507 die höchst interessante Studie eines eingefleischten Bureaukraten,
1945 3496 3151 3550 viel gelernt hat. Sein Orchester klingt voll und stets vornehm.
720 3498 1931 3547 ohne Schahlone und dennoch außerordentlich tyvisch. Erich
1282 3531 1923 3578 das Ideal eines enfant-terrible¬
1945 3535 3153 3594 Jede einzelne Instrumentenaruppe versteht er zu behandeln und
720 3539 1245 3590 Ziegel als Pava Lapistolle
1240 3544 1275 3590 715
1944 3579 3158 3631 sie zu schönen Effekten zu verbinden. Kurz: Wir haben Herrn
713 3567 1942 3643 Papa — Beatrice Altenhofer (Rosettel, und Rosa Valetti (Julie)
1985 3719 3170 3782 Direktor Gregor auch bei seiner letzten Darbietung als Di¬
1997 3783 3191 3838 rektor der Komischen Oper Dank zu sagen, daß er uns mit
2003 3819 3203 3871 diesem, ich wiederhole: so außerordentlich sympathischen Werké,
2006 3867 3203 3910 bekannt gemacht hat. Die ersten Künstler waren beteiligt
2008 3904 3205 3958 Fräulein Labia die Christine verkörpern zu lassen, war ein
2006 3941 3196 3994 Mißariff. Sie war keinen Augenblick das liebe süße Mädel,
2005 3980 3200 4029 sondern stets die überdramatische Italienerin Gesanglich aller¬
1998 4035 3196 4078 dings bot sie einen einzigen Genuß Ihr Partner war Herr
2003 4069 3198 4112 Nadalovitsch. Es wäre bedauerlich sollten wir diesen Künstler.
