3436 4256
217 229 758 297 5. Liebelei
425 231 1342 332 box 12/1
1899 1222 2256 1316 Telephon 12.801
1550 1264 1627 1330 Ielpere
1347 1309 2093 1474 „OBSERVER
1211 1452 2279 1521 I. österr. beh. konz. Unternehmen für Zeitungs¬
1395 1501 2083 1576 Ausschnitte und Bibliographie.
1309 1548 2141 1651 Wien, I., Concordiaplats 4.
1547 1619 1917 1698 Vertretungen
1204 1659 2299 1732 in Berlin, Brüssel, Budapest, Chicago, Cleveland, Christiania,
1203 1716 2301 1766 Genk, Kopenhagen, London, Madrid, Mailand, Minncapolis,
1203 1750 2302 1823 New-York, Paris, Rom, San Francisco, Stockholm, St. Peters¬
1597 1802 1908 1858 burg, Teronto.
1557 1828 1942 1908 Oaelienangahn ohme Gewühr.)
1199 1892 1592 1976 Ausschnitt aus:
1582 1893 2375 2023 Reichs Anzeiger, Berhr
1428 2003 1739 2074 Z1J 1911
2017 2079 2116 2142 M
1459 2126 1940 2210 Theater und Musik.
1517 2197 1891 2277 Komische Oper.
1159 2246 2319 2316 Von der Neuheit, die gestern in der Komischen Oper aufgeführt
1097 2296 2329 2370 wurde, ist nicht viel zu sagen. Franz Neumann hatte den sonder¬
1086 2333 2293 2410 baren Einfall, Arthur Schnitzlers bekanntes Schauspiel „Liebelei“,
1087 2388 2242 2453 wie es geht und steht, zu vertonen, und es ist ein gutes Zeichen
1097 2420 2188 2483 die Unverwüstlichkeit der literarischen Arbeit Schnitzlers, daß sie
1092 2450 2179 2533 Experiment standhielt. Was soll bei diesem in sich geschl
1166 2501 2174 2562 uptsächlich durch psychologische Feinheiten sich auszeie
1203 2534 2184 2599 juspiel die Musik? Sie hemmt nur, wo die Ha
1675 2570 2197 2636 wirkt lächerlich, wo t
1229 2581 1663 2640 rtsschreiten will, sie
1823 2601 2224 2661 den Gesang beso
1233 2616 1820 2683 ingen der Unterhaltung durch
1231 2644 2285 2727 trichen werden, sie macht das Sentimentale noch rührseliger un
1228 2680 2317 2748 in die ernsten Stellen ein dem Dichter des Stückes völlig
1230 2731 2334 2803 gendes Pathos hinein. Der Beifall der Menge darf nicht
1253 2760 2320 2827 hinwegtäuschen, daß hier eine stilwidrige, völlig verfehlte
1278 2795 2332 2874 attung geschaffen wurde, die von der Kritik mit Nachdruck
1285 2839 2328 2918 n ist. Auch als Musiker an und für sich betrachtet, ist Herr
1270 2877 2338 2951 n nicht bedeutend; er beherrscht nur das Handwerkliche
2239 2922 2334 2971 der
1241 2929 2169 2989 Kunst und schreibt Kapellmeistermusik, die
1195 2957 2335 3032 eiligen Stimmung anzupassen weiß. Eine leichtfertige Unter¬
1127 2998 2338 3074 haltung untermalt er mit Tanzrhythmen, bei der Duellforderung des
1702 3041 2332 3093 rte Blasinstrumente in Aktion und
1126 3059 1580 3122 fremden Herrn treten erz
1722 3074 2348 3134 vesaffäre marschiert das ganze Rüst¬
1124 3097 1551 3157 bei dem traurigen Ausge
1997 3115 2335 3173 Weltuntergang in
1729 3129 1834 3178 als gel
1117 3136 1539 3201 zeug des großen Orche
2005 3157 2344 3211 fiel, war Schnitzlers
1717 3168 1834 3225 dem Pr
1123 3175 1515 3233 Tönen wiederzugeben.
2005 3196 2334 3251 ihrung half den Er¬
1696 3206 1833 3254 und eine
1117 3200 1529 3275 „Liebesei“ trotz der P
2012 3230 2332 3289 tat des scheidenden
1680 3245 1842 3297 daß die I
1119 3248 1549 3316 folg mit erringen. Sche
2178 3273 2311 3322 e Liebes
2039 3277 2165 3324 das ern
1141 3288 1882 3354 Direktors Gregor keiner würdigeren Aufgabe
1993 3302 2351 3370 itsch und Fräulein
1214 3325 1937 3402 r Fritz und Christine hatte in Herrn Nad
1141 3352 2346 3430 Labia, beide stimmlich aufs beste aufgelegt, ausgezeichnete Ver¬
1141 3393 2353 3463 treter gefunden; auch das heitere Paar, Herr Wissiak und Frau
1135 3431 2352 3495 Bachrich, entledigten sich ihrer Aufgaben mit gutem Gelingen. Ge¬
1129 3461 2337 3538 mütvoll und schlicht, soweit es die Musik zulief, wer auch Herr
1133 3500 2360 3593 Zador als Vater Shristinens, und in den Nebenrollen zeichneten sich
1134 3541 2365 3615 Frau Seebold und Herr Armster aus. Der Kapellmeister von Reznicek
1139 3594 2013 3668 leitete das Werk mit Temperament und Umsicht.
