3436 4224
936 118 1387 219 box 11/3
403 121 790 212 Liebelei
236 130 918 248 3. MSEGESE
1876 321 3304 405 ndel Weise Würdigung der ganzen Welt gegenüber den Otto¬
1304 335 1737 429 igen in zust
224 284 1297 482 Die Eröffnung des turrischen Pür¬
2269 391 3311 467 manen zeige, dast die offenen Fragen unte# den aller¬
1329 392 1944 475 eden geordnet werden.
2265 445 3262 531 günstigsten Bedingungen werden geregelt werden.
1328 426 2272 512 Indem wir — schließt die Rede — das Glück
618 339 887 566 angst.
1241 499 2282 564 und Gedeihen unseres Landes wünschen, eröffnen wir
2342 469 3304 558 Die übrigen bisher erschienenen Blätter, die
312 535 2282 607 Unter Entfaltung großen Gepränges, unter Beeheute die Kammer der Deputierten. Wir wünschen
2275 552 3313 614 mit der Beschreibung der Ereignisse des gestrigen
1256 589 2278 656 das Wohlergehen der Nation. Unser Wunsch, das
2269 592 3302 665 Tages ausgefüllt sind, enthalten noch keine Kom¬
230 583 1272 651 teiligung der gesamten offiziellen Welt, sowie der
1264 627 2257 703 Reich verfassungsmäßig regiert zu se
658 640 1268 702 M
2277 644 3304 716 mentare zu dem auswärtigen Passus der Thron¬
248 651 555 721 S
1259 678 2290 765 sten, ist fest und unabänderlich. (Langanhal¬
2275 678 3309 755 rede. Der Teil der Thronrede, der von der innern
239 691 1277 757 der Geliebte tot, daß er für eine andere gefallen
1259 727 2187 814 tender Beifall und Hochrufe auf den Sulian.)
2269 725 3314 812 Politik, besonders von der Vorgeschichte der Ver¬
247 734 1271 801 und auch bereits begraben sei. Und nun fällt im
2272 779 3303 851 fassung handelt, wird kritisiert. „Tanin“ macht
244 782 1282 855 Innern einer Menschenseele eine ganze Welt in
1487 788 2071 881 Der Einbruck der Rede.
247 830 1289 893 einem Augenblick in Trümmer. Diese Szene ist ein
2278 845 3312 907 diesbezüglich dem Großvezir Vorwürfe. Auch „Ik¬
1336 833 2283 917 Nach der Verlejung der Thronrede erklärte der
252 869 1290 942 Meisterwerk der Bühnenroutine, die ihre Wirkung
2278 873 3089 956 dam“ macht diesbezügliche Anspielungen.
1254 891 2293 990 Sultan mit-liser Stimme, er schätze sich glücklich, un¬
239 928 1270 995 auch hier nicht versagen dürfte, wie sie sie auf
2360 927 3322 999 Nach der „Jeni Gazetta“ haben alle Souveräne
1266 953 2289 1016 ier den Deputierten zu sein, und wünsche den¬
238 966 1273 1037 keiner der zahlreichen Bühnen versagte, wo „Lie¬
2288 988 3307 1050 an den Sultan und alle Parlamente an das tür¬
1262 1001 2293 1062 [selben einen schönen Erfolg. Der Sultan
237 1031 1104 1106 belei“ bisher zur Aufführung gelangt ist.
2284 1040 3318 1117 kische Parlament telegraphisch Glückwünsche gejandt.
339 1051 2286 1135 Die Christine spielt Vilma Medgyaßay als grüßte sodann in landesüblicher Weise, welchen Gruß
2357 1086 3311 1154 Das hiesige jungtürkische Komitee hat gestern
1276 1108 2296 1174 die Deputierten erwiderten, und zog sich in einen
252 1116 1287 1189 Gast und es unterliegt keinem Zweifel, daß sie heute
2285 1133 3324 1204 an den Sultan eine Depesche gerichtet, worin dem
1273 1151 2250 1232 Salon zurück, wo er die geistlichen Chifs empfing.
2230 1147 2304 1202 0
249 1158 1275 1223 abends einen ihrer schönsten Erfolge feiern wird.
2293 1184 3328 1256 Wunsch Ausdruck gegeben wird, daß die Eröffnung
1344 1202 2295 1270 Unzerdessen erschien Oberzeremonienmeister Ga¬
250 1206 1288 1287 Sie hat sich in der überaus schweren Rolle der
2297 1242 3323 1305 des Parlaments, die de: Sulran durchgeführt habe,
255 1228 2297 1321 Christine als eine dramatische Künstlerin ersten Ran=[lib in der Diplomatenloge und überbrachte dem
2293 1273 3332 1346 nachdem er nach langen Versuchen das heilige
252 1285 2297 1378 ges entpuppt, die das Nationaltheater der Opereiten=Doyen, Botschafter Freiherrn v. Marschall, die
2295 1325 3318 1397 Recht des Verfassungsregimes gewürdigt hatte, zur
248 1332 2297 1427 bühne kaum länger überlassen dürfte. Außer Uj= Grüße des Sultans. Der Suliun sei glücklich, das
258 1420 3325 1485 häzi, der den alten Weiring mit warmer Bonhomie diplomatische Norpe bei der Eröffnung des Parla=Größe, zum Ru#ne der Ottomanen beitragen möge.
260 1429 3323 1534 ausstattet, sind in dem Stück die Jungen beschäftigt ments zu sehen. #n sei heute beinahe nicht Das Komitee wünscht dem Sultan ein langes Leben
261 1477 3328 1571 und bieten eine so vorzügliche Darstellung, wie mansin der Lage gewesen, zu kommen, jetzt und Glück und sagt ihm herzlichsten und aufrich¬
2299 1526 2599 1606 tigsten Dank.
262 1562 2311 1626 sie auf dieser Bühne schon seit vielen Jahren nichtsfühle er sich aber wohl. Er hoffe auf die
2361 1555 3331 1651 Einige Blätter sagen, der Umstand, daß der
259 1561 2305 1664 zu sehen bekommen hat. Méßäros, Dezsö unösUnterstützung der Mächte bei der Rege¬
2294 1612 3336 1694 Thronfolger Prinz Reschad der Parlamentsecöffnung
255 1645 1895 1714 Mariska Vizväri stellen lebende, natürlich sichjngration des Reiches.
1353 1650 2315 1736 Sofort nach der Thronrede äußerten liberale
2296 1677 3330 1754 fern geblieben sei, habe allgemeines Erstaunen er¬
254 1681 1307 1772 bewegende, in menschlichen Tönen sprechende Gestal¬
2296 1724 3319 1810 regt. Es waren nur die Söhne des Sultans an¬
265 1716 2310 1812 ten auf die Bühne, so daß das Nationaltheater hemes Deputierte ihre Unzusriedenheit und
1237 1791 2495 1864 ihr Erstannen darüber, daß der Sultan nicht, wie joesend.
260 1790 1165 1880 abends kaum wiederzuerkennen sein wird.
1055 1811 2336 1909 B. S. die gestrigen türkischen Blätter gemeldet haben, einen!
2052 2219 2482 2319 Telephon 12801.
1461 2393 2403 2524 W TKTrSSAN
1278 2437 1422 2533 2
1369 2476 2483 2593 I. österr. behördl. konz. Unternehmen für Zeitungs¬
1778 2545 2082 2619 Ausschnitte
1462 2583 2366 2714 Wien, I., Concordiaplatz 4.
1713 2672 2124 2748 Vertretungen
1291 2703 2480 2823 # in Berlin, Budapest, Chicago, Christiania, Genf, Kopen¬
1343 2744 2488 2859 □ hagen, London, Madrid, Mailand, Minneapolis, New Vork,
1372 2797 2494 2899 Paris, Rom, Säll # Stackholm, St. Petersburg.
1718 2841 2416 2930 (guellenangebs SheGessuas AUUrlia
1296 2913 1821 3027 Ausschnitt aus:
1799 2947 2124 3055 19061 1908
1291 3003 1404 3081 *
2362 3027 2602 3112 — KI. 11.—
1412 3025 2613 3159 * Aus Budapest, 18. d. M., wird uns telegraphiert:
1306 3106 2586 3187 Im Nationaltheater gelangte heute Artur Schnitzlers
1306 3166 2584 3255 „Liebelei“, die man hier schon vor elf Jahrenaßrhremes
1307 3206 2587 3296 Ensemblegastspieles des Burgtheaters kennen lernte, zur ersten
1298 3250 2579 3345 ungarischen Aufführung. Es ist nicht zu leugnen, daß die Premiere
1294 3301 2586 3400 ein wenig zu spät kommt, denn man hat den Dichter des „Süßen
1307 3355 2583 3424 Mädels“ seither auch hier in einer Reihe tieferer Werke kennen
1305 3393 2585 3493 und schätzen gelernt. Dazu kam, daß die Darstellung dem Werke
1306 3447 2590 3540 wenig entgegenkam und namentlich der Versuch, eine im Kabarett
1305 3494 2582 3600 ausge eichnete Diseuse, Fräulein Vilma Medgyassag, als Choristin
1305 3536 2582 3639 auf die Bühne zu stellen mißlang. Die Aufnahme der Novität
1289 3587 2581 3701 war immerhin eine sehr freundliche und der anwesende Autor
1288 3636 2247 3740 konnte mehreremal selbst für den Beifall danken.
