3436 4352
-19 1490 55 1545 ie
-19 1538 48 1601 r
952 143 1357 249 box 10/1
257 148 767 245 5. Liebele
423 175 878 279 ALSEEI. 1
183 1033 578 1118 W 5 3
174 1046 3002 1161 Erste gereizte Empfind= bürgerlichen Rechte, sondern bezüglich des öffentlichen Lebens helfen dem Lexzieren zum Siege und sind bewußt oder un¬
1801 1127 2598 1205 bewußt Bundesgenossen der Antisemiten.
612 1125 1794 1187 in seinem ganzen Umfange. Die Unabhängigkeit der Rechte
168 1137 624 1218 het, wo vernünftiger¬
199 1167 1815 1259 werden kann, der von dem religiösen Bekenntnisse kann nicht bestehen, wenn sie
1807 1261 2999 1342 gar nicht darauf an, geistreich, sondern wahr zu sein, weil
628 1277 1803 1370 die einander besser, als sie es sich eingestehen wollen, kennen,
178 1299 623 1367 die Primadonna“, von
1802 1318 2995 1391 die künstlerische Absicht des Dichters gerade dahin geht, aus
175 1345 479 1400 uf Seite 21.
625 1335 1811 1409 ergibt sich die Absicht Anatol's, und Gabriele will ihm
1804 1361 2997 1430 dem Alltäglichen das Ideale hervorgehen zu lassen. So
638 1379 1813 1452 hilfreich an die Hand gehen. Ein Weihnachtsgeschenk, aber
1806 1404 2996 1479 werden wir in die Junggesellenwirthschaft zweier älterer
630 1426 1808 1500 für wen? Wer ist sie, wie lebt sie, welchen Gesellschafts¬
188 1426 381 1531 on.
1813 1469 2998 1523 Studenten eingeführt, die Abends auf ihrem Zimmer zwei
627 1475 1806 1541 kreisen gehört sie an? „Ach, meine Gnädige,“ erwidert
1802 1499 3006 1572 Mädchen bei sich haben. Christine Weiring, die Geliebte
627 1522 1809 1591 Anatol, „Sie sind eine Weltdame, die Andere aber ist ein¬
1797 1542 2997 1620 Fritz Lobheimer's, ist die eine, Mizi Schlager, die Flamme
179 1554 638 1642 r Schnitzler. — „Rechte der
635 1565 1804 1641 fach „ein süßes Mädel“. Ihre Wohnung ist ein kleines,
169 1607 636 1690 Wiacosa, deutsch von Otto
1801 1592 2997 1666 Theodor Kaiser's, ist die andere. Sie essen, trinken, plaudern,
621 1620 1811 1701 dämmeriges Zimmer mit gemalten Wänden, ein paar alte,
1805 1643 2994 1713 küssen einander, spielen Clavier, singen, tanzen, eine unge¬
626 1664 1815 1738 schlechte Kupferstiche mit verblaßten Aufschriften hängen da
172 1658 632 1752 sser des Schauspiels
1805 1693 3005 1755 bundene Gesellschaft, die ihre Unterhaltung mit den banalsten
629 1708 1811 1781 und dort. Eine Hängelampe mit einem Schirm. Vom
187 1723 629 1803 einen so schönen und
1803 1740 3006 1801 geistigen Mitteln bestreitet. In diesem allgemeinen Element
627 1757 1809 1828 Fenster aus, wenn es Abend wird, die Aussicht auf die im
166 1778 632 1848 vor ein paar Jahren
1800 1797 3003 1867 der Lustigkeit heben sich aber doch die beiden Liebespaare
631 1801 1820 1875 Dunkel versinkenden Dächer und Rauchfänge. Und wenn der
173 1818 618 1889 er dem Titel „Anatol“
1812 1835 2998 1905 deutlich von einander ab: Mizi und Theodor sind das
636 1848 1822 1924 Frühling kommt, wird die Hecke gegenüber blühen und
179 1872 628 1939 Lehemann einer Groß¬
1808 1880 2997 1953 flachere, geräuschvollere Paar, Christine und Fritz das
635 1896 1824 1969 duften. „Dort bin ich auch zuweilen glücklich.“ Sie ist nicht
174 1916 633 1992 uen bis zu seiner Ver¬
1808 1922 3011 1992 empfindsamere. Mizi ist ihres Zeichens (man erschrecke nicht)
630 1943 1816 2022 bezaubernd schön, sie ist nicht besonders elegant, und sie ist
166 1964 640 2034 Verstrickt. Die Großstadt
1806 1979 3002 2037 Modistin, Christine die Tochter eines Geigers im Orchester einer
631 1980 1820 2069 durchaus nicht geistreich; aber sie hat die weiche Anmuth
167 2014 633 2077 Boden, athmen Wiener
1816 2020 3008 2098 Vorstadtbühne. Mizi, die sich ganz dem Augenblicke hingibt
634 2045 1812 2111 eines Frühlingsabends und den Geist eines Mädchens, das
169 2063 639 2139 ben Schauspielchen ent¬
1815 2070 3011 2145 und nicht begreift, wie man schon im Mai an den August
634 2088 1816 2164 zu lieben weiß. Und wie sie mich empfängt? Sie hört mich
181 2099 644 2183 ft; dafür ist es frei
1813 2123 3019 2194 denken könne, hat ihre Freundin Christine, die bisher ruhig
634 2134 1823 2216 kommen, steht bei der Thür, halst und küßt mich. Und
185 2147 644 2216 den Grund. Es deckt
1816 2172 3011 2235 bei ihrem alten Vater gelebt, in diese lustige Männergesell¬
643 2168 1825 2259 was sie sagt? Ach, nichts Besonderes. Etwa: Ich bin so
161 2187 645 2275 Dem nichts Menschliches
1812 2201 3018 2281 schaft eingeführt. Mizi liebt in den Tag hinein und aus
632 2228 1817 2300 froh, daß ich dich wieder hab'.“ — „Das ist eigentlich hübsch,
176 2253 642 2316 ber vor der anständigen
1809 2261 3009 2323 dem Tag wieder heraus, und ihr Schatz Theodor betrachtet
630 2274 1819 2374 sehr hübsch,“ meinte die Dame. — „Ja,“ erwidert Anatol,
172 2299 645 2370 schwiegen oder möglichst
1814 2308 3017 2393 die Mädchen (der Plural ist hier wesentlich) nur als an¬
635 2325 1807 2410 „es ist herzlich und wahr.“ — Und sie ist immer allein?“
175 2339 645 2414 vor Aller Augen bloß¬
1818 2354 3011 2427 genehme Erholung, die er als solche auch seinem Freunde
632 2355 1821 2447 1— „Ja, sie ist eine Waise.“ — „Und Sie sind ihr Alles?“ —
166 2394 642 2466 ntheil zu gestalten, setzt
1815 2407 3014 2471 Fritz empfiehlt; Christine ist ein tiefer angelegtes Gemüth,
1228 2402 1829 2493 (Schweigen.) Gabriele #ht
1197 2421 1255 2472 7
956 2431 1191 2496 Heute.
643 2432 971 2505 „Möglich.
162 2434 653 2514 immt, eine tapfere Ge¬
1813 2441 3015 2513 die Liebelei ihr unheimlich, sie begreift nicht, wie man
644 2456 1822 2541 ihm einen Blumenstrauß für sie. „Und sagen Sie hr:
168 2474 652 2553 heit um die öffentliche
1816 2497 3005 2566 lieben könn ohne ewig zu lieben. Ihrem Fritz, der leicht¬
641 2511 1823 2582 Diese Blumen, mein süßes Mädel, schickt dir eine Frau,
171 2529 651 2599 abei nicht zu gewinnen.
1813 2539 3012 2630 sinnig ist mit einem trüben Bodensatz von Reflexion, ist sie
645 2545 1820 2637 die vielleicht ebenso lieben kann wie du, und die den Muth
175 2583 649 2652 einmal geleistet werden,
1821 2592 3010 2665 mit ihrer Jnnigkeit doch ein wenig unbequem. Sie will so
646 2626 1006 2696 dazu nicht hatte.“
167 2631 652 2701 immerte, tapfere Mann,
1824 2647 3006 2707 viel von ihm wissen, von seiner Beschäftigung, von seinen
723 2641 1827 2730 Auf demselben Boden wie „Anatol“ bewegt sich auch
168 2684 662 2759 ortung dafür auf seine
1817 2687 3010 2753 Lebensverhältnissen, von seinen Gedanken. Eine Frau in
647 2700 1828 2772 die „Liebelei“. Es ist eine Welt „jenseits von Gut und
184 2721 657 2797 Und fragt man nun
1814 2730 3017 2796 schwarzem Sammtkleide, mit der sie ihn in einer Theater¬
647 2739 1829 2822 Böse“. Die Liebe wird gepflückt wie Heckenrosen. Allein der
195 2769 651 2840 eer uns einführt, so
1817 2793 3016 2861 loge gesehen, beschäftigt ihre Neugierde besonders stark. Wer
651 2792 1822 2879 Unterschied zwischen jenen kurz angebundenen kecken Ein¬
168 2810 655 2884 eter, den er „Weih¬
1832 2842 3014 2905 sie sei, wie er zu ihr stehe — sie kann nichts aus ihm
152 2838 1828 2921 die anmuthigste Antwort actern und diesem dreiactigen Schauspiel ist bedeuend genug;
1831 2875 3010 2951 herausbringen. Nur zu bald muß sie erfahren, daß diese
648 2891 1826 2978 denn während dort kein Ausgang ist aus dem einmal fest
165 2911 660 2984 abend schlendert Anatol
1827 2933 3019 2993 Frau im schwarzen Sammtkleide ihr Verhängniß sei. An
643 2933 1828 3008 gezogenen Kreise, werden wir hier in die höchsten Regionen
166 2961 664 3033 Schatz (er wohnt vor
1814 2974 3021 3053 jenem lustigen Junggesellenabend wird plötzlich an der Thür¬
175 2984 1825 3065 zu suchen. Er begegnet der Liebe getragen. Die realistische Grundlage des Stückes
1818 3028 3021 3087 schelle gerissen. Nachdem die Mädchen entfernt worden, tritt
649 3031 1831 3101 ist weit genug gesteckt, und ein alltägliches, plattes Lebens¬
166 3049 664 3123 die gleichfalls mit Weih¬
168 3060 3024 3189 dem Gespräche der Beiden; bild wird bis ins Einzelnste ausgemalt. Allein es kommt hier] ein Mann in die Stube, der Gatte jener Frau in Schwarz,
