3436 4256
257 181 822 275 5. Liebelei
426 231 852 305 MVY•VVTVPVVVYPV•V•VVPPT
950 183 1391 283 box 12/1
2240 968 2347 1034 147
1371 974 1845 1067 Der Roland von Berlin
1126 1118 2088 1225 Die veroperte „Liebelei“.
1243 1209 1975 1309 Hans Gregors letzte Inszenierung.
963 1268 2340 1361 Sie war nicht wiederzuerkennen, die gute, alte „Liebelei“ von Arthur
886 1345 2337 1405 Schnitzler, die da unter großem Applaus über die Bretter der „Komi¬
899 1396 2352 1472 schen Oper“ zog. Aus einem stillen Schauspiel mit intimen Reizen,
886 1445 2348 1529 aus einem Theaterstück, durch das das warme Blut eines Dichters fließt,
895 1501 2358 1565 war das Furchtbarste geworden: eine schlechte Oper! Wagner hat einst
897 1553 2338 1621 polemisch von der Oper seiner Zeit als von der „monströsesten Er¬
897 1609 2357 1683 scheinung" gesprochen, und damit hauptsächlich Meyerbeer treffen wollen.
893 1653 2361 1717 An das Wort Wagners von der „monströsesten Erscheinung“ erinnerte
894 1693 2358 1767 die veroperte „Liebelei“, die sich ein bisher in weitesten Kreisen unbe¬
889 1745 2347 1814 kannter Kapellmeister Franz Neumann zum Opfer erkoren hatte.
982 1815 2364 1864 „Weißt du, wie das ward?“ Bis vor sehr kurzer Zeit noch glaubten
889 1842 2351 1925 Musiker, die sich der Opernbühne zuwandten, daß hier für Wirkungs¬
899 1910 2362 1971 möglichkeiten andere Bedingungen seien als auf der Schauspielbühne.
903 1956 2361 2027 Demgemäß haben sie sich Operbücher „bauen“ lassen von Leuten, die
895 1994 2349 2055 diese eigenartige Kunst verstanden, oder, was häufiger vorkam, zu ver¬
908 2042 2357 2136 stehen vorgaben. Da kam Richard Strauß und übernahm Wildes
900 2094 2365 2169 „Salome“ und Hofmannsthals „Elektra“ fast ohne jede Aenderung für
902 2142 2351 2204 die Opernbühne. Er hatte damit Erfolg; nicht nur kraft seines musika¬
906 2191 2361 2269 lischen Genies, sondern weil diese beiden Dramen einer Betonung durch
908 2242 2374 2324 die Musik keine gravierenden Hindernisse entgegenstellten. Weil sie in
908 2290 2360 2373 Aufbau und Gliederung straff und knapp gehalten sind, und nicht zu¬
903 2355 2373 2422 letzt, weil sie Einakter sind. Ein zweiter Akt wäre, das weiß Strauß,
908 2396 2374 2463 der etwas vom Theater versteht, zuviel gewesen. Das Beispiel von
902 2439 2373 2522 Strauß mag den Komponisten der „Liebelei“ verführt haben. Aber
899 2496 2370 2560 was ist daraus geworden! Der nahm Schnitzlers Schauspiel (man weiß
913 2559 2373 2614 nicht, ob man „ganz naiv“ oder „sehr spekulativ“ sagen soll) und schrieb
908 2604 2378 2665 vom ersten bis zum letzten Akt Noten, Noten und nochmals Noten dazu.
907 2642 2370 2716 Er kehrte sich nicht daran, daß die szenische Gliederung dieser drei Akte
901 2703 2370 2761 gar keinen Platz für Musik bot, daß die Prosasprache dieser Menschen
918 2736 2374 2822 sich dem Gesange, selbst dem Parlando, ganz entzog, und daß endlich
922 2791 2387 2864 Vorgänge und Milien fast unkomponibel waren. Ein starker Komponist
919 2842 2382 2924 hätte vielleicht über diese Mängel hinweghören lassen, ohne sie selbst
914 2922 1902 2978 durch die beste Musik ganz vergessen zu machen.
1003 2928 2372 3010 Franz Neumann aber ist ein schwacher Komponist, und die rein
919 2991 2383 3059 musikalischen Qualitäten seiner „Liebelei“ sind nur deshalb diskutabel,
912 3049 2373 3118 weil sie ein Erstlingswerk sein soll. Er hat eine gewisse Fähigkeit, rein
919 3089 2382 3172 äußerlich mit Musik zu untermalen. Das macht er aber so naiv wie die
915 3143 2386 3218 Maler der alten Zeit, die ihren Gestalten Zettel aus dem Mund heraus¬
924 3191 2380 3267 hängen ließen. Seine Mizi sagt etwa: „J hab so a Freid“ — schon
913 3244 2381 3311 ist ein Walzer im Orchester; Christine ist so traurig — natürlich seufzen
921 3282 2396 3367 die Celli. Wenn „der Herr“ auftritt, macht der Komponist eine zweite
927 3333 2394 3416 Komthurszene daraus: mit würdigen Posannenklängen, lang ausge¬
932 3381 2387 3469 haltenen Akkorden und der beliebten Deklamation auf einen Ton. Die
921 3441 2386 3500 Liebesszene im zweiten Akt, die der Höhepunkt sein soll, ist mit breiter
927 3484 2394 3555 Aufdringlichkeit hingepinselt und gebärdet sich höchst leidenschaftlich, ist
940 3538 2434 3635 aber im Grunde nur hohles Pathos. Ganz ohnmächtig ist das Vorspiel
