3484 4224
283 139 716 221 Liebelei
281 194 743 270 en den e en e ee
825 134 1290 243 box 12/8
702 1370 3376 1423 hatte sie Augen auf ihn gemacht. „Es war eine schöne ebensolchem Beifall auf. Wenn so weitergearbeitet den „Schiffbrüchigen“ mit Erfolg b
708 1407 3361 1491 Zeit“ Die ist nun vorbei. Jetzt ist er rasend eifersüch= wird, können wir uns mit Herrn Direktor Strial, beiter, dem es um das allseitige
1731 1448 3378 1520 der in beiden Stücken die Regie führte, wieder ver= ernst ist, der nicht allemn in der kö
699 1473 1733 1549 tig. Und mit Recht. Nun hat sie dem Grafen von Laon
2205 1497 3380 1596 Robert Arthaber, [des menschlchen Geschlechtes die G
1724 1518 1903 1598 söhnen.
700 1522 1730 1585 den Kopf verdreht und er hat Nanettes Sinnlichkeit
2723 1550 3377 1610 friedenen und lebenswerten Erde
711 1570 1745 1638 geweckt. Er ist so einer, dessen Hunde und Pferde es
2727 1592 3385 1668 dern die gedankliche und ethische
706 1619 1736 1696 gut haben müssen. Er läuft Nanette bis in die Barbier¬
1772 1597 2742 1706 ** Stadttheater. Freitag in Serie gelb die Ope¬
2740 1641 3378 1710 höchsten Wertfaktor erkennt, muß
707 1662 1738 1736 stube nach, wo es zu einem zärtlichen Tete=a=Tete
2474 1674 2735 1745 Samstag in
1730 1665 2384 1741 rette „Das verwunschene Schloß“.
2729 1693 3377 1759 Stückes im Interesse jedes Gem
710 1716 1727 1769 kommt, wobei der arme Barbier schlecht wegkommt.
1737 1729 2740 1791 Serie weiß das romantische komische Märchen „Alpen¬
2714 1744 3371 1812 der Familie bis zur Staatsgemei
715 1771 1728 1837 Der hockt freilich unter dem Tisch und sieht den Be¬
1717 1774 2641 1840 könig und Menschenfeind“ von Ferd. Raimund.
2711 1796 3366 1870 Lokalorganisation und die Beruf
710 1804 1740 1871 #trug seiner Frau mit an. Es kommt zum Tableau: er
1780 1836 3361 1902 ** Theater in der Riedenburg. Am Samstag den sen die Gelegenheit richt verstreich
716 1855 1737 1920 richtet sich plötzlich in Lebensgröße vor dem Herrn
1739 1867 3366 1953 22. Jänner, 8 Uhr abends, Premiere des Volksstückes dieses Stückes ihren Mitgliedern e
706 1909 1733 1969 Grafen aus. Er soll ihn rasieren und rasiert ihn auch.
1747 1939 3367 2008 „Ein Gerechter“ von Karl Bienenstein. — Sonntag fehlen. Wir wissen Herrn Direkt
709 1964 1739 2024 Eine spannende, eine feine Szene. Nanette muß ihn
1734 1989 3361 2058 nachmittags 3 Uhr „Nur zwei Gläschen“, Lustspiel in für die Aufführung, die recht z
705 2000 1736 2081 einseifen. Der Barbier schneidef ihm — nicht den Hals
1731 2029 2745 2087 einem Akt, nachher „Das Versprechen hinterm Herd“.
2737 2035 3375 2094 Mit einer Schärfe, die einigem
716 2050 1733 2114 ab. Sagt ihm bloß auf seine Art die Meinung und
1741 2077 2741 2134 Abends 8 Uhr „Ein Gerechter“. Bei allen Eintritts¬
2734 2087 3382 2148 Temperament überschäumte, aber
721 2104 1741 2163 rettet seine Ehre. damit ist die seiner Frau vertan.
1735 2124 2743 2205 karten ist nun ein Musikzuschlag von 20 h zu leisten.
2736 2127 3361 2197 chem Verstehen und Erbarmen h
708 2151 1735 2217 Auch beim Grafen. Er verabschiedet sich bei Nanette
2723 2173 3354 2250 hingestellt. Seine Frau Gerrit B
718 2202 1745 2279 mit diesen beißenden Worten, mit denen auch das
1788 2205 3365 2281 * Stadt-Theater hallein. „Die Schiffbrü= Dirnentypus natürliche maßvolle
711 2232 1755 2321 hübsche Stück schließt: „Bei den Grafen von Laon
1738 2270 3361 2339 schigen“, Drama in drei Akten von Eugen Brieux. wirkte das Spiel und das Ausseh
718 2295 1742 2351 haben die Hundejungen einen Festtag im Jahr. Da
2732 2324 3376 2383 [Vaal als Arbeiterin. Das Eh
1745 2327 2748 2386 Für die geistige und sittliche Gesundung unseres Vol¬
716 2341 1744 2430 dürfen sie sich besaufen und kriegen eine Dirne. (Ruft
1740 2354 3383 2444 kes, zur Herbeiführung eines natürlichen ausgegliche: Herrn Albin und Frl. Baue
719 2398 1176 2477 hinaus): Hundejunge.“
1738 2418 3385 2491 nen Wohlstandes ist es von Wichtigkeit und Bedeu= Frl. Grümer, die als Madam
1732 2469 3392 2532 jung. der Mitwelt die folgenschweren Schäden und das und herzliche Töne fand, rundeten
778 2546 3389 2596 Das Stück wurde ganz nett ge######rattorapenerregende Elend aller Volksseuchen, besonders Aus dem Rahmen fiel Herr Sch
731 2566 3391 2641 Ungar, die sich schauspielerisch wie eine Carmen ge- der noch immer so ohne Verstand und richtige Ein¬ als Laches Seine Fähigkeitenli
732 2637 3336 2692 habte, war als Nemette ganz Katze und Dirne, Herrs sicht gelästerten Geschlechtskrankheiten, aufzuzeigen. Gebiet. Frl. Loibner hat
730 2666 3387 2739 Forstner ein glauhgürdigen Graf von Laon, Herrf hierüber zielbemußte Aufklärung, die nolles Vertrauen ausgesehen und ebenso vortrefflich
731 2713 3361 2802 Brube ein elegisch=eifersüchtiger Barbier. Das Pub= gründen und ernste Abwehr schoffen soll, zu verbreiten. nung und Dummheit hergesagt.
730 2790 2787 2839 likum nahm die Nooität mit starkem Interesse und: Eugen Brieux hat diese große und schwere Aufgabe an
