3436 4256
282 142 543 215 Liebe
831 144 1272 236 box 13/4
275 202 722 259 „
227 423 482 484 Extralt de:
219 450 967 562 Achene . Mt ue U. Arna
539 518 906 623 2 9 MRs 1934
221 562 510 647 Date:
227 643 581 733 Slg## #
595 719 1029 781 LES BEAUX FILMS
606 765 1043 821 & Liebeleis à T’Odéon
280 778 1037 848 Dermisgquelque temps 1’4 Odéon, s’est
244 834 1031 895 fait uhegspécialité de nous présenter de
255 878 1029 924 forts beaux films; alnsi Marie-Louise,
258 909 1039 960 qui tintlaffiche pendant des semaines.
286 950 1040 996 Vendredi prochain nous aurons l’oc¬
256 970 1030 1030 casion Ge voir un autre film de toute
262 997 1034 1046 beauté qui Hoit également tenir l’affiche
248 1030 1032 1091 pendant des gemaines. A Paris et à Bru¬
264 1083 1035 1141 xelles, nous affirme-t-on son succès fut
261 1108 504 1154 inépuisable.
278 1129 1032 1192 Une première vision à Anvers pour
264 1165 1042 1235 quelques privilégiés, dont nous fümes,
257 1216 644 1259 nous a émervelllée.
287 1244 1035 1287 Tout contribue à rendre ce film inté¬
252 1274 1031 1333 ressant: la musique avec des entraman¬
254 1321 1027 1362 tes danses viennoises, l’action des artis¬
254 1354 795 1401 tes, de paysages superbes
273 1366 1027 1427 L’histoire pourtant est bien simple:
254 1413 1042 1475 Deux jeunes officiers assistent à une
255 1449 1030 1486 représentation de gala de l’Opéra hono¬
254 1478 901 1529 rée de la présence de l’empereur.
267 1507 1033 1572 Alleurs pieds choit une paire de jumel¬
237 1544 1030 1594 les qu'a laissé tomber la fille d’un des
245 1581 1032 1639 artistes de l’orchestre. Celle-ci vient ré¬
241 1613 1032 1678 clamer ses jumelles au concierge en
241 1647 1025 1701 présence d'un des officiers. Ce dernier
252 1685 1022 1732 emmène les jeunes filles au café ou nous
248 1715 1024 1781 voyons circuler les garçons avec leurs
254 1753 600 1805 tas de journaux.
267 1772 1039 1845 Les officiers se lient d’amitié avec les
247 1811 1028 1864 jeunes femmes, L’un d’eux rompt une
239 1853 1020 1912 liaison avec la femme d’un baron diplo¬
245 1893 1015 1941 mate qui malheureusement a été mis au
248 1929 1018 1986 courant de l'affaire et qui exige répara¬
245 1956 641 2010 tion par les armes.
272 1963 1030 2048 Entretemps nous assistons émerveil¬
242 2029 1018 2072 Iés à des exercices de cavalerie, des pro¬
253 2062 1022 2107 menades en traineau à travers les bois
252 2090 1022 2147 seintillants sous la neige. Nous parcou¬
243 2126 1018 2176 rons Vienne la nuit, assistons à des
239 2163 1012 2203 bals et des fétes, etc. Puis c’est le dé¬
235 2194 1022 2245 Inouement brusque et brutal: le duel.
237 2224 1022 2268 Lofficier est tue. Cela se passe au mo¬
239 2258 1018 2315 ment ou sa jeune amie vient d’être
251 2297 1013 2332 agréée comme artiste à l’opéra. Toute
240 2333 1007 2368 heureuse, elle se trouve dans l’apparte¬
241 2364 1016 2396 ment de l’officier quand son père vient
248 2400 852 2443 lui annoncer l’affreuse nouvelle.
257 2426 1021 2469 La malheureuse, accablée de douleur,
245 2465 1023 2501 ne veut pas survivre à son fiancé, qui
245 2499 1014 2543 lui avait juré un amour géternels et se
241 2531 1016 2579 suicide.,. Fin bien malheureuse d’un
247 2543 1027 2622 film excellent autrement sous tous le#
226 2594 427 2661 rappörts.
718 2842 1210 3028 6. blupnt, leng
617 2990 1106 3101 2 2.APR. 1934
326 3097 1368 3196 wd, Ken Jaendah
283 3197 1390 3257 Don Dienslag, den 24. bis Donnerstag, den 26. ds.
219 3250 1396 3309 Magda Schneiders Meisterleistung in Arthur Schnitzlers
219 3298 1411 3352 „Liebelei“. Luise Allrich ist durch ihre Leiftung in dem
212 3345 1384 3408 Trenker=Film „Der Rebell“ mit einem Schlage zu einem er¬
212 3392 1391 3442 klärten Liebling des Kinopublikums geworden. Sie findet in
205 3435 1393 3506 dem Tonsilm „Liebelei“, nach Arthur Schnitzlers unsterb¬
213 3481 1390 3556 lichem Meisterwerke. besondere Gelegenheit, um ihre Kunst
212 3536 1382 3587 in der Gestaltung zarter, liebenswürdiger Mädchen zu zei¬
214 3585 1396 3654 gen: sie spielt die Mizzi Schlager, das süße, etwas leichtsin¬
210 3630 1397 3706 nige Wiener Mädel. Die übrigen Rollen in dem Tonsilm
212 3679 1391 3739 „Liebelei“ sind mit Magda Schneider (Christl), Paul Hörbi¬
203 3720 1398 3790 ger (der alte Weyring), Willy Eichberger und Wolfgang
211 3777 1387 3841 Liebeneiner (Theobor Kaiser und Fritz Lobheimer), Gustar
214 3818 1028 3884 Gründgens und Olga Tschechowa besetzt.
1905 206 1983 280 □
2352 200 2806 308 DGSTHVER‘
2223 265 2448 352 Wien,
1926 302 1990 360 —
2550 300 2909 385 Gzeile Nr. 11
1886 350 1978 421 2
2328 346 2810 444 Telefon R-2 3.0. 42
1873 412 2026 495 4
2112 429 2759 535 Innviertier Nachrichten, Ried
1909 484 1962 520 F
1904 532 2849 644 Tehweer S. AK 935
1899 626 3006 734 Tonkino. Sonntag bringt das Eberschwanger
1810 664 3012 775 Tonkino den überaus spannenden Mädchenhändlerfilm
1809 726 2995 832 den jeder sehen soll. „Mädchenhändler an der Arbeit“
1796 771 3004 881 betitelt sich dieses vorzügliche Aufklärungswerk. Nie¬
1805 831 3004 924 mand versäume den Film. — Donnerstag (Christi
1804 873 3006 992 Himmelfahrt) gelangt der Schlagerfilm Liebelei mit
1798 933 2996 1022 Starbesetzung zur Aufführung. Der Fulm hatre bis¬
1790 973 2991 1076 her überall größten Erfolg gezeitigt. Magda Schneider,
1786 1019 2992 1118 Paul Hörbiger und Olga Tschechowa haben in diesem
1783 1054 2531 1165 Sefolgsfilm die Hauptrollen inne.
1801 1218 2692 1317 A PICCOLO DELLA SERA-THIESTE
2033 1452 2361 1552 1 8 LUG. 1984
1884 1593 2653 1697 Arte viennese a Parigi
2260 1671 2618 1735 PARIGI, luglio
1926 1710 2646 1775 Da „popelarità della musica, della
1898 1771 2635 1828 gwezta, dellespirito viennese comin¬
1889 1805 2627 1884 cio-Parigi tre anni or sono, per me¬
1897 1851 2638 1914 rito di un film di aggraziato ambien¬
1895 1892 2625 1968 te viennese, girato a Berlino: (Il Con¬
1889 1927 2630 1993 gresso si diverten, II valzer di Giovanni
1891 1982 2637 2033 Strauss, che accompagna Lilian Harvey
1889 2021 2642 2081 nella sua celebre corsa in carrozza,
1888 2065 2633 2121 fu ben presto cantato e fischiettato da
1889 2103 2648 2162 tutta la folla parigina. Poco dopo, a
1894 2150 2647 2226 rinfocolare gli entusiasmi, venne all
1882 2211 2641 2271 cavallino biancon, che ha raggiunto or¬
1892 2236 2637 2291 mai la eua novecentesima replica. Nes¬
1879 2279 2643 2358 suna propaganda, per quanto accorta¬
1879 2320 2651 2387 mente condotta, avrebbe potuto ottene¬
1897 2368 2648 2424 re si magnifici effetti. II valzer, il caf¬
1878 2412 2633 2474 fercon la panna montata, il cguglkupfn,
1900 2456 2651 2532 i monti e i boschi salisburghesi-tirolesi
1883 2497 2649 2560 costituiscono la scoperta piü recente
1897 2549 2166 2620 dei parigini.
1926 2568 2662 2649 In quest'ultimo anno, altri due film
1888 2634 2642 2702 hanno conquistato il pubblico: (Liebe¬
1886 2684 2643 2733 lein, tratto dall’omonima commedia di
1883 2720 2647 2796 Schnitzler, che noi conosciamo nella
1889 2764 2643 2818 pessima trädüzione di (Amanti folliy,
1874 2814 2643 2885 jeAngeli senza paradison, che nell’ori¬
1887 2844 2652 2919 (ginale si chiama press’a poco (Lievi
1901 2893 2648 2963 implorano le mie canzonis. Da ultimo
1912 2946 2645 2995 e venuto Max Reinhardt, il quale, con
1892 2991 2642 3036 Ia fantastica messinscena dello straus¬
1891 3021 2647 3088 siano (Pipistrellon al Teatro Pigalle,
1887 3068 2643 3131 ha completato l’opera di propaganda.
1926 3122 2649 3168 Fra i numerosi &Caffé viennesin e
1899 3155 2653 3211 „Restaurants viennesin sorti in vari
1909 3206 2646 3267 punti di Parigi, due sono i piü noti:
1893 3239 2653 3318 il Danubio blun e lo =Studio vienne¬
1903 3284 2643 3356 Isen, decorato da un pittore di Salisbur¬
1904 3331 2650 3400 go. Non manca nemmeno un cabaret,
1899 3375 2648 3442 dove tre volte la settimana, in una gal¬
1904 3420 2637 3487 leria di quadri, alcuni artisti esegui¬
1904 3451 2652 3524 scono rvariati programmi. Un attore
1905 3508 2649 3558 viennese, allievo di Hans Thimig, di¬
1910 3544 2652 3608 rige l’audace impresa, la quale ha per
1896 3597 2647 3650 scopo precipuo di venire in ainto agli
1910 3631 2659 3701 attori tedeschi, che hanno dovuto ri¬
1905 3677 2646 3739 fugiarsi all’estero, e da una vita bril¬
1905 3724 2657 3795 lante e ricca di soddisfazioni artisti¬
1911 3758 2658 3843 che, si son visti sbalzati a un tratto
1900 3810 2652 3878 nella piü completa miseria, II pubblico
1899 3856 2643 3905 francese frequenta volentieri questo
1895 3893 2646 3964 „Club degli artisti di Parigi-Viennan,
1896 3947 2648 4015 Iquantunque tutti vi recitinoe cantino
1896 3987 2466 4065 1prevalentemento in tedesco.
2275 4041 2319 4068 54
