3436 4320
416 202 746 270 Liebele
251 187 1370 316 5. box 12/7
1023 1100 1454 1190 Dr. Max ungkr.
360 1170 1506 1251 M Bochumer Stadttheater: „Liebelei" von Arthur
313 1212 1504 1287 Scuißler (Erstaufführung.) Fünfundzwanzig Jahre ist das
318 1250 1513 1332 Stück, itzlers Ruhm begründete, nun auch schon alt
898 1290 1508 1358 „ denn ein wenig verstaubt, ein
316 1315 827 1382 und hält sich noch. Noch
323 1336 1508 1412 Lißchen verblaßt muten diese Bilder aus dem „jungen Wien",
326 1391 1504 1445 diese graziösen Geschichten von leichtsinnigen jungen Leuten und
317 1405 1517 1490 sußen Mideln uns Heutige doch an. Zuviel Neues und Ge¬
320 1473 1522 1521 waltiges ist auf uns eingestürmt; die felne Kultur des alten Wien
316 1488 1521 1569 ist verfunken, und die Atmosphäre, der Duft, der in seiner so
330 1531 1523 1609 ganz auf Stimnung eingestellten, rein impressionistischen Kunst
349 1572 1526 1638 das Hauptmoment war, hat einen Stich ins Wehmütige, einen
295 1610 1527 1694 IWeigeschmack von Lavendel, schmerzlichem Verzicht und Nur¬
275 1697 416 1764 S
282 1730 1483 1802 Erinnerung bekommen. Soll sie stärkere Empfindungen in uns
1530 1738 1610 1812 8250
274 1779 1484 1861 wecken, so muß das Milien, müssen die Zeit= und Lokalfarben ge¬
269 1826 1487 1877 dämpft werden, das Veiwerk, das Einmalige und Zufällige un¬
275 1851 1486 1927 betont bleiben und das Allgemeingültige. Typische in den Vorder¬
1510 1846 1597 1916 8
277 1890 1483 1967 grund treten: hier in der „Liebelei“ das alltägliche tragische
1521 1911 1631 1982 2
287 1927 1488 2004 Schicksal des nais und wahrhaft liebenden Madchens, das sich nicht
280 1970 1487 2034 einzustellen vermag, das Liebelei mit Liebe verwechselt und
1528 1970 1635 2039 *
286 2008 1487 2078 vorum zugrunde gehl. In diesem Sinne schien auch die Spiel¬
1532 2034 1643 2114 22
286 2046 1492 2120 leitung Dr. Saladin Schmitts zu arbeiten; sie legte das
1566 2090 1599 2120 —
284 2091 1491 2164 Hauptgewicht auf die Heraushebung der eigentlichen Trugödis
292 2131 1498 2206 und wurde dalei unterstützt durch die über zeugungsstarke, reife
289 2164 1504 2243 Kunst der Hauptdarstellerin Magda Reichardt. Ihr
1609 2203 1644 2225 *
1537 2220 1645 2256 2
279 2209 1488 2279 Christine stammte aus dem Gefild, auf dem Goethes Guutchen
283 2240 1492 2314 und Klärchen wuchsen; sie streifte die Geltung einer Einzelper¬
292 2289 1499 2366 sönlichkeit ab und wurde zu einem halbumdämmerten, herb¬
1536 2281 1650 2370 *
296 2318 1494 2398 süßen, schlicht=holden Urbild, einer deutschen Volksgestalt
291 2360 1501 2440 schlechthin, echt und ergreifend in ihrer lantlosen Hingegebenseit
305 2401 1499 2483 wie im verzehrenden Hangen und Bungen und dem erschütternden
1534 2425 1644 2493 25
298 2440 1514 2521 Ausbruch des Schmerzes. Gewachsen in ihrer Kunst ist auch
290 2487 1475 2551 Maria Krahn. Ihre Mizzi war das „Veryälinis“, ipie es —
301 2508 1570 2597 na, sagen wir, im Buche steht, übersprudelnd munter, skrupello#
317 2577 872 2644 fesch und entzückend ordinär.
341 2610 1499 2697 + Musiknachrichten. Am 19 und 20. Juni wird in der
307 2653 1499 2743 städtischen Tonhalle zu Duisburg unter Leitung von ##f
305 2686 1609 2773 Walther. Josephson ein zweitägiges Bach=Beethoven¬ 2
298 2737 1499 2826 Brahms=Fest stattsinden. In dem 1. Konzeri gelangt u a
307 2777 1512 2860 die Nrunte Sinfome zur Aufführung. Das 2. Konzert (Sonntag
294 2815 1508 2885 vormittags) bringt vom Rosé Quartett gespielte Quarteite von
302 2872 1363 2962 Re#oven und Brahms und Lieder von Emmi Leisner.
1952 976 2866 1069 Schnitzler in Krasnojarsk.
1918 1049 2899 1129 Theater bei Pekkoleumbeleuchtung.
1894 1100 3021 1180 Heimkehrer erzählen von dem Theater, das unsre
1807 1141 3011 1220 Offiziere in ihrem Kriegsgefangenenlager des sibirischen
1801 1211 3015 1271 Krasnojarsk erbaut, eingerichtet und selbst betrieben haben.
1801 1250 3014 1314 Das Gebäude war selbstverständlich aus Holz. Die Beleuchtung
1809 1294 3003 1360 geschah mit Petroleumlampen, die, mit Rundbrennern aus¬
1801 1352 3027 1418 gestattet, für den festlich erhellten Schauplatz sorgten. Plakate,
1799 1390 3013 1479 Zettel und Eintrittskarten. hatten die Offiziere in ihrer
1806 1433 3013 1512 eigenen Druckerei hergestellt. Das Publikum kam in ganzen
1811 1472 3019 1559 Wagenkolonnen aus der Stadt Krasnojarsk. Oft sah man
1809 1534 3013 1593 den Gouverneur und höhere rüssische Offiziere mit ihren
1810 1575 3023 1640 Damen. Das Ewig=Weibliche war aber nur im Zuschauer¬
1806 1621 3018 1701 raum vertreten. Auf die Bühne durfte kein Mädchen, keine
1819 1666 3023 1747 Frau. Und so mußten unsre Offiziere, die auch die
1805 1714 3024 1780 Darsteller waren, die weiblichen wie die männlichen
1811 1740 3036 1838 Rollen selbst spielen. Kostüme, Perücken usw. wurden
2328 1859 2824 1917 mms
1800 1874 2113 1935 Kr
1927 1889 3139 1970 12. Desember 192(Neues Wiener Tagblatt. Wien
1797 1998 3006 2072 soweit man sie nicht im Lager improvisierte, vom Theater
1801 2062 2302 2127 in Krasnofarsk entlehmt.
1881 2076 3013 2156 Im Repertoire war Schnitzler allen voran. Es traf
1796 2138 3014 2196 sich, daß seine Stücke in der Lagerbibliothek aufgestellt waren,
1796 2194 3016 2260 sie befanden sich nämlich unter den — vorschriftsmäßig ohne
2334 2231 3018 2291 meinzelne Internierte gelangten
1792 2246 2306 2302 Deckel und Umschlag —
1798 2282 3017 2337 Liebesgaben. Schnitzler deutsch und Schnitzler (so „Anatol“)
1788 2335 3011 2387 ungarisch fanden das besondere Gefallen des Publikums, das
1788 2363 3016 2432 in der Hauptmasse aus den Kriegsgefangenen selbst bestand.
1801 2421 3037 2502 Es gab auch sehr animierte Aufführungen von „Liebelei“.
1808 2470 3014 2531 „Grüner Kakadu“ „Literatur“ Die Akteure, die wie gesagt,
1797 2500 3023 2570 auch für die Schauspielerinnen aufzukommen hatten, waren
1808 2564 3016 2622 teils Berufsschauspieler, wie die Oesterreicher Neumann¬
1805 2607 3022 2676 Nördlingen und Danny Brüll, teils Dilettanten, die ihre Sache
1803 2665 3026 2724 ganz famos machten. So der Damendarsteller Wirkner, ein
1811 2715 3021 2777 Pharmazeut aus Wien, der die Heimat nicht wieder sehen
1807 2752 3018 2800 sollte; im Februar 1920 ist er das Opfer einer jener
1808 2802 3025 2873 Epidemien geworden, die zeitweise so furchtbare Verheerungen
1812 2850 2829 2908 in den Reihen unsrer Kriegsgefangenen anrichteten.
1894 2892 3019 2948 Die Verrechnung der Einnahmen und Ausgaben war eine
1809 2939 3020 2989 peinlich genaue. Der Reinertrag war der Unterstützung kranker
1809 2979 3016 3047 und armer Kameraden gewidmet. Und damit dieser Reinertrag
1817 3040 3014 3085 ein möglichst großer werde, scheuten die Offizierskameraden —
1808 3082 3023 3140 nach dem demokratischen Grundsatze, daß jeder für jeden
1804 3118 3029 3186 arbeiten muß —, nicht davor zurück, als Zettel=, Zuckerl= und
1814 3166 2801 3236 Limonadenverkäufer im Theater Dienst zu machen.
2129 3250 2655 3353 Sanlor Aanhas
