3436 4256
410 211 827 289 Liebelei
269 218 834 340 8.
959 212 1381 318 box 11/1
2372 345 2964 536 ger Goldschng
2410 468 2757 568 4 Bureau für
2215 437 2376 562 Ot:
2946 471 3041 585 7
2287 538 2956 618 Zeitungsausschnitte und Verlag
2284 595 2951 675 der Wissenschaftlichen Revge.
2669 661 2797 707 A
2208 653 3085 750 BERLIN M. Augunsse 87 part.
2359 716 2903 787 Telephon Am III. No. 3051.
2767 765 3112 852 eenenenen
2479 812 2806 911 Ausschnitt
2104 811 2451 887 Teigramm-Aernen
2085 861 2455 939 G0LDSche DT. Augustatz. 8r.
2593 875 2686 959 Auc
2114 920 2186 965 —.
2373 1028 3048 1178 Luxemburgische Zeitung
2148 1094 2314 1259 0
2399 1501 2766 1618 Theater.
2463 1579 3120 1677 Luxemburg, 2. Dezember.
2060 1652 3128 1734 Für ein= Debüt war das= Schauspiel Liebelei“ von
2275 1729 2336 1767 111
2046 1710 3145 1809 Artaur Scter nicht glücklich gewählt. Die Handlung
2045 1766 3121 1847 langtenicht für drei Akte, die Voraussetzung ist ge¬
2041 1816 3153 1916 schraubt und die Konsequenz von übertriebener Tragik.
2029 1884 3131 1976 Und nichts geht dem . Zuschauer sso wider den Strich, wick
2033 1936 3144 2042 Tragik“ am unrechten Plätz., Mon  hat seine  Thräneu,
2027 2007 2680 2099 doch auch nicht gestöbleif.
2079 2053 3146 2131 Soviel über das Stück. Die Darsteller hatten zun
2032 2114 3143 2199 Teil unter dem Vergleich mit der Truppe Lugué=Poö's4
2041 2180 3135 2260 die am Freitag „Sapho“ herausgebracht hatte, zu leis
2045 2228 3130 2317 den. Es waren nicht so sehr Künstler, Individualitätens.
2040 2289 3126 2372 als Kunstrichtungen, die gegen einander abgewogen
2036 2367 3140 2445 wurden. Hier die Klassieität, die auch im modernen Kons
2040 2407 3132 2483 versationsstück nicht von. Kothurn heruntersteigt, dor
2043 2469 3145 2551 das Bestreben nach raffinirter Natürlichkeit in Wort und
2052 2526 3135 2614 Gebärde. Die tragödische Schule, in der Hr. Hacker
2049 2589 3127 2671 (Fritz) und Frl. Eichelsheim (Christine) groß geworden
2046 2641 3138 2734 sind, verfolgt Schönheitsideale, für die das hiesige Pue
2039 2704 3131 2789 blikum nur ein sehr bedingtes Verständnis hat. Durch
2049 2738 3148 2852 die Pariser Wandertruppen ist sein Geschmack anders
2047 2829 3153 2905 orientirt: man empfindet es als geschraubt, wenn in den¬
2052 2872 3153 2971 banalen Satz zes hat geklingelt“ derselbe Aufwand von¬
2041 2952 3150 3023 Styl und Schule gelegt wird, als ob darin die Erfül¬
2046 2998 3172 3081 lung einer großen Geschickes sich ausdrücken sollte Und!
2060 3059 3165 3171 ibeun nun=Nese ganze Kunst, die gewöhnt ist, sich in
2061 3138 3163 3211 antike Gewänder zu draviren und mit Schwert und
2063 3194 3169 3257 Dolch auf Du und Du nehi, in Gehrock und Cylinder
2063 3254 3151 3316 einberschreitet und sich von dem Hintergrunde eines mo¬
2066 3307 3159 3388 sderusten und alltäglichsten Milien abhebt, so fehlt dem
2074 3364 3154 3454 Ganzen erst recht die innere, künstlerische Einheit Wir
2074 3438 3148 3503 wollen uns daher heute absolnt kein Urteil darüber er¬
2063 3478 3169 3567 Klauben, wie von den Darmstädter Hofschauspielern die
2045 3537 3170 3630 heitere und die ernste, die moderne und die antike Kunst
2083 3605 3170 3684 jede getrennt zur Ausübztug gebracht werden. Man
2078 3656 3175 3753 hatte uns gesterneein Stück von der einen neben ein
2075 3722 3157 3799 Stück von der andern unvermit##t Uingetlebt, unid das
2079 3774 3178 3851 schnitt am besten natürlich die L#l#te ab, die in dem
2087 3839 3158 3919 Milien zulue war. Temgemeßurng das lustige Paar
2069 3886 3167 3972 Mizi=Dori (Frl. Grohe und Hr. Kre.semannt z. B. im
2033 3946 3161 4029 PersanAntum LonemamenmmnErfsig Rvon. Hr.
2083 4014 3163 4093 Kreidemmme in em trofflicher Vonvivant, dessen diskre¬
2065 4061 3158 4143 siem Splel eine geschmockvolle Ausiassung zugrunde lag.
