<?xml version="1.0" encoding="UTF-8" standalone="yes"?>
<PcGts xmlns="http://schema.primaresearch.org/PAGE/gts/pagecontent/2013-07-15" xmlns:xsi="http://www.w3.org/2001/XMLSchema-instance" xsi:schemaLocation="http://schema.primaresearch.org/PAGE/gts/pagecontent/2013-07-15 http://schema.primaresearch.org/PAGE/gts/pagecontent/2013-07-15/pagecontent.xsd">
    <Metadata>
        <Creator>prov=University of Rostock/Institute of Mathematics/CITlab/Gundram Leifert/gundram.leifert@uni-rostock.de:name=ONB_Newseye_GT_M1+(htr_id=10810)::::v=2.4.2
prov=University of Rostock/Institute of Mathematics/CITlab/Tobias Gruening/tobias.gruening@uni-rostock.de:name=de.uros.citlab.module.baseline2polygon.B2PSeamMultiOriented:v=2.4.2
prov=University of Rostock/Institute of Mathematics/CITlab/Tobias Gruening/tobias.gruening@uni-rostock.de:name=/mnt/transkribus/LA/DEA/URO/LA_news_onb_att.pb:de.uros.citlab.segmentation.CITlab_LA_ML:v=2.4.2
Transkribus</Creator>
        <Created>2019-10-07T11:50:41.602+02:00</Created>
        <LastChange>2019-10-09T01:42:46.384+02:00</LastChange>
        <TranskribusMetadata docId="223992" pageId="9506923" pageNr="281" tsid="16618546" status="IN_PROGRESS" userId="40391" imgUrl="https://files.transkribus.eu/Get?id=PTRLJUGQCCGCXAEFMBBHEMMF&amp;fileType=view" xmlUrl="https://files.transkribus.eu/Get?id=UWNDDDTPRCHOMNNVYWKVZPVS" imageId="6196754"/>
    </Metadata>
    <Page imageFilename="223992_0281.jpeg" imageWidth="3484" imageHeight="4224">
        <ReadingOrder>
            <OrderedGroup id="ro_1711445754605" caption="Regions reading order">
                <RegionRefIndexed index="0" regionRef="r1"/>
                <RegionRefIndexed index="1" regionRef="r2"/>
                <RegionRefIndexed index="2" regionRef="r3"/>
            </OrderedGroup>
        </ReadingOrder>
        <TextRegion orientation="0.0" id="r1" custom="readingOrder {index:0;}">
            <Coords points="241,4 241,156 289,156 289,4"/>
            <TextLine id="r1l1" custom="readingOrder {index:0;}">
                <Coords points="231,135 242,134 264,115 275,123 284,118 298,119 302,34 291,33 274,18 258,21 253,17 248,19 237,16"/>
                <Baseline points="241,104 289,106"/>
                <TextEquiv>
                    <Unicode>0</Unicode>
                </TextEquiv>
            </TextLine>
            <TextEquiv>
                <Unicode>0</Unicode>
            </TextEquiv>
        </TextRegion>
        <TextRegion orientation="0.0" id="r2" custom="readingOrder {index:1;}">
            <Coords points="332,226 332,3472 2587,3472 2587,226"/>
            <TextLine id="r2l1" custom="readingOrder {index:0;}">
                <Coords points="492,258 545,255 568,262 589,254 614,263 685,253 722,265 721,213 648,191 627,199 604,196 587,207 551,186 535,193 521,183 490,182"/>
                <Baseline points="500,251 526,252 553,252 580,251 607,250 633,249 660,249 687,249 714,250"/>
                <TextEquiv>
                    <Unicode>Liebe</Unicode>
                </TextEquiv>
            </TextLine>
            <TextLine id="r2l2" custom="readingOrder {index:1;}">
                <Coords points="323,253 595,317 713,283 1043,311 1091,272 1144,312 1199,280 1470,285 1470,191 1426,184 1025,197 956,233 842,170 694,257 504,249 403,180 323,219"/>
                <Baseline points="332,246 388,255 445,263 501,268 558,272 614,275 671,276 727,276 784,276 840,274 897,273 953,271 1010,268 1066,266 1123,264 1179,263 1236,261 1292,261 1349,262 1405,263 1462,267"/>
                <TextEquiv>
                    <Unicode>5. „lei box 10/3</Unicode>
                </TextEquiv>
            </TextLine>
            <TextLine id="r2l3" custom="readingOrder {index:2;}">
                <Coords points="1457,1048 1514,1077 1602,1049 1760,1067 1854,1046 1929,1066 2088,1039 2147,1058 2146,1000 1747,987 1696,1011 1578,989 1456,1014"/>
                <Baseline points="1465,1047 1498,1046 1532,1046 1565,1046 1599,1046 1633,1045 1666,1045 1700,1045 1733,1044 1767,1044 1801,1044 1834,1043 1868,1043 1901,1042 1935,1042 1969,1041 2002,1040 2036,1040 2069,1039 2103,1038 2137,1037"/>
                <TextEquiv>
                    <Unicode>Die Berliner Theatersaison 1895/96.</Unicode>
                </TextEquiv>
            </TextLine>
            <TextLine id="r2l4" custom="readingOrder {index:3;}">
                <Coords points="1092,1084 1102,1084 1111,1092 1125,1081 1131,1085 1146,1081 1159,1089 1168,1083 1186,1087 1205,1068 1221,1071 1219,1023 1210,1024 1198,1013 1191,1019 1147,985 1132,994 1089,1002"/>
                <Baseline points="1100,1066 1128,1061 1156,1059 1184,1060 1212,1062"/>
                <TextEquiv>
                    <Unicode>500</Unicode>
                </TextEquiv>
            </TextLine>
            <TextLine id="r2l5" custom="readingOrder {index:4;}">
                <Coords points="1100,1151 2513,1138 2511,1066 1099,1109"/>
                <Baseline points="1109,1158 1178,1159 1248,1159 1318,1158 1387,1157 1457,1156 1527,1154 1596,1153 1666,1151 1736,1149 1806,1146 1875,1144 1945,1142 2015,1139 2084,1137 2154,1135 2224,1134 2293,1132 2363,1131 2433,1130 2503,1130"/>
                <TextEquiv>
                    <Unicode>Behandlung der Prosa sehr verschieden. Hauptmann bemüht sich,</Unicode>
                </TextEquiv>
            </TextLine>
            <TextLine id="r2l6" custom="readingOrder {index:5;}">
                <Coords points="1109,1232 2520,1199 2519,1151 2314,1141 1108,1181"/>
                <Baseline points="1117,1216 1186,1217 1256,1217 1326,1217 1395,1217 1465,1216 1535,1214 1604,1213 1674,1211 1744,1209 1814,1207 1883,1205 1953,1203 2023,1200 2092,1198 2162,1196 2232,1194 2301,1193 2371,1191 2441,1190 2511,1189"/>
                <TextEquiv>
                    <Unicode>seine Bauern, Bürger, Ritter, Pfaffen von 1525 so sprechen zu</Unicode>
                </TextEquiv>
            </TextLine>
            <TextLine id="r2l7" custom="readingOrder {index:6;}">
                <Coords points="1095,1278 2441,1273 2515,1263 2514,1201 1094,1244"/>
                <Baseline points="1105,1278 1175,1277 1245,1276 1315,1275 1385,1275 1455,1274 1525,1272 1595,1271 1665,1270 1735,1269 1805,1267 1875,1265 1945,1263 2015,1261 2085,1259 2155,1257 2225,1254 2295,1251 2365,1249 2435,1246 2505,1242"/>
                <TextEquiv>
                    <Unicode>lassen, wie er denkt, daß sie damals in Wirklichkeit sprachen. Aus</Unicode>
                </TextEquiv>
            </TextLine>
            <TextLine id="r2l8" custom="readingOrder {index:7;}">
                <Coords points="1106,1353 2510,1317 2508,1253 1105,1314"/>
                <Baseline points="1115,1336 1184,1335 1253,1334 1322,1333 1392,1332 1461,1331 1530,1330 1600,1329 1669,1328 1738,1326 1808,1325 1877,1323 1946,1322 2015,1320 2085,1318 2154,1316 2223,1314 2293,1311 2362,1308 2431,1304 2501,1301"/>
                <TextEquiv>
                    <Unicode>urkundlichen Ueberresten der damaligen Zeit, aus den Volksmund¬</Unicode>
                </TextEquiv>
            </TextLine>
            <TextLine id="r2l9" custom="readingOrder {index:8;}">
                <Coords points="1102,1401 2447,1386 2525,1372 2524,1315 1101,1359"/>
                <Baseline points="1111,1397 1181,1395 1251,1393 1321,1391 1391,1390 1462,1388 1532,1387 1602,1385 1672,1384 1742,1383 1813,1382 1883,1380 1953,1379 2023,1377 2093,1376 2164,1374 2234,1372 2304,1370 2374,1368 2444,1366 2515,1363"/>
                <TextEquiv>
                    <Unicode>arten, die heute um Würzburg, Rotenburg, Schweinfurt gesprochen</Unicode>
                </TextEquiv>
            </TextLine>
            <TextLine id="r2l10" custom="readingOrder {index:9;}">
                <Coords points="1107,1450 2520,1444 2518,1383 2371,1376 1106,1420"/>
                <Baseline points="1116,1456 1185,1454 1255,1452 1325,1450 1394,1448 1464,1446 1534,1445 1603,1443 1673,1442 1743,1440 1813,1438 1882,1437 1952,1436 2022,1434 2091,1433 2161,1432 2231,1430 2300,1428 2370,1427 2440,1425 2510,1424"/>
                <TextEquiv>
                    <Unicode>werden, bildete Hauptmann einen Stil, dessen philologische Berech¬</Unicode>
                </TextEquiv>
            </TextLine>
            <TextLine id="r2l11" custom="readingOrder {index:10;}">
                <Coords points="1107,1522 2318,1514 2507,1484 2529,1442 1106,1491"/>
                <Baseline points="1116,1518 1186,1516 1256,1514 1326,1512 1396,1510 1467,1508 1537,1506 1607,1505 1677,1502 1747,1501 1818,1499 1888,1497 1958,1495 2028,1493 2098,1491 2169,1489 2239,1488 2309,1485 2379,1483 2449,1482 2520,1480"/>
                <TextEquiv>
                    <Unicode>tigung vielfach angefochten ist, der den Schauspielern Schwierigkeit</Unicode>
                </TextEquiv>
            </TextLine>
            <TextLine id="r2l12" custom="readingOrder {index:11;}">
                <Coords points="1104,1573 2515,1560 2526,1512 1103,1542"/>
                <Baseline points="1113,1575 1183,1573 1253,1571 1323,1570 1394,1568 1464,1567 1534,1565 1605,1564 1675,1562 1745,1560 1816,1559 1886,1558 1956,1556 2026,1554 2097,1552 2167,1551 2237,1549 2308,1547 2378,1545 2448,1543 2519,1541"/>
                <TextEquiv>
                    <Unicode>machte und dem Publikum hart ins Ohr fiel. Gewiß ist Hauptmann</Unicode>
                </TextEquiv>
            </TextLine>
            <TextLine id="r2l13" custom="readingOrder {index:12;}">
                <Coords points="1112,1639 2511,1618 2527,1559 1111,1588"/>
                <Baseline points="1121,1634 1190,1632 1260,1630 1330,1629 1400,1627 1470,1626 1540,1624 1610,1622 1680,1621 1750,1618 1820,1617 1889,1615 1959,1613 2029,1611 2099,1609 2169,1607 2239,1605 2309,1603 2379,1601 2449,1599 2519,1597"/>
                <TextEquiv>
                    <Unicode>als Laie vor Verstößen gegen Syntax und Formlehre nicht sicher</Unicode>
                </TextEquiv>
            </TextLine>
            <TextLine id="r2l14" custom="readingOrder {index:13;}">
                <Coords points="1112,1700 2244,1693 2520,1661 2519,1620 1111,1660"/>
                <Baseline points="1120,1695 1189,1692 1259,1690 1328,1688 1398,1685 1468,1683 1537,1681 1607,1679 1676,1677 1746,1675 1816,1674 1885,1672 1955,1670 2024,1669 2094,1668 2164,1667 2233,1665 2303,1664 2372,1663 2442,1662 2512,1662"/>
                <TextEquiv>
                    <Unicode>gewesen; so mancher Germanist könnte ihm das Konzept korrigiren.</Unicode>
                </TextEquiv>
            </TextLine>
            <TextLine id="r2l15" custom="readingOrder {index:14;}">
                <Coords points="1113,1759 2419,1743 2524,1724 2523,1678 1112,1715"/>
                <Baseline points="1122,1752 1191,1750 1261,1748 1330,1746 1400,1744 1470,1742 1539,1741 1609,1739 1679,1738 1748,1736 1818,1735 1888,1734 1957,1732 2027,1731 2097,1730 2166,1728 2236,1727 2306,1725 2375,1723 2445,1721 2515,1719"/>
                <TextEquiv>
                    <Unicode>Aber seine Sätze stehn wie in Erz gehauen da. Seine Worte sind</Unicode>
                </TextEquiv>
            </TextLine>
            <TextLine id="r2l16" custom="readingOrder {index:15;}">
                <Coords points="1115,1809 2286,1809 2522,1789 2521,1745 1114,1776"/>
                <Baseline points="1124,1810 1193,1808 1262,1805 1332,1804 1401,1802 1471,1800 1540,1799 1609,1797 1679,1796 1748,1794 1818,1793 1887,1792 1956,1790 2026,1789 2095,1787 2165,1785 2234,1784 2303,1782 2373,1780 2442,1777 2512,1775"/>
                <TextEquiv>
                    <Unicode>von Kraft voll. Aus der Derbheit des Tones dringen alle Re¬</Unicode>
                </TextEquiv>
            </TextLine>
            <TextLine id="r2l17" custom="readingOrder {index:16;}">
                <Coords points="1121,1887 2434,1859 2538,1844 2537,1782 1119,1820"/>
                <Baseline points="1130,1872 1203,1869 1277,1866 1350,1864 1424,1861 1498,1859 1571,1857 1645,1856 1719,1854 1792,1852 1866,1851 1939,1850 2013,1848 2087,1847 2160,1845 2234,1843 2308,1841 2381,1839 2455,1836 2529,1834"/>
                <TextEquiv>
                    <Unicode>gungen der menschlichen Brust hervor. Der Stil ist phrasenlos</Unicode>
                </TextEquiv>
            </TextLine>
            <TextLine id="r2l18" custom="readingOrder {index:17;}">
                <Coords points="1127,1932 2539,1899 2461,1841 1126,1893"/>
                <Baseline points="1136,1930 1205,1928 1275,1926 1345,1923 1414,1921 1484,1919 1554,1918 1623,1916 1693,1914 1763,1912 1833,1910 1902,1908 1972,1906 2042,1905 2111,1904 2181,1902 2251,1901 2320,1899 2390,1899 2460,1898 2530,1897"/>
                <TextEquiv>
                    <Unicode>und urwüchsig. Trotzdem hat man das Bemühn des Dichters, der</Unicode>
                </TextEquiv>
            </TextLine>
            <TextLine id="r2l19" custom="readingOrder {index:18;}">
                <Coords points="1125,2002 2537,1955 2497,1898 1124,1946"/>
                <Baseline points="1134,1985 1203,1984 1273,1983 1343,1982 1412,1981 1482,1979 1552,1978 1621,1976 1691,1974 1761,1972 1831,1970 1900,1968 1970,1966 2040,1964 2109,1962 2179,1960 2249,1959 2318,1958 2388,1956 2458,1955 2528,1954"/>
                <TextEquiv>
                    <Unicode>besondern Zeit auch sprachlich ein besondres Kleid zu geben, grund¬</Unicode>
                </TextEquiv>
            </TextLine>
            <TextLine id="r2l20" custom="readingOrder {index:19;}">
                <Coords points="1121,2044 2524,2040 2522,1978 2406,1965 1120,1998"/>
                <Baseline points="1130,2048 1199,2046 1268,2044 1337,2042 1406,2040 1476,2038 1545,2036 1614,2035 1683,2033 1752,2031 1822,2029 1891,2027 1960,2025 2029,2024 2098,2022 2168,2020 2237,2019 2306,2017 2375,2016 2444,2015 2514,2013"/>
                <TextEquiv>
                    <Unicode>sätzlich verworfen. Man meinte, mit demselben Recht könnte Wilden¬</Unicode>
                </TextEquiv>
            </TextLine>
            <TextLine id="r2l21" custom="readingOrder {index:20;}">
                <Coords points="1131,2119 2519,2092 2539,2040 1130,2075"/>
                <Baseline points="1140,2106 1209,2104 1279,2103 1348,2101 1418,2100 1487,2098 1557,2096 1626,2094 1696,2092 1765,2090 1835,2089 1905,2087 1974,2086 2044,2084 2113,2082 2183,2081 2252,2079 2322,2078 2391,2077 2461,2076 2531,2075"/>
                <TextEquiv>
                    <Unicode>bruch seinen Heinrich den Vierten, seinen Gregor den Siebenten,</Unicode>
                </TextEquiv>
            </TextLine>
            <TextLine id="r2l22" custom="readingOrder {index:21;}">
                <Coords points="1129,2176 2548,2140 2547,2090 2446,2084 1128,2124"/>
                <Baseline points="1138,2166 1208,2163 1278,2161 1348,2159 1418,2157 1488,2155 1558,2153 1628,2151 1698,2149 1768,2148 1838,2146 1908,2144 1978,2142 2048,2141 2118,2139 2188,2138 2258,2136 2328,2135 2398,2133 2468,2131 2539,2130"/>
                <TextEquiv>
                    <Unicode>seinen Hugo von Cluny mittelhochdeutsch, also für unser heutiges</Unicode>
                </TextEquiv>
            </TextLine>
            <TextLine id="r2l23" custom="readingOrder {index:22;}">
                <Coords points="1133,2235 2450,2211 2540,2143 1131,2178"/>
                <Baseline points="1142,2227 1211,2223 1281,2221 1350,2218 1420,2216 1489,2214 1559,2212 1628,2210 1698,2209 1767,2208 1837,2206 1906,2205 1976,2204 2045,2203 2115,2201 2184,2199 2254,2198 2323,2195 2393,2193 2462,2190 2532,2187"/>
                <TextEquiv>
                    <Unicode>Theaterpublikum unverständlich, reden lassen. Derlei Konsequenzen¬</Unicode>
                </TextEquiv>
            </TextLine>
            <TextLine id="r2l24" custom="readingOrder {index:23;}">
                <Coords points="1120,2285 2359,2283 2541,2266 2540,2206 1119,2247"/>
                <Baseline points="1129,2285 1199,2282 1269,2280 1339,2278 1409,2275 1479,2274 1549,2272 1619,2270 1689,2268 1759,2266 1830,2265 1900,2263 1970,2262 2040,2260 2110,2259 2180,2257 2250,2256 2320,2254 2390,2252 2460,2251 2531,2249"/>
                <TextEquiv>
                    <Unicode>zieherei ist pedantisch. Die deutsche Sprache des elften Jahrhunderts</Unicode>
                </TextEquiv>
            </TextLine>
            <TextLine id="r2l25" custom="readingOrder {index:24;}">
                <Coords points="1127,2357 2548,2317 2547,2267 2254,2260 1126,2299"/>
                <Baseline points="1135,2343 1205,2341 1275,2339 1345,2337 1415,2335 1486,2333 1556,2332 1626,2331 1696,2329 1766,2328 1837,2327 1907,2325 1977,2324 2047,2322 2117,2320 2188,2318 2258,2316 2328,2314 2398,2311 2468,2308 2539,2304"/>
                <TextEquiv>
                    <Unicode>ist für uns todt, die Sprache des sechzehnten ist, in unsrer eignen</Unicode>
                </TextEquiv>
            </TextLine>
            <TextLine id="r2l26" custom="readingOrder {index:25;}">
                <Coords points="1138,2413 2377,2390 2546,2373 2545,2318 1137,2379"/>
                <Baseline points="1147,2399 1216,2398 1286,2397 1355,2396 1425,2395 1494,2393 1564,2392 1633,2390 1703,2388 1772,2386 1842,2385 1911,2383 1981,2381 2050,2379 2120,2377 2189,2376 2259,2374 2328,2373 2398,2372 2467,2370 2537,2369"/>
                <TextEquiv>
                    <Unicode>entwickelt, lebendig geblieben. Der Niblunge Not müssen die</Unicode>
                </TextEquiv>
            </TextLine>
            <TextLine id="r2l27" custom="readingOrder {index:26;}">
                <Coords points="1126,2465 2537,2438 2535,2374 2489,2371 1125,2413"/>
                <Baseline points="1135,2456 1204,2456 1274,2455 1343,2454 1413,2453 1483,2451 1552,2450 1622,2448 1692,2446 1761,2444 1831,2442 1901,2441 1970,2439 2040,2437 2110,2436 2179,2434 2249,2433 2319,2432 2388,2431 2458,2431 2528,2430"/>
                <TextEquiv>
                    <Unicode>Studenten lesen lernen, wie Quartaner ihren Cornelius Nepos;</Unicode>
                </TextEquiv>
            </TextLine>
            <TextLine id="r2l28" custom="readingOrder {index:27;}">
                <Coords points="1126,2526 2552,2483 2551,2439 2476,2430 1125,2471"/>
                <Baseline points="1135,2517 1205,2516 1275,2514 1346,2512 1416,2511 1487,2510 1557,2509 1627,2508 1698,2506 1768,2505 1839,2503 1909,2502 1979,2500 2050,2499 2120,2497 2191,2495 2261,2493 2331,2491 2402,2489 2472,2486 2543,2483"/>
                <TextEquiv>
                    <Unicode>Luthers Bibel kann noch heute, wie ihr Gebetbuch, jedes alte</Unicode>
                </TextEquiv>
            </TextLine>
            <TextLine id="r2l29" custom="readingOrder {index:28;}">
                <Coords points="1132,2581 2488,2564 2548,2556 2547,2501 1131,2538"/>
                <Baseline points="1141,2575 1210,2574 1280,2574 1350,2572 1420,2571 1490,2570 1560,2568 1630,2567 1700,2565 1770,2564 1840,2562 1909,2560 1979,2559 2049,2557 2119,2555 2189,2553 2259,2552 2329,2550 2399,2548 2469,2547 2539,2545"/>
                <TextEquiv>
                    <Unicode>Mütterlein lesen. Zu beiden Entwicklungsstufen unsrer Sprache</Unicode>
                </TextEquiv>
            </TextLine>
            <TextLine id="r2l30" custom="readingOrder {index:29;}">
                <Coords points="1126,2629 2553,2608 2522,2553 1125,2583"/>
                <Baseline points="1136,2638 1206,2637 1276,2635 1347,2634 1417,2632 1488,2630 1558,2628 1628,2625 1699,2623 1769,2621 1840,2619 1910,2617 1980,2615 2051,2613 2121,2612 2192,2611 2262,2610 2332,2609 2403,2609 2473,2609 2544,2610"/>
                <TextEquiv>
                    <Unicode>steht unsre Zeit in einem andern Verhältniß. Was Hauptmann</Unicode>
                </TextEquiv>
            </TextLine>
            <TextLine id="r2l31" custom="readingOrder {index:30;}">
                <Coords points="1136,2696 2494,2683 2553,2630 1135,2664"/>
                <Baseline points="1144,2698 1214,2696 1284,2694 1354,2692 1424,2690 1494,2688 1564,2686 1634,2684 1704,2682 1774,2679 1844,2677 1914,2676 1984,2674 2054,2672 2124,2671 2194,2670 2264,2669 2334,2668 2404,2667 2474,2667 2545,2667"/>
                <TextEquiv>
                    <Unicode>versuchen durfte, wäre für Wildenbruch ein Ding der Unmöglichkeit</Unicode>
                </TextEquiv>
            </TextLine>
            <TextLine id="r2l32" custom="readingOrder {index:31;}">
                <Coords points="1145,2763 2368,2748 2564,2732 2563,2682 1144,2733"/>
                <Baseline points="1154,2757 1224,2755 1294,2753 1364,2751 1434,2749 1504,2747 1574,2746 1644,2744 1714,2742 1784,2740 1854,2738 1924,2736 1994,2734 2064,2733 2134,2731 2204,2730 2274,2729 2344,2727 2414,2726 2484,2725 2555,2724"/>
                <TextEquiv>
                    <Unicode>gewesen. Wohl aber hätte auch Wildenbruch seiner Sprache einen</Unicode>
                </TextEquiv>
            </TextLine>
            <TextLine id="r2l33" custom="readingOrder {index:32;}">
                <Coords points="1138,2835 2504,2799 2555,2789 2554,2729 1136,2773"/>
                <Baseline points="1146,2815 1216,2813 1286,2811 1356,2808 1426,2807 1496,2805 1566,2803 1636,2801 1706,2800 1776,2798 1846,2797 1916,2795 1986,2794 2056,2793 2126,2791 2196,2789 2266,2788 2336,2786 2406,2784 2476,2782 2546,2780"/>
                <TextEquiv>
                    <Unicode>Schein von Realität retten können. Eben die ältere dramatische</Unicode>
                </TextEquiv>
            </TextLine>
            <TextLine id="r2l34" custom="readingOrder {index:33;}">
                <Coords points="1139,2881 2564,2838 2526,2794 2329,2788 1139,2840"/>
                <Baseline points="1148,2876 1218,2873 1288,2870 1359,2867 1429,2864 1499,2862 1570,2860 1640,2858 1710,2857 1781,2856 1851,2854 1921,2853 1992,2852 2062,2851 2132,2849 2203,2848 2273,2847 2343,2845 2414,2843 2484,2841 2555,2839"/>
                <TextEquiv>
                    <Unicode>Kunst giebt ihm dafür glänzende Vorbilder, das glänzendste Goethes</Unicode>
                </TextEquiv>
            </TextLine>
            <TextLine id="r2l35" custom="readingOrder {index:34;}">
                <Coords points="1143,2959 2557,2908 2543,2837 1142,2904"/>
                <Baseline points="1151,2934 1220,2932 1290,2930 1360,2927 1430,2925 1500,2923 1569,2921 1639,2920 1709,2918 1779,2916 1849,2915 1918,2913 1988,2912 2058,2910 2128,2909 2198,2908 2267,2907 2337,2906 2407,2905 2477,2904 2547,2903"/>
                <TextEquiv>
                    <Unicode>„Egmont“. Wildenbruch hat seine Diktion durch Ueberschwang</Unicode>
                </TextEquiv>
            </TextLine>
            <TextLine id="r2l36" custom="readingOrder {index:35;}">
                <Coords points="1154,3002 2552,2957 2550,2909 2354,2906 1702,2958 1152,2938"/>
                <Baseline points="1162,2992 1231,2991 1300,2989 1369,2987 1438,2985 1507,2983 1576,2981 1645,2978 1714,2976 1783,2974 1852,2972 1921,2970 1990,2968 2059,2967 2128,2965 2197,2964 2266,2963 2335,2963 2404,2962 2473,2962 2542,2962"/>
                <TextEquiv>
                    <Unicode>deklamatorisch geschwellt. Seine Personen reden einander im „O</Unicode>
                </TextEquiv>
            </TextLine>
            <TextLine id="r2l37" custom="readingOrder {index:36;}">
                <Coords points="1150,3049 2567,3017 2451,2958 1149,3006"/>
                <Baseline points="1158,3047 1228,3046 1298,3045 1368,3043 1438,3042 1508,3040 1578,3038 1648,3037 1718,3035 1788,3033 1858,3031 1928,3030 1998,3028 2068,3027 2138,3025 2208,3023 2278,3022 2348,3021 2418,3020 2488,3019 2558,3018"/>
                <TextEquiv>
                    <Unicode>du, der du“=Stile an. Wie er sie sprechen läßt, so sprach zu keiner</Unicode>
                </TextEquiv>
            </TextLine>
            <TextLine id="r2l38" custom="readingOrder {index:37;}">
                <Coords points="1144,3129 2526,3091 2560,3042 1142,3065"/>
                <Baseline points="1153,3109 1226,3108 1300,3107 1373,3106 1447,3104 1521,3102 1594,3100 1668,3097 1742,3094 1815,3092 1889,3090 1962,3087 2036,3085 2110,3082 2183,3081 2257,3079 2331,3078 2404,3077 2478,3077 2552,3078"/>
                <TextEquiv>
                    <Unicode>Zeit ein Mensch. Wer den „Florian Geyer“ liest, dem nageln sich</Unicode>
                </TextEquiv>
            </TextLine>
            <TextLine id="r2l39" custom="readingOrder {index:38;}">
                <Coords points="1149,3170 2454,3159 2565,3135 2564,3096 1148,3135"/>
                <Baseline points="1158,3168 1227,3168 1297,3166 1367,3165 1437,3163 1507,3161 1577,3159 1647,3157 1717,3155 1787,3152 1857,3150 1926,3147 1996,3146 2066,3143 2136,3142 2206,3140 2276,3139 2346,3138 2416,3137 2486,3137 2556,3138"/>
                <TextEquiv>
                    <Unicode>unzählige, fest gefügte, gedrungne, wuchtige Worte ins Gedächtniß</Unicode>
                </TextEquiv>
            </TextLine>
            <TextLine id="r2l40" custom="readingOrder {index:39;}">
                <Coords points="1154,3245 2570,3195 2569,3156 2430,3142 1153,3183"/>
                <Baseline points="1163,3224 1232,3224 1302,3223 1372,3222 1442,3221 1512,3220 1582,3218 1652,3216 1722,3214 1792,3212 1862,3210 1931,3208 2001,3206 2071,3204 2141,3202 2211,3200 2281,3199 2351,3197 2421,3196 2491,3195 2561,3194"/>
                <TextEquiv>
                    <Unicode>ein. Wildenbruchs „König Heinrich“ dagegen hinterläßt im Gehör¬</Unicode>
                </TextEquiv>
            </TextLine>
            <TextLine id="r2l41" custom="readingOrder {index:40;}">
                <Coords points="1149,3288 2078,3284 2139,3240 1663,3219 1148,3258"/>
                <Baseline points="1157,3287 1205,3284 1254,3282 1303,3280 1351,3278 1400,3277 1449,3276 1497,3275 1546,3274 1595,3273 1644,3272 1692,3272 1741,3271 1790,3270 1838,3269 1887,3268 1936,3266 1984,3265 2033,3263 2082,3261 2131,3259"/>
                <TextEquiv>
                    <Unicode>gang ein unbestimmtes Rauschen und Sausen.</Unicode>
                </TextEquiv>
            </TextLine>
            <TextLine id="r2l42" custom="readingOrder {index:41;}">
                <Coords points="1251,3350 2560,3331 2575,3267 1249,3297"/>
                <Baseline points="1260,3340 1325,3338 1390,3336 1456,3334 1521,3333 1586,3331 1652,3330 1717,3329 1782,3328 1848,3327 1913,3326 1978,3324 2044,3323 2109,3322 2174,3320 2240,3318 2305,3316 2370,3313 2436,3310 2501,3306 2567,3302"/>
                <TextEquiv>
                    <Unicode>Aehnlich wie mit der Sprache steht es mit der Charakteristik</Unicode>
                </TextEquiv>
            </TextLine>
            <TextLine id="r2l43" custom="readingOrder {index:42;}">
                <Coords points="1160,3416 2572,3359 2539,3320 1159,3354"/>
                <Baseline points="1169,3396 1238,3397 1308,3398 1378,3398 1447,3398 1517,3397 1587,3396 1656,3394 1726,3392 1796,3391 1866,3388 1935,3386 2005,3384 2075,3381 2144,3379 2214,3377 2284,3375 2353,3373 2423,3371 2493,3369 2563,3368"/>
                <TextEquiv>
                    <Unicode>der Personen, die das Zeitbild geben sollen. Jedes historische</Unicode>
                </TextEquiv>
            </TextLine>
            <TextLine id="r2l44" custom="readingOrder {index:43;}">
                <Coords points="1161,3479 2547,3458 2595,3386 1395,3402 1336,3441 1159,3407"/>
                <Baseline points="1170,3457 1240,3457 1311,3458 1382,3458 1453,3457 1524,3456 1595,3456 1665,3454 1736,3453 1807,3451 1878,3449 1949,3447 2020,3445 2091,3443 2161,3440 2232,3437 2303,3435 2374,3432 2445,3429 2516,3426 2587,3423"/>
                <TextEquiv>
                    <Unicode>Drama wird sich den Maßstab der historischen Forschung müssen</Unicode>
                </TextEquiv>
            </TextLine>
            <TextEquiv>
                <Unicode>Liebe
5. „lei box 10/3
Die Berliner Theatersaison 1895/96.
500
Behandlung der Prosa sehr verschieden. Hauptmann bemüht sich,
seine Bauern, Bürger, Ritter, Pfaffen von 1525 so sprechen zu
lassen, wie er denkt, daß sie damals in Wirklichkeit sprachen. Aus
urkundlichen Ueberresten der damaligen Zeit, aus den Volksmund¬
arten, die heute um Würzburg, Rotenburg, Schweinfurt gesprochen
werden, bildete Hauptmann einen Stil, dessen philologische Berech¬
tigung vielfach angefochten ist, der den Schauspielern Schwierigkeit
machte und dem Publikum hart ins Ohr fiel. Gewiß ist Hauptmann
als Laie vor Verstößen gegen Syntax und Formlehre nicht sicher
gewesen; so mancher Germanist könnte ihm das Konzept korrigiren.
Aber seine Sätze stehn wie in Erz gehauen da. Seine Worte sind
von Kraft voll. Aus der Derbheit des Tones dringen alle Re¬
gungen der menschlichen Brust hervor. Der Stil ist phrasenlos
und urwüchsig. Trotzdem hat man das Bemühn des Dichters, der
besondern Zeit auch sprachlich ein besondres Kleid zu geben, grund¬
sätzlich verworfen. Man meinte, mit demselben Recht könnte Wilden¬
bruch seinen Heinrich den Vierten, seinen Gregor den Siebenten,
seinen Hugo von Cluny mittelhochdeutsch, also für unser heutiges
Theaterpublikum unverständlich, reden lassen. Derlei Konsequenzen¬
zieherei ist pedantisch. Die deutsche Sprache des elften Jahrhunderts
ist für uns todt, die Sprache des sechzehnten ist, in unsrer eignen
entwickelt, lebendig geblieben. Der Niblunge Not müssen die
Studenten lesen lernen, wie Quartaner ihren Cornelius Nepos;
Luthers Bibel kann noch heute, wie ihr Gebetbuch, jedes alte
Mütterlein lesen. Zu beiden Entwicklungsstufen unsrer Sprache
steht unsre Zeit in einem andern Verhältniß. Was Hauptmann
versuchen durfte, wäre für Wildenbruch ein Ding der Unmöglichkeit
gewesen. Wohl aber hätte auch Wildenbruch seiner Sprache einen
Schein von Realität retten können. Eben die ältere dramatische
Kunst giebt ihm dafür glänzende Vorbilder, das glänzendste Goethes
„Egmont“. Wildenbruch hat seine Diktion durch Ueberschwang
deklamatorisch geschwellt. Seine Personen reden einander im „O
du, der du“=Stile an. Wie er sie sprechen läßt, so sprach zu keiner
Zeit ein Mensch. Wer den „Florian Geyer“ liest, dem nageln sich
unzählige, fest gefügte, gedrungne, wuchtige Worte ins Gedächtniß
ein. Wildenbruchs „König Heinrich“ dagegen hinterläßt im Gehör¬
gang ein unbestimmtes Rauschen und Sausen.
Aehnlich wie mit der Sprache steht es mit der Charakteristik
der Personen, die das Zeitbild geben sollen. Jedes historische
Drama wird sich den Maßstab der historischen Forschung müssen</Unicode>
            </TextEquiv>
        </TextRegion>
        <TextRegion orientation="0.0" id="r3" custom="readingOrder {index:2;}">
            <Coords points="2935,2840 2935,3415 3418,3415 3418,2840"/>
            <TextLine id="r3l1" custom="readingOrder {index:0;}">
                <Coords points="3119,2881 3126,2881 3131,2876 3139,2883 3146,2882 3148,2884 3156,2877 3169,2876 3162,2813 3149,2812 3148,2814 3144,2813 3141,2817 3132,2818 3128,2814 3112,2814"/>
                <Baseline points="3128,2872 3159,2869"/>
                <TextEquiv>
                    <Unicode>sche</Unicode>
                </TextEquiv>
            </TextLine>
            <TextLine id="r3l2" custom="readingOrder {index:1;}">
                <Coords points="2928,2888 2945,2893 2971,2878 2985,2884 3022,2875 3034,2886 3047,2880 3059,2884 3074,2879 3079,2885 3100,2880 3103,2824 3053,2823 3033,2835 3023,2832 3005,2839 2982,2822 2959,2821 2941,2802 2932,2802"/>
                <Baseline points="2938,2867 2963,2869 2989,2870 3015,2873 3040,2873 3066,2874 3092,2873"/>
                <TextEquiv>
                    <Unicode>Grund</Unicode>
                </TextEquiv>
            </TextLine>
            <TextLine id="r3l3" custom="readingOrder {index:2;}">
                <Coords points="2927,2945 2994,2942 3018,2957 3035,2939 3092,2951 3214,2932 3262,2947 3310,2934 3391,2943 3421,2932 3421,2888 3360,2875 3282,2888 3250,2871 3206,2888 3131,2875 2926,2888"/>
                <Baseline points="2935,2930 2960,2931 2985,2931 3010,2931 3035,2931 3060,2930 3085,2930 3111,2930 3136,2929 3161,2928 3186,2928 3211,2927 3236,2926 3262,2926 3287,2925 3312,2924 3337,2924 3362,2924 3387,2924 3413,2923"/>
                <TextEquiv>
                    <Unicode>manns Himmel in Lei</Unicode>
                </TextEquiv>
            </TextLine>
            <TextLine id="r3l4" custom="readingOrder {index:3;}">
                <Coords points="2937,3003 3052,2987 3089,3004 3103,2992 3240,3002 3268,2982 3417,3006 3416,2937 3267,2950 3207,2933 3163,2955 3038,2939 3019,2956 2973,2940 2936,2959"/>
                <Baseline points="2945,2986 2970,2988 2996,2990 3022,2991 3047,2991 3073,2992 3099,2992 3124,2992 3150,2991 3176,2990 3201,2989 3227,2989 3253,2987 3278,2986 3304,2986 3330,2985 3355,2984 3381,2984 3407,2983"/>
                <TextEquiv>
                    <Unicode>Kerl war, ist vorläuf</Unicode>
                </TextEquiv>
            </TextLine>
            <TextLine id="r3l5" custom="readingOrder {index:4;}">
                <Coords points="2929,3042 3002,3071 3199,3046 3316,3068 3427,3042 3426,2990 3371,3006 3330,2989 3218,2996 3171,3024 3082,2998 2956,3004 2928,2989"/>
                <Baseline points="2938,3050 2963,3050 2988,3050 3013,3050 3039,3050 3064,3050 3089,3050 3114,3050 3140,3049 3165,3048 3190,3048 3215,3047 3241,3046 3266,3045 3291,3044 3316,3043 3342,3042 3367,3040 3392,3039 3418,3037"/>
                <TextEquiv>
                    <Unicode>Kerl war. Und da de</Unicode>
                </TextEquiv>
            </TextLine>
            <TextLine id="r3l6" custom="readingOrder {index:5;}">
                <Coords points="2941,3108 3241,3121 3342,3107 3363,3123 3425,3104 3424,3044 3347,3068 3190,3049 3167,3064 3080,3053 2999,3072 2940,3050"/>
                <Baseline points="2950,3109 2975,3108 3001,3108 3027,3108 3053,3108 3079,3108 3105,3108 3131,3108 3157,3108 3183,3107 3208,3107 3234,3107 3260,3107 3286,3106 3312,3105 3338,3104 3364,3102 3390,3101 3416,3099"/>
                <TextEquiv>
                    <Unicode>manns Auffassung häl</Unicode>
                </TextEquiv>
            </TextLine>
            <TextLine id="r3l7" custom="readingOrder {index:6;}">
                <Coords points="2938,3176 3071,3188 3159,3168 3248,3186 3349,3170 3425,3187 3424,3118 2937,3126"/>
                <Baseline points="2946,3168 2972,3168 2998,3168 3024,3168 3050,3168 3076,3168 3102,3168 3128,3168 3154,3168 3181,3168 3207,3168 3233,3168 3259,3167 3285,3167 3311,3166 3337,3165 3363,3163 3389,3161 3416,3158"/>
                <TextEquiv>
                    <Unicode>spricht, so war Haupt</Unicode>
                </TextEquiv>
            </TextLine>
            <TextLine id="r3l8" custom="readingOrder {index:7;}">
                <Coords points="2932,3240 3100,3234 3149,3249 3258,3223 3296,3242 3350,3223 3377,3238 3398,3231 3397,3177 3246,3184 3196,3171 3140,3189 3026,3177 2931,3190"/>
                <Baseline points="2941,3231 2967,3229 2993,3229 3020,3227 3046,3227 3072,3225 3099,3225 3125,3225 3151,3225 3178,3224 3204,3224 3230,3224 3257,3223 3283,3222 3309,3222 3336,3221 3362,3219 3389,3217"/>
                <TextEquiv>
                    <Unicode>fassung anzunehmen.</Unicode>
                </TextEquiv>
            </TextLine>
            <TextLine id="r3l9" custom="readingOrder {index:8;}">
                <Coords points="2939,3288 3029,3300 3049,3285 3379,3289 3426,3274 3424,3187 3368,3234 3315,3241 2994,3232 2938,3247"/>
                <Baseline points="2948,3286 2974,3285 3000,3284 3026,3283 3052,3282 3078,3281 3104,3280 3130,3279 3156,3279 3183,3278 3209,3278 3235,3277 3261,3277 3287,3277 3313,3277 3339,3276 3365,3276 3391,3276 3418,3277"/>
                <TextEquiv>
                    <Unicode>nicht den Dramatiker.</Unicode>
                </TextEquiv>
            </TextLine>
            <TextLine id="r3l10" custom="readingOrder {index:9;}">
                <Coords points="2941,3346 3026,3359 3083,3343 3106,3361 3162,3342 3267,3358 3295,3341 3402,3348 3401,3288 3383,3284 3235,3296 3118,3284 3082,3299 3056,3285 3031,3301 2940,3289"/>
                <Baseline points="2950,3344 2976,3343 3002,3342 3028,3341 3054,3341 3080,3340 3106,3339 3132,3339 3158,3338 3184,3338 3210,3338 3236,3338 3262,3338 3288,3338 3314,3339 3340,3340 3366,3340 3392,3342"/>
                <TextEquiv>
                    <Unicode>herausgefordert, daß,</Unicode>
                </TextEquiv>
            </TextLine>
            <TextLine id="r3l11" custom="readingOrder {index:10;}">
                <Coords points="2932,3403 3022,3422 3148,3409 3210,3429 3277,3400 3313,3414 3352,3398 3407,3403 3407,3352 3049,3351 3029,3367 2995,3353 2932,3381"/>
                <Baseline points="2940,3402 2965,3402 2990,3402 3016,3402 3041,3402 3067,3402 3092,3402 3118,3402 3143,3402 3169,3402 3194,3402 3219,3402 3245,3402 3270,3402 3296,3402 3321,3402 3347,3401 3372,3400 3398,3400"/>
                <TextEquiv>
                    <Unicode>manns Dichterruhm</Unicode>
                </TextEquiv>
            </TextLine>
            <TextEquiv>
                <Unicode>sche
Grund
manns Himmel in Lei
Kerl war, ist vorläuf
Kerl war. Und da de
manns Auffassung häl
spricht, so war Haupt
fassung anzunehmen.
nicht den Dramatiker.
herausgefordert, daß,
manns Dichterruhm</Unicode>
            </TextEquiv>
        </TextRegion>
    </Page>
</PcGts>
