3436 4352
401 159 740 241 iebelei
189 168 766 284 3. L
668 3700 805 3787 R
905 156 1328 251 box 10/1
2295 513 2485 631 M
1526 565 1917 644 Thater=Berichte: Wien.
2662 563 2794 643 55
2725 642 2784 710 #
2410 676 2758 764 S
769 755 1707 814 Zärtlichkeiten in Worte umprägt, waren von außer¬
2125 760 2290 824 Wien.
771 805 1720 868 ordentlicher Wärme des Gefühles und gewissermaßen
1776 814 2676 861 Die ersten Wochen der Spielzeit sind kaum vorüber
780 854 1719 913 das Echo einer in der Tiefe verborgenen slammenden
1736 857 2668 915 und schon drängen sich die kleinen und großen thea¬
775 899 1707 950 Leidenschaft, die nur zu leicht in verheerenden Gluten
1725 903 2675 963 tralischen Ereignisse, sodaß man auf ein ungewöhnlich
777 950 1714 1003 ausbrechen kann. Während andere Darsteller aus dem
1725 954 2687 1009 reiches Jahr schließen darf. Die äußerlich für Wien
773 995 1721 1048 Romeo der ersten Akte einen bleichen und brütenden
1736 1003 2685 1061 wichtigste Begebenheit ist die Eröffnung eines neuen
776 1039 1721 1093 Melancholiker machen, hält ihn Herr Wiecke in frischeren¬
1736 1045 2683 1103 Theaters, das zugleich die älteste Vorstadtbühne der
774 1086 1719 1137 und heiteren Farben. Er verbreitet damit über die
1732 1095 2678 1153 Residenz ist. Aber wer sollte das winklige unwohnliche
771 1130 1721 1191 ersten Liebesscenen ein sonniges Licht, das um so eigen¬
1737 1141 2690 1199 Karl=Theater in den behaglichen, lichtdurchfluteten Räumen
783 1185 1712 1236 artiger wirkt, als wir die dunkeln Schatten, die es ver¬
1734 1192 2678 1241 wiedererkennen, die uns verwöhnten Theaterbesuchern
778 1227 1722 1274 nichten werden, schon voraussehen. Der Umschlag der¬
1739 1250 2677 1294 selbstverständlich und unentbehrlich geworden sind? Und
777 1271 1718 1347 Stimmung wirkt um so erschütternder, das ganze Bild
1744 1281 2666 1346 „wie sich's wandelt Außen, wandelt es sich Innen“
779 1331 1721 1374 gewinnt an Farbe und Leben. Das Gemälde der
1743 1331 2691 1384 Director Jauner hat in der Inscenierung der neuen
780 1370 1718 1421 Leidenschaft empfängt seinen höchsten Reiz durch die
1743 1383 2678 1437 Operette Suppés „Das Modell“ sich wieder als der erste
779 1422 1726 1477 Keuschheit der Empfindung, die Herr Wiecke über das¬
1731 1423 2679 1490 Bühnentechniker der Gegenwart erwiesen, der nicht nur
778 1467 1720 1528 Ganze zu breiten weiß. Der Künstler hat einen starken
1732 1474 2688 1537 die todten Massen des Chors zu beleben, sondern auch
775 1512 1718 1565 Zug zum Heldenspieler in sich. So erfaßt er auch in
1738 1519 2673 1584 jede Einzelfigur in ihren Eigentümlichkeiten heraus¬
781 1563 1715 1609 seinem „Don Carlos“ mit besonderer Energie den Helden
1743 1568 2681 1623 zuarbeiten, jedem Wort den entsprechenden Ton zu ver¬
785 1609 1718 1670 und läßt den weichmütigen Schwärmer, so viel, als es
1738 1614 2690 1659 leihen versteht. Es grenzt an die Hexerei, was dieser
775 1661 1721 1721 die Rolle nur gestattet, in den Hintergrund treten. Er¬
1742 1669 2682 1726 Künstler in wenigen Wochen hervorzuzaubern gewußt.
785 1700 1729 1761 spielt den jugendlichen Brausekopf mit heißem, leicht¬
1734 1708 2683 1766 Und seine Sorgfalt galt dem Schwanengesang eines der
783 1760 1717 1815 aufwallendem Blute, aber doch männlich genug, um die
1740 1756 2685 1822 sechtesten Wiener Künstler, von dessen Nachlaß noch manche
781 1801 1715 1856 Bitte an den Vater, ihm Flandern und ein Heer an¬
1732 1799 2689 1867 (Generation von Musikern zu zehren haben wird. Selten
781 1846 1717 1905 zuvertrauen, nicht als Aberwitz erscheinen zu lassen.
1747 1857 2691 1919 zhaben noch seine Weisen so frisch, seine Rhythmisierung
785 1896 1725 1945 Durch diese Auffassung macht der Künstler die Freund¬
1747 1911 2682 1956 so lebendig geklungen, wie in diesem Werk. Es ist, als
789 1945 1717 1996 schaft einer so gereiften und in sich abgeklärten Natur
1746 1946 2690 2004 ob der todte Meister uns den Abschied noch schwerer
787 1985 1727 2046 wie Posa zu Don Carlos erst begreiflich. Dabei ver¬
1736 1992 2692 2052 empfinden lassen wollte. In einer bis auf die kleinsten
791 2033 1722 2083 lieren die Seenen mit der Königin und mit der Prin¬
1736 2048 2689 2098 Rollen tadelloser Vorführung errang die Operette einen
777 2084 1715 2147 zessin Eboli nicht an innerer Wayrscheinlichkeit. Sie
1738 2087 2683 2147 stürmischen Erfolg, den selbst der Text nicht zu beein¬
790 2132 1723 2182 enthüllen nur die von der Raserei verzweifelter Liebe
1748 2131 2690 2182 trächtigen vermochte. Das beste Zeugnis für die Musik. Denn
788 2183 1720 2234 in ihrem Wesen bedrohte Heldenseele, deren besseres
1748 2180 2685 2239 diese in einem unmöglichen Italien und mit unmöglichen
792 2221 1720 2273 Teil die Liebesleidenschaft zu vernichten auf dem Wege¬
1742 2235 2683 2294 Operetten=Menschen spielende Handlung wird an Lang¬
779 2272 1720 2328 ist. Aber nicht genug, daß Herr Wiecke durch seine kernigere
1737 2278 2696 2328 weiligkeit nur durch die unsägliche Gemeinheit der Witze
789 2319 1726 2365 Auffassung den Helden interessanter zu machen versteht.
1741 2323 2697 2378 überboten, wie sie an einer ersten Bühne nicht geduldet
783 2367 1730 2435 Eine Auffassung macht noch keinen Künstler. Es genügt
1743 2379 2684 2427 werden sollten. Möge es Jauners Bestreben werden,
787 2409 1724 2465 nicht sie mit Treue und Energie durchzuführen; die
1752 2419 2699 2480 auf derartige Zuthaten künftig zu verzichten. Er hat
781 2456 1725 2516 Mittel müssen ihr entsprechen und in dem Ganzen Geist
1742 2464 2274 2531 dieselben wahrlich nicht nötig.
792 2508 1731 2570 und Empfindung in der angedeuteten Richtung lebendig
1798 2514 2690 2576 Die andern Privattheater frischten zunächst ältere
780 2556 1727 2617 werden. Wie nun der Künstler ausführt, was Ergebnis
1736 2562 2692 2615 Bühnenwerke in dankenswerter Weise auf. Unter dem
781 2606 1721 2661 eines feinfühligen Raisonnements ist, das ist eine schau¬
1744 2606 2677 2656 Zeichen ihrer Schutzpatrone eröffnete das Raimund¬
785 2661 1735 2709 spielerische That von hervorragender Bedeutung und vor¬
1749 2659 2678 2712 Theater mit dem unsterblichen „Alpenkönig und Men¬
781 2708 1719 2758 allem fort und fort ein Beweis eines gediegenen und
1743 2713 2693 2768 schenfeind“, das Volistheater mit Anzengrubers „Alten
782 2751 1725 2809 gebildeten künstlerischen Geschmackes, wie er Künstlern
1741 2749 2687 2818 Wienern“, die seit Jahren in Wien nicht mehr gegeben
792 2802 1729 2850 von dem Alter Herrn Wieckes selten eignet. Nach diesen
1740 2799 2698 2854 worden waren. Der echte gemütvolle Ton siegte diesmal
1744 2840 2682 2902 über die Schwäche der Handlung und Erfindung, die
795 2891 1711 2950 „Götz“, Schiller in den „Karlsschülern“ hier nicht zu
1744 2890 2691 2961 schauspielerische Leistung Martinellis trug das Ihrige
784 2934 1732 2993 reden, sieht man der ferneren Thätigkeit des Künstlers
1736 2943 2686 2998 zur freundlichen Aufnahme bei. Eine ungewohnt rege
790 2985 1730 3046 an unserer Hofbühne mit großen Erwartungen entgegen,
1750 2989 2686 3049 Thätigkeit entfaltete diese Bühne in Ergänzung ihres
790 3028 1730 3080 und man darf in seinem Engagement schon jetzt einen
1746 3041 2682 3109 klassischen Repertoires, dem neuerdings auch ein Abend
791 3082 1723 3134 wichtigen Gewinn für unser Ensemble erblicken. Auf
1742 3081 2686 3146 in der Woche zu volkstümlichen Preisen eingeräumt
793 3126 1726 3172 einige andere neue Kräfte dieses Ensembles werden wir
1746 3131 2698 3194 erscheint. Mit Frl. Wachner und dem neuen Liev¬
799 3176 1730 3230 bei sich bietender Gelegenheit noch des näheren einzu¬
1748 3174 2684 3246 haber Herrn Christians wurde „Romeo und Julie“.
791 3214 1721 3278 gehen haben. Zu ihnen zählt u. a. auch ein aus Berlin
1753 3231 2704 3282 ausgenommen. Frl. Wachner, in der Balkonscene von
791 3259 1722 3315 zu uns gekommener Künstler, Herr Deutsch, der einen
1748 3273 2693 3321 hinreißender Anmut, verlor sich leider in leere Decla¬
789 3311 1727 3381 Teil des durch den Weggang und Tod der Herren
1750 3317 2702 3377 mation und eintöniges Jammern, sichtlich niedergehalten
798 3355 1738 3420 Schubert und Löber frei gewordenen komischen
1740 3371 2690 3423 durch ihren Partner, der seinen Romeo halb in den
791 3407 1729 3457 Faches zu übernehmen haben wird und bereits in den
1749 3408 2689 3471 frischen Tönen Kainz', halb in der nachlässigen Conver¬
787 3453 1725 3505 Verband der Hofbühne eingetreten ist, ohne daß seine
1747 3457 2689 3518 sationsmanier Bonns angelegt hatte und von seinen
794 3498 1738 3553 bisherigen Leistungen zu besonderen Hoffnungen Anlaß
1751 3501 2682 3563 schönen Mitteln wenig Gebrauch zu machen wußte. Es
788 3547 932 3620 gäben.
1437 3548 1712 3610 Teonh. Tier.
1105 3545 1353 3624 (Schluß folgt.)
1748 3554 2698 3603 stimmt trübe, zwei junge, entschieden höchst talentvolle
1745 3615 2698 3664 Leute in dieser Liebestragödie zu sehen, die Alles mit¬
2704 3688 2790 3784 #
