3436 4224
486 174 876 265 Ausschnitt aus:
1954 175 2334 251 Liebelei
1770 181 2418 296 5. J
488 421 657 486 vom:
1001 793 1544 903 Die Eiterater, Stenga
1328 866 1500 955 F3
1195 999 1777 1100 Der Ton im Film
1160 1089 1824 1178 Von Gerd Eckert (Dresden)
1615 1149 2478 1219 Wir veröffentlichen hier eines der zahlreichen Manu¬
1601 1208 2484 1251 stripte, die uns als Diskussionsstoff zu dem Aufsatz
1609 1255 2450 1316 von Wilhelm Heise (Augustheft) zugegangen sind.
486 1303 1468 1373 Die künstlerischen Ausdrucksformen des Films ent¬
1506 1307 2480 1379 werden. Denn einmal ist die Fülle der Geräusche,
1501 1370 2482 1431 die in der Wirklichkeit stets hörbar sind, zu groß;
497 1375 1486 1434 stehen wesentlich aus der subjektiv gefärbten Wie¬
1504 1433 2476 1496 zum anderen ist das Mikrophon für die Aufnahme
504 1428 1474 1498 dergabe einer Handlung und müssen mit dem Stoff
1497 1501 2478 1558 entfernter leiser Geräusche, wie wir sie unaufhörlich
499 1482 1484 1571 zu einer Einheit zusammenfließen. Auf dem Ge¬
1493 1548 2483 1610 vernehmen, nicht empfindlich genug; und schließlich
502 1550 1486 1626 biet des Optischen sind diese Formen schon im
1493 1603 2482 1664 liegt eben in der Notwendigkeit der Auswahl das
497 1600 1474 1658 stummen Film erkannt und angewendet worden.
1506 1666 2473 1718 grundsätzliche künstlerische Wirkungselement des
495 1662 1476 1729 Der Ton dagegen ist sowohl praktisch als auch
1509 1722 2484 1777 Tons. Nach der hemmungslosen Freude an Ge¬
494 1712 1488 1788 theoretisch als Stilmoment vorläufig recht nach¬
487 1781 1478 1845 lässig behandelt worden. Seine wirkliche Bedeu¬
1496 1775 2485 1848 räuschen aller Art in den ersten Tonfilmen begann
1503 1850 2482 1901 man allmählich, auf gewisse selbstverständliche
496 1836 1481 1908 tung und seine Möglichkeiten für den Tonfilm al¬
1511 1896 2481 1959 Laute wie Fußtritte oder das Schließen einer Tür
500 1895 1244 1960 Kunst wurden bisher kaum erkannt.
1516 1962 2482 2013 zu verzichten. Über diese erste Stufe der Erkenntnis
492 1957 1491 2024 Das Ziel bei jeder Kunstübung besteht darin, daß die
1505 2022 2480 2074 ist man bis jetzt kaum hinausgekommen. Wort und
497 2021 1478 2091 ihr eigentümlichen Ausdrucksmittel so rein und
1501 2066 2476 2144 Musik — und zwar ungestaltet — kennzeichnen
502 2073 1481 2141 charakteristisch wie möglich angewendet werden.
1511 2133 2485 2187 heute den Tonfilm. Wann und in welchem Umfang
496 2133 1490 2189 Das bedeutet für den Tonfilm, daß er (wo er
1514 2181 2483 2244 Gerärsche gegeben und Wort und Musik zu wirk¬
492 2185 1486 2260 eigengesetzliche Kunst sein will!) Wort und Musik,
1508 2235 2482 2318 licher Einheit mit dem Bild gebracht werden
499 2244 1486 2304 die er doch mit Drama und Oper gemeinsam hat,
1511 2319 2466 2369 müssen — darüber herrscht vollkommene Unklarheit.
496 2305 1477 2377 in seinen Zusammenhang einfügt und unter
1507 2362 2486 2436 Grundsätzlich wegzulassen sind Geräusche, die für
507 2363 1483 2425 seinen Bedingungen neu gestaltet. Was den Film
1515 2423 2482 2490 das Wesen der Handlung ohne Bedeutung sind: Fuß¬
508 2419 1485 2481 wesentlich von Drama und Oper unterscheidet, ist
1502 2480 2477 2528 tritte, Türenschließen, Uhrenticken, Stuhlrücken.
497 2485 1488 2557 die Vorherrschaft und gesteigerte Ausnützung des
1508 2540 2493 2605 Erfordert eine solche Szene eines Dialogs wegen
498 2538 1482 2610 Optischen. Der Ton wird also nur unter Beziehung
1508 2585 2485 2650 die Tonaufnahme, so werden diese Geräusche na¬
501 2595 1487 2665 auf das Bild behandelt werden können. Damit
1511 2665 2486 2721 türlich mit aufgenommen, sie werden aber ent¬
512 2664 1481 2720 scheidet photographiertes Theater aller Art aus der
1509 2703 2490 2772 sprechend leise und deshalb bedeutungslos sein. Ist
506 2717 1481 2779 Betrachtung aus, denn hier wird die Gestaltungs¬
1500 2765 2493 2836 dagegen das Geräusch in einem bestimmten Fall
513 2767 1496 2843 kraft des Optischen notwendig vernachlässigt. Auch
1512 2843 2485 2894 von Wichtigkeit, so wird es als Großaufnahme
504 2847 1486 2895 der Gesangsfilm, bei dem der Ton so überaus im
1511 2883 2493 2948 gegeben. In „Morgen beginnt das Leben“ wird
501 2886 1492 2963 Vordergrund steht, führt die Kunst des Tonfilms in
1501 2946 2489 3011 eine ganze Szene vom überlauten Ticken eines
501 2959 1485 3007 keiner Weise vorwärts. (Möglich wäre das nur etwa
1508 3004 2488 3055 Weckers übermalt. In „Moral und Liebe“ sind die
504 3020 1484 3078 bei folgender Auffassung: Der Gesang eines
1511 3061 2490 3123 Schritte des Mannes besonders laut, um seine Er¬
498 3078 1483 3126 Sängers, durch Radio und Grammophon vermit¬
1517 3126 2481 3191 regung zu charakterisieren. Steht das Geräusch mit
497 3131 1486 3195 telt, wird für einige Menschen zum Schicksal und
1517 3171 2484 3239 dem Bild in selbstverständlichem Zusammenhang,
507 3184 1499 3237 geht als Leitmotiv durch den ganzen Film, ohne
1511 3246 2481 3310 so wird es gegeben: Offnen eines Briefes, Re¬
512 3234 1492 3310 daß der Sänger selbst auftritt.) Die Lösung des
1505 3297 2492 3350 volverschuß, Händeklatschen. Es könnte hier nur
505 3295 1484 3360 Tonproblems ist auch nicht möglich durch eine ein¬
1507 3342 2488 3422 weggelassen werden, wenn die Handlung außerhalb
516 3355 1489 3420 seitige Beschränkung, wie sie mit den Schlagwor¬
1505 3402 2486 3484 des Mittelpunkts der Aufmerksamkeit steht oder die
501 3409 1480 3480 ten „Sprechfilm“, „Dialogfilm“, „Geräuschfilm“.
1508 3463 2166 3540 Szene durch Musik untermalt ist.
506 3484 1482 3541 „Gesangsfilm“ nahegelegt wird. Sie kann nur durch
1511 3520 2497 3588 Die Musik pflegt heute aus jeder Verlegenheit zu
510 3539 1498 3601 Ausgestaltung und Zusammenfassung aller einzelnen
1516 3582 2483 3654 helfen und stets dort einzuspringen, wo die Ge¬
506 3583 1476 3660 Stilelemente wie Wort, Musik, Geräusch erfolgen.
1519 3631 2493 3697 staltungskraft des Regisseurs am Ende ist. An dieser
517 3647 1483 3718 Wichtigstes Prinzip ist dabei die Auswohl. Auf der
1510 3698 2486 3772 Häufung der Musik ist einmal die technisch größere
510 3717 1496 3768 optischen Seite gibt es stets eine Anzahl Total¬
1520 3745 2503 3832 Vollkommenheit der Musikwiedergabe schuld, dann
505 3753 1491 3839 aufnahmen, beim Ton muß ganz auf sie verzichtet
1378 3842 1612 3899 K 151 2
2468 148 2909 253 box 13/8
