3436 4256
514 73 1679 140 llien 1enni, iune enden enmante vertilt iur Zit eine
1677 90 2488 143 Bürgerliche zu sein, schleunigst zurückzukehren.
511 128 1679 180 wegen Falschmünzerei ihr zuerkannte Zuchthausstrafe. Er scheint
1792 110 2833 193 helführung im könig¬
514 177 1676 227 schon frühzeitig dem Anderen abgeguckt zu haben, wie man falsches
1676 177 2829 226 lichen Schauspielhause für kommenden Montag geplant
500 216 1676 259 Metallgeld verfertigt, denn als er nach eben vollendetem achtzehnten
1675 217 2834 286 war, wird auf Wunsch des Kaisers erst in nächster Woche in
508 258 1679 307 Lebensja, das väterliche Haus verließ und zu Christall zog,
1690 260 1955 328 Szeue gehen.
512 297 703 344 war er
749 296 1672 345 der Fabrikationsmethode so vertraut, daß er mit
1843 274 2833 349 Adalbert Matkowsky gastirt am Montag am
753 325 1679 386 ffe ohne besondere Schwierigkeiten eine Falschmünzer¬
501 329 729 389 Christal.
1683 334 2839 390 königlichen Theater in Hannover als „Hamlet“.
500 374 702 427 werkstatt
758 370 1678 424 #ten konnte. Man beschränkte sich darauf, Ein= und
1682 378 2829 440 Alsdann wird der Künstler einige seiner hervorragendsten Rollen
773 412 1682 472 anzufertigen. Der Angeklagte Herrmann hatte die
498 419 688 475 Zweima
1682 422 2536 477 in Lodz und Riga zur Darstellung bringen.
511 453 1676 510 gefährlieufgabe übernommen, die Falschstücke in Budiken,
1821 437 2848 513 Die Proben zu Mascagni's „Rateliff“ an der
513 505 1669 552 Cigarren und anderen kleinen Geschäften an den Mann zu
1678 489 2836 556 Berliner königlichen Oper sind so weit beendet, daß der Aufführung
500 523 1193 595 bringen. eisler begleitete ihn. Er
1183 532 1676 596 hatte eine größere Summe
1675 542 2848 605 nichts weiter im Wege steht. Es erging daher die Einladung an
511 584 1676 634 der Falschstücke in der Tasche und gab diese nur einzeln an Herrmann
1677 589 2836 635 Mascagni, der Première beizuwohnen. Der Komponist telegraphirte,
512 615 1676 672 zum Umwechseln. Es ist dies ein altee Kniff der Falschmünzer.
1682 622 2853 685 daß er sofort nach den Rossini=Festen in Pesaro der königlichen
512 660 1685 703 Er giebt die Gewähr, daß, wenn die Fälschung entdeckt wird, man
1677 656 2853 736 Intendanz zur Verfügung stehe, und so wird denn „Ratcliff“ zu
1681 702 2515 757 Beginn des nächsten Monats in Szene gehen.
498 693 1682 758 bei dem Umwechselnden kein weiteres Geldstück findet, so daß dessen
496 744 1678 796 Versicherung, selbst getäuscht worden zu sein, nicht unglaubwürdig
1820 728 2835 803 Karl Reinthaler, der bekannte Opernkomponist, ist,
1688 773 2841 839 wie wir bereits gestern im Depeschentheile gemeldet haben, in
510 780 1680 844 erscheint. Die Geschworenen sprachen sämmtliche Angeklagte im
1688 823 2847 869 Bremen gestorben. Die deutsche Musikwelt verliert in ihm
518 825 1671 896 Sinne der Anklage schuldig. Unterlauf wurde zu zwei Jahren,
1689 859 2847 914 einen ihrer geachtetsten Vertreter, dessen Bedeutung allerdings fast
505 863 838 921 Christall zu
916 864 1678 928 1 Jahren, Herrmann zu zwei
1687 901 2849 959 zwanzig Jahre zurückliegt. Reinthaler war am 13. Oktober 1822
514 913 1675 961 Jahren sechs Monaten, Geisler zu einem Jahre
1693 944 2843 1002 in Erfurt als Sohn des um die Hebung des Volksgesanges ver¬
516 947 1680 1008 Zuchthaus, ferner sämmtlich zu Ehrverlust und Stellung unter
1689 988 2836 1040 dienten Rektors daselbst geboren, widmete sich in Berlin dem
505 985 989 1048 Polizeiaufsicht verurtheilt.
1689 1026 2836 1075 Studium der Theologie, ging aber nach Beendigung desselben zur
602 1017 1680 1080 s In der Privatklagesache des Buchhändlers Glöst
1684 1060 2851 1121 Musik über, nachdem er schon frühzeitig gründliche Studien im
515 1043 1674 1115 aus Dresden gegen den Redakteur der „Jüdischen Presse“. Dr.
1682 1099 2846 1150 Klavier= und Orgelspiel wie in der Komposition gemacht hatte. In
515 1108 1676 1163 Hirsch Hildesheimer, wurde gestern vor der achten Straf¬
1680 1143 2848 1196 Berlin genoß er den Unterricht von Marx und widmete sich speziell
509 1148 1682 1197 kammer des Landgerichts I das Urtheil verkündet. Der Beklagte
1692 1185 2845 1248 dem Fache des Gesangunterrichts. Auf Grund einiger durch
502 1184 1686 1242 hatte gegen Glöß Widerklage erhoben. Beide Parteien waren
1694 1222 2850 1286 den Berliner Domchor zur Aufführung gebrachten Psalmen¬
509 1225 1682 1282 vom Schöffengericht der Beleidigung für schuldig erklärt und zu
1687 1260 2843 1322 kompositionen erhielt er vom König von Preußen ein Reise¬
499 1266 1681 1328 je 25 Mark Geldstrafe verurtheilt worden. Hiergegen war beider¬
1691 1293 2849 1359 stipendium und ging 1850 behufs weiterer Gesangstudien nach
504 1315 1682 1366 seitig Berufung eingelegt worden. Der Gerichtshof zweiter Instanz
1698 1342 2840 1399 Paris, von da nach Rom und Neapel, wo er hauptsächlich dem
508 1356 1681 1406 schloß sich den Ausführungen des Vorderrichters im Wesentlichen
1695 1388 2842 1437 Studium der altitalienischen Meister oblag. 1853 wurde er als
503 1396 1688 1455 an, erkannte daher auf Verwerfung der beiderseitig
1692 1426 2854 1484 Lehrer des Gesanges an das Kölner Konservatorium berufen und
499 1420 1678 1501 eingelegten Berufung und legte die Kosten den Parteien
1692 1477 2848 1527 übernahm zugleich die Leitung des Kölner Gesangvereins. Damals
507 1478 1049 1552 zu gleichen Theilen zur Last.
1691 1507 2847 1557 entstand sein Oratorium „Jephtha“, das seinen Namen bald in
612 1509 1690 1569 s Die Revision des Assessors Pigulla und der un¬
1691 1546 2841 1597 allen musikpflegenden Städten Deutschlands bekannt machte und 1858
507 1554 1683 1621 verehelichten Anna Stubbe wurde gestern vom Reichsgericht
1687 1595 2852 1644 seine Berufung nach Bremen zur Folge hatte. Dort gründete er sich
517 1599 1690 1648 verworfen. Die Angeklagten waren am 2. Oktober vorigen Jahres
1691 1629 2847 1680 eine Lebensstellung als Organist und Musikdirektor der Domkirche
509 1638 1688 1690 von der dritten Strafkammer des Landgerichts I Berlin wegen
1689 1667 2854 1728 sowie als Dirigent der dortigen Singakademie und Konzertgesell¬
518 1672 1691 1724 Widerstandes gegen die Staatsgewalt und
1700 1707 2836 1768 schaft. Von seinen weiteren Kompositionen sind, außer einer Reihe
508 1717 1687 1769 Beamtenbeleibigung zu vier Monaten drei
1692 1750 2842 1802 von Liedern und kleineren Werken für gemischten und Männerchor,
506 1757 1688 1817 Wochen Gefängniß bezw. einer Woche Gefängniß
1695 1790 2851 1851 zu nennen: „In der Wüste“ für Chor und Orchester, „Das
509 1801 1373 1880 und drei Tagen Haft verurtheilt worden.
1685 1830 2850 1878 Mädchen von Kolah“, die Opern „Edda“, welche 1875 in Bremen
1685 1878 2847 1927 und Hannover, und „Das Käthchen von Heilbronn“ welche 1881
1689 1901 2848 1963 i Frankfurt a. M., Leipeig und anderwärts zur Aufführung kam.
867 1922 1330 2014 Die Bühnen.
1684 1963 2837 2021 Auch komponirte er die preisgekrönte Bismarck=Hymne (Text von
1689 2001 2847 2058 Rudolf Gottschall) für Soli, Chor und Orchester, welche an ver¬
639 1982 1691 2060 — Aus dem Ex=L'Arronge=Theater gehen uns einige
1688 2036 2852 2108 schiedenen Orten Deutschlands und Amerikas mit bestem Erfolge
525 2040 1698 2098 Bilder zu, welche mit dem Röntgen=Apparat aufgenommen zu sein
1697 2079 2174 2152 zur Aufführung gelangte.
520 2090 1693 2142 scheinen. Denn sie lassen in das Innere schauen, hinter die
1838 2100 2848 2189 Das alte Reichstagsgebäude wird, wie wir dieser
522 2126 1695 2182 Kulissen, wohin zu dringen dem Auge des Laien strengstens ver¬
1687 2148 2843 2211 Tage meldeten, theilweise zu einem Theater umgewandelt
528 2171 1684 2224 boten zu sein pflegt. Die Bilder zeigen uns, wie viel sich da
1691 2203 2844 2246 werden. Herr Alexander Heßler, der die Leitung der
514 2211 1696 2269 verändert hat, seit L'Arronge nicht mehr daselbst waltet, nicht
1696 2244 2837 2305 darin veranstalteten Aufführungen übernommen hat, theilt uns nun
523 2249 1690 2306 mehr die Mädchen lehret und den Knaben wehret, seit Brahm
1696 2284 2840 2332 mit, daß hinter ihm ein Komitee namhafter Persönlichkeiten steht,
527 2287 1697 2347 dort weht was kein Weber weiß, so oft auch Haupt¬
1696 2324 2849 2378 das dem Berliner Publikum zu mäßigen Preisen volksthümliche
523 2320 1697 2401 mann's Stück daselbst wiederholt werden mag. Aber während
1698 2368 2848 2420 Festspiele bieten will. Zur Aufführung sollen, wie schon erwähnt,
528 2371 1690 2438 auf der offenen Szeue der Realismus herrscht, nachdem den
1703 2389 2844 2474 Max Lündner's Festspiel „Friedrich der Große“ und
519 2421 1698 2467 Idealismus der „Geyer“ geholt hat, d. h. während offen „die
1696 2447 2481 2519 Hans Herrig's „Luther“ gelangen.
519 2454 1695 2517 Moderne“ ihren Thron aufgeschlagen, herrscht versteckt eine veraltete
1846 2477 2847 2537 Ein neues historisches Drama, „Jaczo, der Wenden¬
527 2491 1703 2555 Brahminenwirthschaft: Protektion und Kastengeist. Der Bayard
1701 2517 2857 2579 fürst“. Schauspiel in drei Aufzügen von Victor Laverrenz, ist von
516 2533 1689 2590 des Herrn Direktors, der Rittner sans peur et sans reproche,
1698 2562 2843 2629 der Direktion des National=Theaters zur Aufführung
524 2554 1686 2623 hat eine Stellung, die ihm hoffentlich selbst als gänzlich ungehörig
1697 2614 1948 2673 angenommen.
521 2601 1695 2665 souverän erscheint. Denn wir halten einen gebildeten Mann — und
1855 2632 2844 2701 Etelka Gerster siedelt im Oktober dieses Jahres
533 2651 1701 2715 das ist doch Herr Rittner? — für unfähig, zu glauben, daß
1703 2693 2855 2757 definitiv von Bologna nach Berlin über, um hier eine Gesangs¬
526 2691 1696 2755 er der einzige jetzt lebende Künstler sei, wie dies dem armen
1693 2733 2099 2807 schule zu begründen.
541 2732 1697 2791 Herrn Rittner von Herrn Brahm täglich mehrmals und
1783 2752 2858 2829 — Hedwig Niemann beginnt nunmehr, wie bereits an¬
527 2771 1697 2844 zwar dienstlich mitgetheilt wird. Das wäre nun nicht schädlich,
1704 2810 2852 2864 gekündigt ist, am heutigen Sonnabend ihr leider nur wenige Abende
537 2802 1690 2868 wenn es unter vier Augen geschähe. Unter solchem Viergestirn
1704 2852 2843 2902 umsassendes Gastspiel im Lessing=Theater als Madame Sans=Gene
537 2853 1691 2918 kann Herr Rittner den Herrn Brahm für ein Gemisch von
1706 2891 2848 2943 in Victorien Sardon's Lustspiel. Es dürfte übrigens interessiren,
541 2897 1700 2950 Schröder und Laube und Herr Brahm den Herrn
1696 2921 2843 2996 daß diese Wiederholung des Lustspicles, die heute stattfindet, die
529 2927 1703 3001 Rittner für eine Vereinigung von Devrient und
1701 2975 2113 3033 246ste Aufführung ist.
540 2975 1697 3030 Sonnenthal erklären. Da ist und bleibt es ein Privatscherz,
1844 2993 2847 3065 Die Klagen des Vereins „Freie Volksbühne“
531 3003 1701 3070 der sogar nicht übel ist, den beiden Männern ohne Zweifel sehr
1699 3032 2852 3105 (Dr. Franz Mehring und Genossen) und des Vereins „Versuchs¬
534 3060 1696 3118 viel Vergnügen macht und Niemand was angeht. Worüber aber geklagt
1698 3098 2848 3141 bühne“ (Dr. Bruno Wille) gegen den Oberpräsidenten wegen Be¬
527 3086 1703 3163 wird, ist, daß Herr Brahm sein auf den Schild gehobenes
1695 3129 2851 3195 freiung von der Zensur sind vom Ober=Verwaltungsgericht abgewiesen
540 3136 1697 3196 Theaterwunderkind namentlich dann und ausschließlich beweih¬
1697 3182 2847 3228 worden. Auf die gleiche Klage des Vereins „Freie Bühne“
542 3181 1692 3231 räuchert, wenn dessen Kollegen zugegen sind, welche bei solchen
1698 3212 2845 3293 (Dr. Paul Schlenther und Genossen) hat das Ober=Verwaltungs¬
543 3222 1696 3281 feierlichen Gelegenheiten vollständig unbeachtet bleiben. Keine
1701 3261 2328 3321 gericht Beweisaufnahme beschlossen.
538 3264 1700 3314 Silbe des Lobes nach gethaner künstlerischer Arbeit fällt für diese
1835 3285 2850 3351 Der Neuaufführung von Shakespeare's „König
548 3292 1706 3353 ab während ganze Lobesbände über Herrn Rittner aus¬
1702 3335 2846 3393 Heinrich IV.“, welche das Deutsche Theater vorbereitet,
536 3336 1698 3410 geschüttet werden. Herr Rittner ist nun einmal der Schooß¬
1704 3372 2851 3436 liegt die Bearbeitung zu Grunde, die Dr. August Förster noch für
546 3384 1700 3437 mime des Vater Brahm, der Brahm und der
1704 3416 2845 3475 das Deutsche Theater hergestellt hat und die beide Theile des
543 3425 1696 3483 Rittner (nach Heine's wundervollem Lied) tanzen
1703 3460 2848 3535 Werkes auf einen Theaterabend zusammenlegt. Die erste Aufführung
553 3451 1698 3519 herum und jauchzen vor lauter Freude, der Nissen
1704 3502 2599 3558 ist nunmehr auf Mittwoch den 19. d. M. angesetzt.
550 3494 1695 3569 z. B. steht still und stumm und ist so blaß wie Kreide, neben
1850 3524 2841 3599 Intendant Prasch hat das Repertoire für das
545 3545 1707 3597 diesem dessen Kollegen, die doch wahrlich gleichfalls, wenn nicht
1700 3586 2838 3644 Ensemble=Gastspiel des Berliner Theaters in Moskau
554 3599 1710 3639 noch vor Rittner an der Erhaltung der guten alten Tradition
556 3606 2885 3706 mitarbeiten, was ja bekanntlich keine leichte Aufgabe ist. Keinenfalls nunmehr festgestellt und war dabei bestrebt, neben deutschen
2823 87 3398 167 schrrin, Herzog Ernst Gi
2852 127 3395 190 Donnerstag die jüngste Sch
2839 164 3403 229 Margarethe, mit ihrem Gemahl
2835 202 3408 283 nebst Gefolge der Aufführung
2970 254 3408 306 Die Direktion des
2839 283 3402 360 einmal darauf hin, daß die Na
2842 325 3400 399 und Liebe“ am morgigen S
2845 365 3404 437 gewöhnlich um 3 Uhr beginn
2839 414 3412 492 Bisson's „Herr Direktor“ in Sz
2972 449 3408 526 Im Schiller=Theat
2844 496 3397 560 Fedor v. Zobeltitz' Schauspiel „
2845 539 3401 591 Aufführung. Heute wird „D
2846 578 3404 648 Fräulein Pauly und Herrn Pa
2993 611 3406 685 Im Theater Unter
2838 654 3410 726 reiche Gastspiel der Frau Pel
2844 702 3388 763 längerung bis incl. Freitag
2855 741 3401 806 wird auch ferner in der Off
2841 782 3192 846 Helena“ auftreten.
2978 803 3416 883 Im Friedrich Will
2849 866 3404 929 die Ausstattungskomödie „Der
2839 914 3259 967 25. Male in Szene.
2986 932 3403 1011 Im Alexanderplatz
2845 965 3406 1057 Audran's Vandeville „Mo
2850 1032 3049 1102 gelangen.
3289 1099 3408 1177 20
2965 1163 3414 1239 — In der Sing=Aka
2853 1202 3411 1283 eine Matinée der blinden Orat
2847 1259 3390 1319 Hanna Lüer unter gütiger
2844 1305 3396 1364 dem bekannten Hofpianisten,
2850 1348 3138 1414 (Violine) statt.
2980 1372 3397 1444 Im Concerthause
2838 1420 3416 1480 heute Sonnabend einen Operett#
2842 1471 3403 1529 Komzak, Joh. Strauß, Dellinge
2843 1499 3407 1576 Offenbach und Ziehrer werden
2843 1548 3412 1619 dem singt Frl. Josephine S
2847 1584 3405 1635 Hoffnungstraum) aus „Don C
2848 1635 3417 1688 Spitz singt das Lied „Ich bi
2852 1666 3409 1736 Der Vogelhändler“ von Zeller
2841 1711 3393 1784 Lied „Wer uns getraut“ aus
2843 1755 3014 1824 singen.
3040 1831 3408 1919 Kunst und
2986 1900 3413 1972 Michael Munkacsy
2856 1952 3380 2018 melden, bestimmt entschlossen,
2853 1999 3411 2046 gierung angebotene Stellung ei
2855 2040 3415 2089 schönen Künste anzunehmen
2849 2082 3415 2132 Pest überzusiedeln. Vor seine
2847 2108 3414 2187 dort noch sein neuestes Bild „E
2982 2153 3388 2214 Der Frankfurter
2848 2187 3403 2250 Schmuck erhalten durch die Ein
2845 2243 3406 2292 1Ostwand des südlichen Querschif
2849 2283 3416 2339 würfen von Professor Eduar
2843 2314 3422 2380 [Linnemann in der Glas
2845 2357 3412 2412 geführt worden. Die Grundide
2860 2405 3415 2454 Himmels, zu seiner Seite die A
2854 2433 3403 2499 thronen in ruhigster Haltung in
2851 2477 3415 2536 Fensters und sind nach beiden
2858 2526 3393 2569 Roth gekleideten Engelschaar u
2861 2567 3419 2622 Pfauenfedergrund herausschwebt
2859 2610 3420 2666 zeigen zwei gleichartig stilisirte
2854 2645 3418 2716 in mattgelbem Tone gehaltene
2860 2686 3171 2760 bekrönt, aufbaut.
3232 2751 3420 2825 Kleine
2915 2789 3406 2855 Für den im Theater Un
2858 2841 3416 2910 Großen Fastnachts=M
2852 2876 3292 2947 Billetverkauf begonnen.
2926 2909 3421 2978 Die Direktion des Concer
2848 2944 3415 3005 den 18. Februar, wie alljährl
2861 2982 3414 3041 skriptions=Ball. Logen
2857 3017 3435 3089 für Vereine und Gesellschaften z#
2854 3067 3421 3122 werden im Bureau des Hauses
2919 3088 3420 3154 Im Ballbaus in der Joch
2847 3129 3408 3195 18. Februar eine große Fast
2850 3165 3390 3224 Direktion wird bemüht sein,
2845 3210 3394 3268 ragenden zu gestalten durch
2860 3241 3423 3308 Anderem wird ein Ballet, „De
2858 3284 3206 3343 führung gelangen.
2920 3290 3418 3368 Spandauerberg=Bra
2865 3340 3415 3411 so milde Winter dem herannaben
2848 3382 3426 3455 spielen kann, so klingt es doch w#
2858 3426 3419 3479 liner hört: „Der Spandau
2850 3460 3414 3519 Ereigniß, das von den meisten
2845 3490 3426 3556 und einen guten Trunk gern habel
2852 3527 3421 3582 am 16. d. M. bevor. Mögen A
2851 3563 3417 3638 stehen die Säle der Brauerei im
