3436 4352
429 239 786 310 Liebelei
252 229 1387 351 5 box 1276
1908 161 2922 243 sagt, daß bei Arthur Schnitzler Liebelei und Ster¬
1925 205 2936 276 belei gewöhnlich Hand in Hand gingen. Auf das
1927 256 2940 333 gestern aufgeführte dreiaktige Schauspiel, das sich
1921 307 2941 379 ausgesprochen „Liebelei“ nennt, paßt der zitierte
1938 361 2933 415 Ausspruch in erster Linie. In der chiken Garcon¬
1932 403 2941 465 wohnung von Fritz Lobheimer wird nämlich gelie¬
1927 461 2947 534 belt, zu welchem Zweck zwei junge Damen beigezogen
1931 502 2946 568 sind und ein zweiter junger Herr. Die beiden
1931 546 2947 608 Paare sind sehr ungleich, das eine (Theodor Kai¬
2079 601 2935 657 Mitzi Schlager) ist fidel und leichtsinnig,
1920 601 2011 674 ser
1908 646 2951 725 das andere (Fritz Lobheimer — Christine Weiring)¬
1931 693 2939 764 ist sentimental und wird häufig von Ewigkeitsgedan¬
1928 737 2941 807 ken behelligt. Christine ist nämlich ein relativ an¬
1934 783 2943 849 ständiges Mädchen und liebt Fritz wirklich; Fritz
1946 836 2948 910 liebt sie auch, aber er hat im Hintergrund ein
1945 886 2946 959 „dämonisches Weib“, so daß man ahnt, von welcher
1928 939 2951 1018 Gegend her der tragische Einschlag kommt. Ein
1929 1001 2946 1048 Herr erscheint — finster und mit schwarzem Cuta¬
1940 1028 2960 1104 way bekleidet, sagt Fritz, daß seine (des Herrn)
1936 1078 2971 1129 Gattin bei ihm (Fritz) einen Schleier vergessen habe“
1922 1125 2955 1200 und fordert Genugtuung. Wesentlich mehr Hand¬
2727 1171 2946 1219 — Oeilte 0
1955 1204 2985 1298 lung hat aber auch der zweite Alt nicht und im
1955 1259 2990 1343 dritten erfährt die unglückliche Christine, was wir
1968 1322 2992 1392 alle schon lange wissen, daß ihr geliebter Fritz
1976 1377 2986 1444 tot ist — im Zweikampf gefallen für eine andere.
2047 1424 2982 1500 Man soll Schnitzlers „Liebelei“ mit Schillers
1967 1478 2984 1541 „Kabale und Liebe“ verglichen haben. Gerade frap¬
1976 1544 2989 1595 pant ist aber die Aehnlichkeit zwischen den bei¬
1964 1572 2995 1657 den Stücken kaum zu nennen. Allerdings kommt
1960 1640 2987 1709 ja in beiden ein alter Musiker vor, der je
1968 1671 2997 1745 eine Tochter hat. Und in beiden Fällen werden die
1973 1721 2985 1791 Töchter gegen Ende des Stückes sehr unglücklich.
1980 1779 2989 1840 Auch eine gewisse Aehnlichkeit der Titel läßt sich
1968 1831 2997 1896 nicht verkennen. Kabale kommt aber in der
2719 1870 2998 1941 — und Liebe
1970 1879 2707 1944 „Liebelei“ sozusagen gar nicht vor
1970 1924 2991 1992 ist der allgemeinen Anschauung nach doch etwas,
1970 1972 2764 2041 das sich von Liebelei unterscheidet ...
2059 2030 2987 2108 Was man an Schnitzlers „Liebelei“ haupt¬
1977 2081 3003 2141 sächlich rühmen wird, ist seine Personen= und
1979 2132 3007 2184 Milieuschilderung, allenfalls noch ein stellenweise
1974 2185 3003 2251 fließend geführter Dialog. Alles in allem keines¬
1968 2241 2999 2305 wegs genug für ein gutes Schauspiel. Von den
1978 2294 3002 2341 Figuren, die er auf die Bretter stellt, macht
1978 2326 3011 2398 eigentlich nur der alte Violinspieler Weiring den
1975 2369 3006 2447 Eindruck von etwas halbwegs Neuem. Wie er do
1972 2419 2991 2498 der alten Strumpfwirkersfrau sein Herz ausschüt¬
1981 2483 2997 2538 tet, da hat man die Empfindung einer interessan¬
1978 2521 3006 2583 ten, zum mindesten noch nicht abgegriffenen Figur
1967 2567 2993 2652 gegenüberzustehen — man denkt vielleicht an Grill¬
1978 2624 3001 2680 parzers armen Spielmann. Herrn Nelson ist es
1971 2662 3012 2744 gestern trefflich gelungen, diese Gestalt glaubhaft
1980 2725 3005 2788 und sympathisch darzustellen. Sowohl in der
1986 2773 3002 2830 Szene mit der alten Binder, die bei Frl. Kühnau,
1980 2821 3004 2891 wie man wohl nicht mehr zu betonen braucht, in
1982 2881 3010 2927 den allerbesten Händen war, wie auch in der
1992 2923 3011 2971 Aussprache mit seiner Tochter, die Frl. Lederer
1984 2973 3004 3027 ergreifend, stellenweise wirklich erschütternd ver¬
1991 3017 2995 3082 körperte, leistete er Treffliches. Das Paar Mitzi¬
1990 3070 2997 3135 Theodor (Fräulein Bognar und Herr Wonger)
1992 3118 2660 3168 war aufs Beste zusammengebracht
2710 3115 2994 3183 sowohl Fräu¬
1985 3167 2998 3222 lein Bognar wie derr Wonger lagen die gestrigen
1988 3212 3007 3268 Rollen trefflich, mag auch Herr Wonger vielleicht
1980 3268 2996 3332 im ersten Akt stellenweise etwas gewaltsam im
1983 3311 3000 3374 Zentrum der Handlung, wenn man von einer sol¬
1986 3358 3008 3419 chen überhaupt sprechen kann, gestanden sein.
1987 3418 3011 3472 Herrn Olden in einer größeren Rolle zu sehen,
1980 3447 3006 3527 ist immer ein besonderes Vergnügen. Mag die
1980 3513 3009 3578 Rolle des Fritz auch lange nicht so dankbar sein,
1993 3555 2998 3617 wie jene, mit der er seinerzeit in „Anatole“ bril¬
1988 3613 3015 3680 liert hat, so erwies es sich auch gestern, daß
1985 3652 3014 3734 Herr Olden nur einen großen Fehler hat — zu
1990 3707 2384 3776 selten aufzutreten.
2074 3755 2983 3823 Zur Verlängerung des Abends schloß sich ge¬
1981 3811 2995 3872 stern an die „Liebelei“ noch das graziöse, musi¬
1972 3840 2998 3926 kalisch in der Tat hochstehende Altwiener Sing¬
1980 3907 3009 3987 spiel „Brüderlein fein“ von Leo Fall. Es hat
1990 3963 3004 4025 ohne Zweifel den Erfolg gehabt, die, wie uns
1987 4003 2990 4065 schien, gestern nicht gerade sehr animierte Stim¬
1971 4055 2519 4139 mung wesentlich zu heben.
