3436 4352
393 129 738 206 Liebele
225 115 1367 251 5. L##1-1 box 10/1
199 1135 714 1239 Wien, 1. Kodember.
761 1146 2851 1235 bedr ben und dann kann der Einfluß ganz Europasj beeinftußten und angemeinen Geltendmachung der
762 1208 2856 1296 darauf hinwirken, daß die Abwehr mit dem größten] Friedensinteresses gegenüber der Entwicklung im
163 1205 753 1299 ßig kurzer Frist hat sich in
1808 1253 2856 1338 Eriemt eröffnei in. Die Anregung des Wiener
757 1276 1406 1330 Nachdrucke bewerkstelligt wird.
158 1274 753 1336 umt=Constellation ein durch¬
1809 1339 2851 1410 ist ein Schriftsteller von Sudermann's Begabung
763 1365 1795 1429 Verheiratung, und sofort platzt sie nicht nur mit
145 1378 750 1448 ten und Wiedemann's Frau
1809 1394 2859 1458 wohl noch selten verfallen. Elisabeth gesteht ihrem
766 1410 1798 1478 dem Geständniß heraus, daß sie ihn geliebt hat
168 1419 756 1492 ann ist der Freiherr v. Röck¬
1805 1450 2850 1500 Manne ihr Vergehen und ihre Selbstmordab¬
752 1449 1800 1525 und noch liebt, sondern ihre Lippen verschmelzen
181 1460 756 1543 Elisabeth war Erzieherin
1817 1480 2843 1552 sicht. Der Rector eifert Wangel, seinem Ibsen'¬
763 1502 1807 1570 mit denen des Freiherrn in einem langen brünstigen
159 1508 754 1594 beligen Zwillingsbruders des
1815 1532 2857 1605 schen Vorbilde, würdig nach in salbungsvoller
777 1546 1797 1627 Kusse. Der Zuschauer wundert sich, wie billig es
163 1572 743 1626 der „Schmetterlingsschlacht“,
1810 1584 2865 1646 Schafsgeduld, die wir wohl für Seelenadel nehmen
776 1600 1797 1667 weiblich=stolze, willenskräftige „Pflichtnaturen“
157 1613 760 1683 in, wie es scheint. ein Pracht¬
1819 1629 2859 1710 sollen. Die Eröffnungen seiner Frau über die Mo¬
784 1668 1808 1709 Sudermann'scher Mache geben. Widerstandslos,
156 1657 767 1742 tjunker mit allen Abzeichen
1816 1668 2863 1740 tive, welche sie dem Freiherrn an den Hals geworfen
770 1708 1804 1764 besinnungslos erliegen sie der ersten Aufwallung
157 1710 753 1796 er, kraftvoller Race gezeichnet
1809 1720 2862 1778 haben, beantwortet er, bemerkend, daß ihr in diesem
770 1742 1807 1815 ihrer ... wie drückt man das aus? — ihrer
1818 1774 2858 1845 stillen Winkel doch recht behaglich war, mit der
767 1788 1808 1870 localisirt empfundenen Liebe. Herr v. Röcknitz
160 1781 763 1878 e Merkmale und Züge dieses
1824 1823 2866 1893 Einladung, bei ihm zu bleiben. Jung könne er
766 1841 1811 1908 verfährt nun genau so, wie der Mann vom
152 1853 770 1923 #rch Sudermann zu einer Rolle
1822 1863 2862 1940 sich zwar nicht mehr machen, aber auch ihre
775 1881 1807 1946 Meere in Ibsen's Schauspiel. Mit seinem schreck¬
149 1905 765 1969 Nensch, der er sein soll, ist dieser
1822 1913 2859 1985 Jugend, die sie noch zuweilen belästige, werde mit
784 1934 1811 2004 lichen Willen renommirend, kündigt er ihr an,
155 1954 769 2021 Dichter weiß besser, wie einem
1819 1964 2854 2040 der Zeit vergehen. Da sie, ihres Fehltrittes ge¬
774 2000 1814 2045 daß er sie zwingen werde, sein zu werden. Nun
158 2000 769 2065 sie einem Herrn von Röcknitz zu
1813 2014 2873 2096 denkend, anzunehmen zögert in der Besorgniß, daß
789 2033 1815 2100 auch in ihrem Winkel bedroht, mit befleckter
150 2046 764 2122 Köcknitz spricht, fühlt und handelt
1813 2065 2871 2136 er sie, mit diesem Makel behaftet, nicht mehr
778 2090 1812 2155 Seele, beschließt Elisabeth, aus der Welt zu
158 2099 767 2173 kan. An einem solchen kommen
1823 2127 2878 2184 werde achten können, theilt ihr der Rector in
777 2130 1809 2193 fliehen, was sie Herrn Dangel, dem Unterlehrer,
146 2138 776 2217 nge nicht gemein und brutal
1815 2171 2862 2235 überwallendem Edelmuth mit, daß er schon, als
779 2179 1809 2243 der für die blinde Helene eine keimende Neigung
155 2190 769 2261 und ist die Freundin Bettina's,
1817 2208 2873 2277 er sie zur Frau nahm, eine Gefallene zu heiraten
779 2224 1822 2301 hegt, so verständlich andeutet, daß dieser den
153 2239 774 2323 freiherrn. Als dieser ihr mit
1826 2257 2865 2339 glaubte, worauf sie, vor solcher Größe vergehend,
779 2288 1819 2349 Rector noch rechtzeitig warnen kann. Ein fran¬
157 2287 780 2378 aift nahte, wußte sie sich selbst
1834 2315 2866 2379 sagt: „Mir ist, als säh' ich Dich heute zum ersten
781 2319 1821 2407 zösischer Bühnentechniker würde wohl ein minder
166 2344 774 2411 im Herzen entbrannt, keinen
1832 2364 2872 2433 Mal.“ Diesen Ausruf findet der Zuschauer, freilich in
782 2375 1817 2428 primitives Mittel gefunden haben, um dem Gatten
143 2383 780 2466 Wiedemann, den Hauslehrer
1824 2421 2869 2471 einem anderen Sinne, als in dem des Dichters,
790 2423 1816 2488 die Sachlage klar zu machen. Herr Wiedemann
154 2435 785 2507 en, zu heiraten, der längst mit
1833 2449 2872 2525 nach den ungeheuerlichen Aeußerungen des Rec¬
785 2468 1822 2532 paßt seiner Gattin im Studirzimmer auf, durch
152 2483 774 2572 Zu ihr aufgeblickt hat. Nun,
1833 2500 2872 2580 tors nur begreiflich. Schwerer wird es ihm, sich
791 2525 1812 2594 welches sie gehen muß, um das Haus zu ver¬
150 2533 785 2610 Ehe, begegnet sie Herrn von
1829 2560 2876 2610 vorzustellen, wie der Rector es am folgenden
784 2567 1817 2636 lassen. In einer langwierigen Scene zwischen
156 2572 777 2657 hrem eigenen Hause, in welchem
1827 2591 2872 2672 Morgen anfangen wird, den freiherrlichen Ver¬
781 2616 1818 2675 den Gatten, in welcher die Absicht zu rühren
153 2640 785 2710 settina gelegentlich eines Pferde¬
1837 2649 2868 2717 sucher wegzuschaffen. Er wird ihn wohl hinaus¬
794 2661 1829 2737 ebenso unverkennbar ist, als das Unvermögen
155 2675 786 2746 krtier genommen haben. In
1840 2698 2841 2770 langweilen, wozu es ihm an Talent nicht fehlt.
151 2705 1826 2802 dung unter vier Augen stellt hiezu, kommt nun Alles zur Entscheidung. Auf
1939 2726 2885 2834 Sudermann's Schauspiel berührte uns wie
174 2749 1837 2851 Rede über ihre wahnwitzige eine so unreinliche, psychologisch haltlose Lösung
