3484 4224
2173 160 2441 224 I. Oesterr.
309 157 730 234 Liebelei
864 153 1315 260 box 13/3
1774 166 2518 247 OBSERVER peneret. konz.
314 176 840 276 nen  W  A &
1630 188 1777 270 82
1779 227 2529 284 Buro für Zeitungsnachrichten
1719 288 1773 317 —
1780 273 2535 342 WIEN I, WSLLZEILE 11
1714 395 1811 490 5
1969 389 2466 497 Trosesseitunf, Wien
1977 450 2489 597 ATFEB 933
1759 570 2595 657 (Theater in der Josefstadt.) Ein Schnitzler¬
1687 627 2601 691 Abend, an dem man den Ausreißer Paula
1677 656 2586 730 Wesely ganz besonders herzlich zu Hause
1690 703 2595 756 begrüßte. Sie spielt die Christine in der noch
1679 729 2590 798 immer erschütternden, meisterlichen „Lie¬
1677 777 2586 842 belei“ so, wie sich Schnitzler wahrscheinlich in
1681 814 2593 879 seiner Dichterphantasie dieses unglücklich gefühl¬
1678 843 2609 927 volle Wiener Geschöpf erträumte. So echt, so
1676 892 2590 962 innig, o menschlich, so untheatralisch war, von
1678 928 2580 989 der Eandrock und Niese angefangen, noch
1666 951 2580 1037 keine einzige Christine. Die Wessely ist wirklich
1680 1008 2580 1072 des zührende, schwerblütige Ding der Wiener¬
1673 1038 2590 1101 stadt anno 1890, die alles mit schwärmerischer
1664 1072 2586 1134 Opferfreude für das Glück ihrer ersten Liebe
1666 1111 2586 1172 hingibt und das Leben wegwirft, wie der über
1677 1164 2586 1210 alle Zweifel geliebte Mann für eine andere im
1676 1195 2587 1256 Duell sein Leben lassen muß. Im letzten Akt
1664 1222 2586 1287 wächst die Wessely ohne einen einzigen Theater¬
1675 1273 2587 1324 ton zu tragischer Größe. Neben ihr wirkt Hugo
1673 1307 2582 1364 Thimig als schwacher, rührender Vater Wey¬
1677 1343 2579 1390 ring, der die Kraft nicht aufbringt, sein geliebtes
1662 1382 2591 1431 Kind festzuhalten, durch Größe und Einfachheit
1665 1420 2596 1482 der Darstellungskunst überwältigend. Fräulein
1677 1464 2582 1515 Czeppa markiert sehr lustig das süße, gute
1661 1485 2587 1551 Mädel mit dem leichten Blut und mit dem
1675 1535 2584 1575 leichten Sinn. Aber sie spielt eben nur nettes
1670 1571 2590 1650 Theater. Ebenso tut es der fremde Herr des
1660 1605 2597 1669 Herrn Hübner, der zu dem jugendlichen,
1672 1637 2595 1692 lebensgenießerischen Nebenbuhler mit der
2358 1688 2599 1736 ——
1681 1688 2596 1781 Strenge eines Offiziers die tragische Schuld ein¬
1673 1747 2602 1817 kassieren kommt. Eine gute Vorstadt=Type
1679 1785 2586 1852 zeichnet Frau Rosar. Hans Thimig, der Viel¬
1681 1825 2597 1905 seitige und sehr Begabte, bringt schon äußerlich
1686 1867 2586 1941 zu wenig für den Fritz Lobheimer mit, aber er
1677 1903 2586 1968 ist, wie in jedem Fall, sehr nobel in seiner schau¬
1680 1943 2585 2006 spielerischen Diskretion. Den guten, ehrlichen
1674 1987 2587 2050 Warner Theodor spielt der Sohn des Dichters,
1672 2013 2604 2084 Heinrich Schnitzler, elegant, geschmackvoll,
407 2000 1257 2089 „OBSERVER
1671 2043 2600 2119 zum Schluß nur zu stark und auffällig im
497 2069 1203 2142 I. österr. behördl. konzessicniertes
1665 2086 2593 2172 Trauerrand. — Vorher wurde das Puppenspiel
462 2117 1238 2194 Unternehmen für Zeitungs-Ausschnitte
1669 2135 2577 2192 vom „Tapferen Cassian“ das hinter der
1656 2163 2579 2234 Harlekinade viel melancholische Gedankenspielerei
535 2183 1166 2251 WIEN, I., WOLLZEILE 11
1660 2212 2589 2270 versteckt, sehr anständig, aber ohne eigentliche
1657 2237 2586 2296 Wirkung mit Hans Thimig, Frl. Czeppa
607 2242 1107 2297 TELEPHON R-23-0-43
1666 2282 2578 2345 und Herrn Neugebauer gespielt. Mit einem
1669 2316 2583 2380 Akt aus „Lebendigen Stunden“ wäre dem An¬
1665 2351 2583 2427 denken an Schnitler besser gedient gewesen. Paul.
412 2354 799 2449 Ausschnitt aus:
1662 2384 1863 2436 Kalbe#
1880 2383 2570 2446 Erpröbie sich weder als vornehmer
790 2397 1192 2500 eir Hortung Wien
1658 2421 2571 2501 Regisseur von Geist. Paula Wessely soll man
1668 2457 2574 2545 sich jedenfalls nach ihrer „Sissy“ jetzt aber auch
1656 2510 2288 2557 als Christine Weyring anschauen.
776 2509 1288 2618 22FEB.o
407 2586 587 2655 vom:
1424 2658 2615 2741 (gebauer graziös, beziehungsweise zerbrechlich=leicht,
1425 2693 2624 2768 beziehungsweise nußknacker=mächtig unwirklich=wirkliches
469 2593 1246 2807 Theater und Kunst
1433 2760 2618 2834 Leben, als spielte sich alles in einer schimmernden, ach so
425 2781 1319 2873 „Der tapfere Cassian“ — „Liebelei“
1445 2797 2065 2880 vergnüglichen Seifenblase ab.
1461 2825 2620 2907 Die „Liebelei“ hingegen ist wirklich: die reichen
276 2841 1453 2943 Ein Marionettenspiel und eine Komödie in 3 Akten von
1439 2894 2607 2949 Jünglinge von ehedem, die auf heimlichen Wegen nach¬
675 2914 1076 2990 Arthur Schnitzler
1426 2934 2614 3006 dem verführerischen Weib des anderen begehren und
476 2947 1258 3041 Neueinstudiert im Josefstädtertheater
1434 2981 2608 3066 zwischendurch zum Zeitvertreib das kleine, süße Wiener
315 3034 1434 3102 Obwohl wir zu den Allerletzten zählen, die nach Arthur
1433 3025 2618 3095 Mädel in die Arme nehmen. An diesen Dingen konnte
276 3075 1436 3144 Schnitzler rufen, den wir gleich Heine als den „kranken
1453 3078 2614 3142 man so zwischendurch zugrunde gehen und zugrunde rich¬
287 3119 2622 3188 Juden und den großen Dichter“ empfinden, einen Fremden ten. Kommt beides im Stücke vor. Der tändelnd gefangene
280 3172 1451 3240 in feinstem Wiener Kulturgewand, dessen Dichtung nichts
1439 3183 2621 3240 Student fällt unter der rächenden Kugel des Ehemannes
1436 3224 2624 3279 und zieht ein gutes, verliebtes Mädchen mit in den Tod.
286 3233 659 3305 anderes ist als:
550 3251 1190 3342 „Böser Dinge hübsche Formel,
1436 3268 2616 3314 An Stelle weicher Halbheit, die wir bei Schnitzler so sehr
547 3326 1159 3381 Glatte Worte, bunte Bilder,
1439 3311 2615 3391 kennen, trägt „Liebelei“ ein Stück naturalistischer Größe in
1447 3365 2621 3428 sich. Wieviel davon an Schnitzler und wieviel an der Dar¬
540 3363 1192 3438 Halbes, heimliches Empfinden,
1447 3411 2623 3477 stellung des töricht liebenden Mädchens durch Paula
555 3412 1002 3485 Agonien, Episoden“,
294 3471 2618 3517 so müssen wir doch gestehen, daß die gestrige Aufführung Wessely lag, läßt sich nicht sicher sagen. Ihr Spiel war
1448 3499 2621 3571 überhaupt kein Spiel mehr, sondern unmittelbares, un¬
288 3517 1456 3583 des „tapferen Cassian“ und der „Liebelei uns ein Schock
1451 3537 2616 3622 bekümmertes Leben und Erleben, wie ich das noch nie
294 3564 1451 3634 französischer Übersetzungen à la „Hühnerhof“ aufwiegt.
1449 3603 2625 3670 gesehen. War Vater Thimig rührend und ergreifend,
300 3611 1448 3678 Der Schnitzlerabend gibt wohl mit das Beste aus dem kunst¬
1451 3651 2625 3718 [Fräulein Czepa bezwingende Vorstadtkoketterie,
285 3659 1455 3722 reichen, aber innerlich gebrochenen Lebenswerk des vor
1454 3697 2619 3752 Hans Thimig in lässiger Haltlosigkeit eine echt schnitz¬
296 3706 1458 3768 kurzem Verstorbenen. „Der tapfere Cassian“
1460 3738 2619 3804 lerisch=erotische Gestalt, Anni Rosar ein unverfälschtes
295 3762 1460 3820 zaubert ein Marionettenspielchen von Liebesfreude und
1459 3797 2624 3853 Wiener Original, das es dick hinter den Ohren hat, Paula
302 3801 1452 3866 Abschiedsleid, jäher Werbung und Liebestod zwischen Leben
1461 3834 2623 3894 Wessely durchbrach an diesem Abend die Schranken
301 3850 1451 3909 und Puppenmärchenstil reizvoll auf die große Bühne.
299 3880 2614 3957 Diesen Zwischengebilden, halb Gliederpuppe, halb Mensch, jeglichen Theaters und erschütterte uns durch ihr einfach
2394 3925 2595 3999 W. W.
298 3941 2333 4030 gaben Fräulein Czepa, Hans Thimig und Neu=menschliches Dasein. Dank, herzlichen Dank!
