<?xml version="1.0" encoding="UTF-8" standalone="yes"?>
<PcGts xmlns="http://schema.primaresearch.org/PAGE/gts/pagecontent/2013-07-15" xmlns:xsi="http://www.w3.org/2001/XMLSchema-instance" xsi:schemaLocation="http://schema.primaresearch.org/PAGE/gts/pagecontent/2013-07-15 http://schema.primaresearch.org/PAGE/gts/pagecontent/2013-07-15/pagecontent.xsd">
    <Metadata>
        <Creator>prov=University of Rostock/Institute of Mathematics/CITlab/Gundram Leifert/gundram.leifert@uni-rostock.de:name=ONB_Newseye_GT_M1+(htr_id=10810)::::v=2.4.2
prov=University of Rostock/Institute of Mathematics/CITlab/Tobias Gruening/tobias.gruening@uni-rostock.de:name=de.uros.citlab.module.baseline2polygon.B2PSeamMultiOriented:v=2.4.2
prov=University of Rostock/Institute of Mathematics/CITlab/Tobias Gruening/tobias.gruening@uni-rostock.de:name=/mnt/transkribus/LA/DEA/URO/LA_news_onb_att.pb:de.uros.citlab.segmentation.CITlab_LA_ML:v=2.4.2
Transkribus</Creator>
        <Created>2019-10-07T12:01:50.055+02:00</Created>
        <LastChange>2019-10-09T17:02:31.900+02:00</LastChange>
        <TranskribusMetadata docId="223992" pageId="9509761" pageNr="1572" tsid="16679301" status="IN_PROGRESS" userId="40391" imgUrl="https://files.transkribus.eu/Get?id=PPBVYIFOURLIWZPRRUNAKAQX&amp;fileType=view" xmlUrl="https://files.transkribus.eu/Get?id=QNATSRKDKVRNUIMUPBQPJOHK" imageId="6198467"/>
    </Metadata>
    <Page imageFilename="223992_1572.jpeg" imageWidth="3436" imageHeight="4256">
        <ReadingOrder>
            <OrderedGroup id="ro_1711446368495" caption="Regions reading order">
                <RegionRefIndexed index="0" regionRef="r1"/>
                <RegionRefIndexed index="1" regionRef="r2"/>
                <RegionRefIndexed index="2" regionRef="r3"/>
            </OrderedGroup>
        </ReadingOrder>
        <TextRegion orientation="0.0" id="r1" custom="readingOrder {index:0;}">
            <Coords points="0,1419 0,1688 26,1688 26,1419"/>
            <TextLine id="r1l1" custom="readingOrder {index:0;}">
                <Coords points="-25,1468 -6,1474 -1,1472 7,1474 33,1483 54,1420 35,1413 20,1421 14,1415 -4,1408"/>
                <Baseline points="0,1461 18,1467"/>
                <TextEquiv>
                    <Unicode></Unicode>
                </TextEquiv>
            </TextLine>
            <TextLine id="r1l2" custom="readingOrder {index:1;}">
                <Coords points="-21,1598 2,1601 15,1594 34,1597 43,1522 20,1519 11,1526 -12,1523"/>
                <Baseline points="0,1575 18,1577"/>
                <TextEquiv>
                    <Unicode></Unicode>
                </TextEquiv>
            </TextLine>
            <TextLine id="r1l3" custom="readingOrder {index:2;}">
                <Coords points="-24,1675 3,1682 11,1679 42,1687 59,1614 40,1609 21,1621 15,1612 -8,1606"/>
                <Baseline points="0,1661 26,1667"/>
                <TextEquiv>
                    <Unicode></Unicode>
                </TextEquiv>
            </TextLine>
            <TextEquiv>
                <Unicode>

</Unicode>
            </TextEquiv>
        </TextRegion>
        <TextRegion orientation="0.0" id="r2" custom="readingOrder {index:1;}">
            <Coords points="0,2581 0,2736 36,2736 36,2581"/>
            <TextLine id="r2l1" custom="readingOrder {index:0;}">
                <Coords points="-16,2704 15,2700 28,2682 37,2685 56,2682 51,2647 32,2650 28,2654 16,2648 8,2653 -23,2658"/>
                <Baseline points="0,2686 36,2681"/>
                <TextEquiv>
                    <Unicode>#</Unicode>
                </TextEquiv>
            </TextLine>
            <TextEquiv>
                <Unicode>#</Unicode>
            </TextEquiv>
        </TextRegion>
        <TextRegion orientation="0.0" id="r3" custom="readingOrder {index:2;}">
            <Coords points="190,193 190,4150 3372,4150 3372,193"/>
            <TextLine id="r3l1" custom="readingOrder {index:0;}">
                <Coords points="277,212 328,225 719,222 719,158 664,158 648,173 621,153 428,167 404,151 372,162 337,150 309,169 278,165"/>
                <Baseline points="298,215 323,214 348,214 373,213 398,213 423,213 448,213 473,214 498,214 523,215 548,215 573,216 598,216 623,217 648,217 673,218 698,218"/>
                <TextEquiv>
                    <Unicode>Liebelei</Unicode>
                </TextEquiv>
            </TextLine>
            <TextLine id="r3l2" custom="readingOrder {index:1;}">
                <Coords points="839,226 898,247 937,228 1000,242 1063,231 1079,247 1103,232 1170,249 1201,238 1221,258 1304,248 1305,161 1266,164 1215,136 1171,166 1101,133 1006,175 923,173 896,153 840,167"/>
                <Baseline points="860,222 886,222 913,222 939,223 966,224 992,225 1019,225 1045,227 1072,227 1098,228 1125,229 1151,229 1178,230 1204,229 1231,229 1257,229 1284,228"/>
                <TextEquiv>
                    <Unicode>box 13/8</Unicode>
                </TextEquiv>
            </TextLine>
            <TextLine id="r3l3" custom="readingOrder {index:2;}">
                <Coords points="275,254 322,262 358,243 389,264 468,265 512,250 555,267 618,248 689,269 724,258 725,203 276,202"/>
                <Baseline points="296,234 321,235 346,236 372,237 397,237 423,238 448,239 474,239 499,240 524,240 550,241 575,241 601,241 626,241 652,242 677,242 703,242"/>
                <TextEquiv>
                    <Unicode>E E A. K 2</Unicode>
                </TextEquiv>
            </TextLine>
            <TextLine id="r3l4" custom="readingOrder {index:3;}">
                <Coords points="2068,780 2092,779 2096,782 2111,766 2115,770 2123,765 2131,769 2154,768 2151,701 2100,707 2089,716 2085,712 2065,713"/>
                <Baseline points="2086,764 2134,762"/>
                <TextEquiv>
                    <Unicode></Unicode>
                </TextEquiv>
            </TextLine>
            <TextLine id="r3l5" custom="readingOrder {index:4;}">
                <Coords points="178,836 3370,881 3292,787 178,789"/>
                <Baseline points="197,832 354,836 512,839 669,842 827,844 985,846 1142,847 1300,849 1457,849 1615,850 1773,850 1930,850 2088,850 2245,850 2403,850 2561,850 2718,850 2876,850 3033,850 3191,851 3349,852"/>
                <TextEquiv>
                    <Unicode>eine gefälscht. In recht dreister Weise hat er den Fabrikanten trägt dieser Protektionsunfug dazu bei, die pflichttreuen Künstler Mlutoren auch das Ausland zu Wort komme</Unicode>
                </TextEquiv>
            </TextLine>
            <TextLine id="r3l6" custom="readingOrder {index:5;}">
                <Coords points="182,881 1305,899 1306,848 183,838"/>
                <Baseline points="201,872 255,874 309,876 363,878 417,879 472,881 526,882 580,883 634,884 688,885 743,885 797,886 851,886 905,887 959,887 1014,887 1068,887 1122,887 1176,887 1230,887 1285,887"/>
                <TextEquiv>
                    <Unicode>arella um 500 M. betrogen. Letzterer wurde eines Tages</Unicode>
                </TextEquiv>
            </TextLine>
            <TextLine id="r3l7" custom="readingOrder {index:6;}">
                <Coords points="2941,894 2988,879 3019,903 3067,891 3098,903 3126,891 3181,895 3201,880 3280,900 3335,892 3335,841 3307,833 3197,852 3047,852 2941,835"/>
                <Baseline points="2961,884 2986,886 3011,888 3037,889 3062,890 3088,891 3113,891 3139,891 3164,891 3189,890 3215,890 3240,889 3266,888 3291,888 3317,888"/>
                <TextEquiv>
                    <Unicode>ch zusammen aus:</Unicode>
                </TextEquiv>
            </TextLine>
            <TextLine id="r3l8" custom="readingOrder {index:7;}">
                <Coords points="1293,887 2853,899 2924,836 1293,843"/>
                <Baseline points="1313,887 1392,888 1472,889 1551,890 1631,890 1711,890 1790,891 1870,891 1950,891 2029,891 2109,890 2189,890 2268,890 2348,890 2428,889 2507,889 2587,889 2667,889 2746,889 2826,890 2906,890"/>
                <TextEquiv>
                    <Unicode>anzuspornen, ihr Bestes zu leisten, das mindestens so gut ist wie (Das Repertoire setzt</Unicode>
                </TextEquiv>
            </TextLine>
            <TextLine id="r3l9" custom="readingOrder {index:8;}">
                <Coords points="175,929 1274,938 1303,891 176,874"/>
                <Baseline points="195,914 249,915 303,918 358,920 412,921 467,922 521,924 575,925 630,926 684,926 739,927 793,928 847,928 902,929 956,929 1011,930 1065,930 1119,931 1174,932 1228,932 1283,933"/>
                <TextEquiv>
                    <Unicode>irch den Fernsprecher angeklingelt und auf seine Frage,</Unicode>
                </TextEquiv>
            </TextLine>
            <TextLine id="r3l10" custom="readingOrder {index:9;}">
                <Coords points="2437,922 2725,950 3024,929 3139,961 3273,921 3363,941 3363,882 3332,874 2437,895"/>
                <Baseline points="2455,930 2499,931 2543,932 2588,932 2632,933 2677,933 2721,933 2765,933 2810,933 2854,933 2899,932 2943,932 2987,932 3032,932 3076,931 3121,931 3165,931 3209,931 3254,931 3298,931 3343,931"/>
                <TextEquiv>
                    <Unicode>Winkel“, „Schmetterlingsschlacht“ und „Heimath“ von</Unicode>
                </TextEquiv>
            </TextLine>
            <TextLine id="r3l11" custom="readingOrder {index:10;}">
                <Coords points="1289,934 2460,929 2460,886 1289,886"/>
                <Baseline points="1308,930 1364,931 1421,932 1477,933 1534,933 1591,933 1647,934 1704,934 1761,934 1817,933 1874,933 1931,933 1987,933 2044,932 2101,932 2157,932 2214,932 2271,932 2327,932 2384,932 2441,932"/>
                <TextEquiv>
                    <Unicode>das Beste Rittner's, dessen Ferdinand heute noch in des</Unicode>
                </TextEquiv>
            </TextLine>
            <TextLine id="r3l12" custom="readingOrder {index:11;}">
                <Coords points="174,957 1313,990 1314,935 1149,916 175,901"/>
                <Baseline points="194,950 248,953 303,956 358,958 413,960 468,962 523,964 578,965 633,966 688,967 743,968 797,968 852,968 907,969 962,969 1017,969 1072,969 1127,969 1182,970 1237,970 1292,970"/>
                <TextEquiv>
                    <Unicode>er dort sei, erwiderte ihm der am Telephon stehende Angeklagte:</Unicode>
                </TextEquiv>
            </TextLine>
            <TextLine id="r3l13" custom="readingOrder {index:12;}">
                <Coords points="1289,977 3363,975 3280,924 1289,925"/>
                <Baseline points="1309,971 1410,972 1512,973 1613,974 1715,974 1817,975 1918,975 2020,975 2122,975 2223,974 2325,974 2427,974 2528,973 2630,973 2732,973 2833,973 2935,972 3037,972 3138,972 3240,973 3342,973"/>
                <TextEquiv>
                    <Unicode>Kunstkenners Nachtgebet hart an dem Teufel steht, obschon Herr |) Wilde Jagd“ und „Fräulein Wittwe“ von Fuld</Unicode>
                </TextEquiv>
            </TextLine>
            <TextLine id="r3l14" custom="readingOrder {index:13;}">
                <Coords points="174,1020 600,990 1305,1024 1306,977 175,945"/>
                <Baseline points="196,994 250,995 304,997 359,997 413,999 468,1000 522,1001 577,1002 631,1003 686,1004 740,1005 794,1006 849,1007 903,1007 958,1008 1012,1008 1067,1009 1121,1009 1176,1009 1230,1009 1285,1009"/>
                <TextEquiv>
                    <Unicode>Hier Fritz Friedmann!“ Der Pfeudo=Rechtsanwalt bat Herrn</Unicode>
                </TextEquiv>
            </TextLine>
            <TextLine id="r3l15" custom="readingOrder {index:14;}">
                <Coords points="2451,1023 2609,999 2755,1006 2787,1034 3058,997 3137,1025 3374,1016 3374,976 3342,973 2451,968"/>
                <Baseline points="2471,1010 2515,1011 2559,1012 2603,1012 2647,1012 2692,1013 2736,1013 2780,1012 2824,1012 2868,1012 2913,1012 2957,1011 3001,1011 3045,1011 3089,1010 3134,1010 3178,1010 3222,1009 3266,1009 3310,1009 3355,1009"/>
                <TextEquiv>
                    <Unicode>Guckerl“ von Schönthan und Koppel =Ellfel##</Unicode>
                </TextEquiv>
            </TextLine>
            <TextLine id="r3l16" custom="readingOrder {index:15;}">
                <Coords points="1289,1014 2451,1015 2451,976 2373,960 1289,959"/>
                <Baseline points="1308,1008 1364,1009 1420,1010 1476,1011 1532,1011 1589,1012 1645,1012 1701,1012 1757,1013 1813,1013 1870,1013 1926,1013 1982,1013 2038,1013 2094,1013 2151,1013 2207,1013 2263,1014 2319,1014 2375,1014 2432,1015"/>
                <TextEquiv>
                    <Unicode>Brahm in ihm den Retter Schiller's erblickt hat. Auch von der</Unicode>
                </TextEquiv>
            </TextLine>
            <TextLine id="r3l17" custom="readingOrder {index:16;}">
                <Coords points="176,1035 1303,1053 1304,1010 1225,1005 177,996"/>
                <Baseline points="194,1036 248,1038 302,1038 357,1040 411,1041 466,1042 520,1043 574,1044 629,1044 683,1045 738,1046 792,1047 846,1048 901,1048 955,1049 1010,1049 1064,1049 1118,1049 1173,1050 1227,1050 1282,1049"/>
                <TextEquiv>
                    <Unicode>arella um ein Darlehn von 500 M., da er eine schleunige Reise</Unicode>
                </TextEquiv>
            </TextLine>
            <TextLine id="r3l18" custom="readingOrder {index:17;}">
                <Coords points="1297,1053 2455,1065 2456,1014 1297,1014"/>
                <Baseline points="1317,1048 1372,1049 1428,1049 1484,1049 1540,1049 1596,1050 1652,1050 1707,1050 1763,1051 1819,1051 1875,1051 1931,1052 1987,1052 2043,1052 2098,1052 2154,1052 2210,1052 2266,1052 2322,1052 2378,1052 2434,1052"/>
                <TextEquiv>
                    <Unicode>Verderblichkeit des im Brahm=Tempel grassirenden Kastengeistes — hier</Unicode>
                </TextEquiv>
            </TextLine>
            <TextLine id="r3l19" custom="readingOrder {index:18;}">
                <Coords points="2456,1057 3366,1060 3366,1005 2456,1002"/>
                <Baseline points="2476,1049 2519,1049 2563,1050 2606,1051 2650,1051 2693,1051 2737,1052 2780,1052 2824,1052 2867,1053 2911,1053 2955,1053 2998,1053 3042,1053 3085,1053 3129,1053 3172,1053 3216,1053 3259,1052 3303,1052 3347,1052"/>
                <TextEquiv>
                    <Unicode>on Skowronnek, Kinder der Excellenz" von</Unicode>
                </TextEquiv>
            </TextLine>
            <TextLine id="r3l20" custom="readingOrder {index:19;}">
                <Coords points="184,1078 988,1104 1299,1096 1300,1052 185,1035"/>
                <Baseline points="202,1076 255,1077 309,1079 363,1080 417,1081 471,1082 525,1083 579,1084 633,1085 687,1086 741,1087 794,1087 848,1088 902,1088 956,1089 1010,1089 1064,1089 1118,1089 1172,1089 1226,1089 1280,1088"/>
                <TextEquiv>
                    <Unicode>zutreten habe und in augenblicklicher Verlegenheit sei. Barella</Unicode>
                </TextEquiv>
            </TextLine>
            <TextLine id="r3l21" custom="readingOrder {index:20;}">
                <Coords points="1297,1092 2456,1095 2428,1056 2215,1044 1297,1048"/>
                <Baseline points="1317,1092 1372,1092 1428,1091 1484,1091 1540,1091 1596,1091 1652,1090 1707,1090 1763,1090 1819,1090 1875,1090 1931,1091 1987,1091 2043,1091 2098,1091 2154,1091 2210,1091 2266,1091 2322,1091 2378,1091 2434,1091"/>
                <TextEquiv>
                    <Unicode>ist nicht etwa vom Souffleurkastengeist die Rede — ist Unerbauliches</Unicode>
                </TextEquiv>
            </TextLine>
            <TextLine id="r3l22" custom="readingOrder {index:21;}">
                <Coords points="2463,1092 2704,1077 2743,1105 3224,1111 3315,1087 3315,1040 2464,1057"/>
                <Baseline points="2484,1089 2524,1090 2565,1090 2605,1091 2646,1091 2687,1092 2727,1092 2768,1093 2808,1093 2849,1093 2890,1094 2930,1094 2971,1094 3011,1094 3052,1094 3093,1094 3133,1093 3174,1093 3214,1092 3255,1092 3296,1091"/>
                <TextEquiv>
                    <Unicode>Probepfeil“ von Blumenthal, „Nachruhm“</Unicode>
                </TextEquiv>
            </TextLine>
            <TextLine id="r3l23" custom="readingOrder {index:22;}">
                <Coords points="184,1129 1292,1134 1292,1090 1233,1086 185,1066"/>
                <Baseline points="202,1115 255,1118 308,1120 362,1122 415,1123 469,1124 522,1125 576,1125 629,1126 683,1126 736,1126 789,1126 843,1126 896,1126 950,1126 1003,1126 1057,1127 1110,1127 1164,1127 1217,1128 1271,1128"/>
                <TextEquiv>
                    <Unicode>klärte sich zur Hergabe des Darlehns bereit und nach einiger</Unicode>
                </TextEquiv>
            </TextLine>
            <TextLine id="r3l24" custom="readingOrder {index:23;}">
                <Coords points="1290,1134 2461,1136 2461,1089 1291,1083"/>
                <Baseline points="1312,1131 1368,1131 1424,1131 1481,1132 1537,1132 1594,1132 1650,1132 1706,1132 1763,1132 1819,1132 1876,1132 1932,1132 1988,1132 2045,1132 2101,1132 2158,1132 2214,1133 2270,1133 2327,1133 2383,1134 2440,1135"/>
                <TextEquiv>
                    <Unicode>bemerkbar. Der Kastengeist hat es z. B. auf dem Gewissen, daß</Unicode>
                </TextEquiv>
            </TextLine>
            <TextLine id="r3l25" custom="readingOrder {index:24;}">
                <Coords points="2462,1130 3372,1139 3372,1096 3317,1080 3230,1108 3171,1080 2462,1095"/>
                <Baseline points="2480,1131 2523,1132 2567,1133 2610,1134 2654,1134 2698,1135 2741,1135 2785,1135 2829,1135 2872,1135 2916,1135 2960,1135 3003,1135 3047,1135 3091,1134 3134,1134 3178,1134 3222,1134 3265,1134 3309,1134 3353,1135"/>
                <TextEquiv>
                    <Unicode>Misch, Freytag's „Journalisten“, „Goldfische“, „Mit frek</Unicode>
                </TextEquiv>
            </TextLine>
            <TextLine id="r3l26" custom="readingOrder {index:25;}">
                <Coords points="175,1168 1204,1185 1294,1178 1295,1134 176,1101"/>
                <Baseline points="195,1158 249,1160 303,1161 357,1162 411,1163 465,1164 519,1165 573,1166 627,1166 681,1166 735,1167 789,1167 843,1167 897,1167 951,1167 1005,1168 1059,1168 1113,1168 1167,1169 1221,1169 1275,1170"/>
                <TextEquiv>
                    <Unicode>it erschien der Angeklagte und hob gegen eine von ihm selbst</Unicode>
                </TextEquiv>
            </TextLine>
            <TextLine id="r3l27" custom="readingOrder {index:26;}">
                <Coords points="1292,1187 2415,1184 2455,1176 2455,1121 1292,1132"/>
                <Baseline points="1313,1173 1369,1173 1425,1173 1481,1173 1537,1173 1594,1173 1650,1173 1706,1173 1762,1173 1818,1173 1875,1174 1931,1174 1987,1174 2043,1174 2099,1174 2156,1174 2212,1174 2268,1173 2324,1173 2380,1173 2437,1173"/>
                <TextEquiv>
                    <Unicode>gegen den Herrn Schnitzler, den rasch bekannt und geschätzt</Unicode>
                </TextEquiv>
            </TextLine>
            <TextLine id="r3l28" custom="readingOrder {index:27;}">
                <Coords points="2450,1181 2694,1186 2754,1158 2836,1194 2962,1190 3049,1159 3289,1190 3372,1183 3372,1112 3010,1143 2450,1122"/>
                <Baseline points="2471,1173 2515,1173 2559,1174 2603,1174 2647,1174 2691,1175 2735,1175 2779,1175 2823,1175 2867,1176 2911,1176 2955,1176 2999,1176 3043,1176 3087,1176 3131,1176 3175,1175 3219,1175 3263,1174 3307,1174 3351,1173"/>
                <TextEquiv>
                    <Unicode>ston Schönthan, Recht der Frau“ von Ednark Krä</Unicode>
                </TextEquiv>
            </TextLine>
            <TextLine id="r3l29" custom="readingOrder {index:28;}">
                <Coords points="184,1208 1304,1212 1304,1168 185,1161"/>
                <Baseline points="204,1199 258,1200 312,1201 366,1202 420,1203 474,1204 528,1204 582,1205 636,1206 690,1207 744,1207 798,1208 852,1208 906,1209 960,1209 1014,1209 1068,1210 1122,1210 1176,1210 1230,1210 1284,1210"/>
                <TextEquiv>
                    <Unicode>fertigte Quittung des Rechtsanwalts Dr. Fritz Friedmann die</Unicode>
                </TextEquiv>
            </TextLine>
            <TextLine id="r3l30" custom="readingOrder {index:29;}">
                <Coords points="1291,1216 2383,1226 2465,1218 2465,1155 1291,1169"/>
                <Baseline points="1309,1214 1365,1213 1422,1212 1479,1212 1536,1212 1593,1212 1650,1212 1707,1212 1764,1212 1821,1213 1878,1213 1934,1213 1991,1214 2048,1214 2105,1214 2162,1214 2219,1214 2276,1214 2333,1214 2390,1213 2447,1212"/>
                <TextEquiv>
                    <Unicode>gewordenen Autor der „Liebelei“, das Gastrecht in brutalster</Unicode>
                </TextEquiv>
            </TextLine>
            <TextLine id="r3l31" custom="readingOrder {index:30;}">
                <Coords points="2468,1224 3359,1226 3359,1182 3328,1178 2468,1165"/>
                <Baseline points="2487,1214 2529,1213 2572,1213 2614,1213 2657,1213 2700,1213 2742,1213 2785,1213 2827,1214 2870,1214 2913,1215 2955,1215 2998,1216 3040,1216 3083,1217 3126,1217 3168,1217 3211,1217 3253,1217 3296,1216 3339,1215"/>
                <TextEquiv>
                    <Unicode>In Konrad Alberti, „Villa Vielliebchen“ von Ja</Unicode>
                </TextEquiv>
            </TextLine>
            <TextLine id="r3l32" custom="readingOrder {index:31;}">
                <Coords points="169,1243 1296,1259 1296,1219 1214,1206 169,1204"/>
                <Baseline points="190,1240 244,1240 298,1241 353,1243 407,1243 462,1244 516,1245 570,1246 625,1247 679,1247 734,1248 788,1248 842,1249 897,1249 951,1250 1006,1250 1060,1250 1114,1250 1169,1250 1223,1250 1278,1250"/>
                <TextEquiv>
                    <Unicode>umme ab. Die von ihm unterschlagenen Gelder erreichen eine</Unicode>
                </TextEquiv>
            </TextLine>
            <TextLine id="r3l33" custom="readingOrder {index:32;}">
                <Coords points="1287,1255 3353,1253 2825,1197 1287,1215"/>
                <Baseline points="1308,1253 1409,1252 1510,1252 1611,1252 1712,1252 1813,1252 1914,1252 2016,1253 2117,1253 2218,1254 2319,1254 2420,1255 2521,1255 2622,1255 2724,1255 2825,1255 2926,1255 3027,1254 3128,1254 3229,1252 3331,1251"/>
                <TextEquiv>
                    <Unicode>Weise verletzt worden ist. Der Dichter wohnte den Proben und ppelter Bekehrung“ von Linsemann, „Sie weint“</Unicode>
                </TextEquiv>
            </TextLine>
            <TextLine id="r3l34" custom="readingOrder {index:33;}">
                <Coords points="175,1279 1164,1314 1290,1299 1291,1248 175,1240"/>
                <Baseline points="195,1278 248,1279 302,1281 356,1282 410,1283 464,1284 518,1285 571,1286 625,1287 679,1288 733,1289 787,1289 841,1290 895,1290 948,1291 1002,1291 1056,1291 1110,1290 1164,1290 1218,1289 1272,1289"/>
                <TextEquiv>
                    <Unicode>he von über 1200 M. Es scheint so, als ob er den größten</Unicode>
                </TextEquiv>
            </TextLine>
            <TextLine id="r3l35" custom="readingOrder {index:34;}">
                <Coords points="1287,1298 2466,1312 2442,1249 1287,1243"/>
                <Baseline points="1307,1290 1363,1291 1420,1292 1477,1293 1534,1294 1591,1294 1648,1294 1705,1295 1762,1295 1819,1295 1876,1295 1932,1294 1989,1294 2046,1294 2103,1294 2160,1294 2217,1294 2274,1293 2331,1293 2388,1294 2445,1294"/>
                <TextEquiv>
                    <Unicode>der Aufführung seines Stückes bei, welches, nebenbei bemerkt, dem</Unicode>
                </TextEquiv>
            </TextLine>
            <TextLine id="r3l36" custom="readingOrder {index:35;}">
                <Coords points="2439,1306 3361,1296 3333,1257 2439,1259"/>
                <Baseline points="2459,1298 2503,1297 2547,1297 2591,1297 2635,1297 2679,1297 2723,1297 2768,1297 2812,1297 2856,1297 2900,1297 2944,1297 2988,1297 3032,1297 3077,1297 3121,1296 3165,1296 3209,1296 3253,1295 3297,1295 3342,1294"/>
                <TextEquiv>
                    <Unicode>Eine Momentaufnahme“ von W. A. Meyer. Von</Unicode>
                </TextEquiv>
            </TextLine>
            <TextLine id="r3l37" custom="readingOrder {index:36;}">
                <Coords points="169,1314 1292,1337 1292,1297 169,1275"/>
                <Baseline points="190,1323 244,1323 298,1324 352,1324 406,1324 460,1325 514,1325 568,1326 622,1327 676,1327 730,1328 784,1328 838,1329 892,1330 946,1330 1000,1331 1054,1331 1108,1331 1162,1332 1216,1332 1271,1332"/>
                <TextEquiv>
                    <Unicode>heil der unterschlagenen Summe in Kneipen vergendet habe. Sein</Unicode>
                </TextEquiv>
            </TextLine>
            <TextLine id="r3l38" custom="readingOrder {index:37;}">
                <Coords points="2444,1360 2467,1360 2491,1340 2511,1340 2511,1305 2491,1305 2487,1301 2471,1301 2467,1297 2463,1301 2444,1301"/>
                <Baseline points="2462,1334 2490,1334"/>
                <TextEquiv>
                    <Unicode></Unicode>
                </TextEquiv>
            </TextLine>
            <TextLine id="r3l39" custom="readingOrder {index:38;}">
                <Coords points="1297,1344 2467,1347 2420,1300 1297,1296"/>
                <Baseline points="1315,1332 1371,1333 1428,1333 1484,1334 1541,1334 1597,1335 1654,1335 1710,1335 1767,1335 1823,1335 1880,1335 1937,1335 1993,1335 2050,1335 2106,1335 2163,1335 2219,1335 2276,1336 2332,1336 2389,1337 2446,1338"/>
                <TextEquiv>
                    <Unicode>Deutschen Theater den ersten unbestrittenen Erfolg und auch</Unicode>
                </TextEquiv>
            </TextLine>
            <TextLine id="r3l40" custom="readingOrder {index:39;}">
                <Coords points="2485,1328 3360,1344 3360,1296 2485,1296"/>
                <Baseline points="2505,1336 2546,1336 2588,1335 2630,1335 2672,1334 2713,1334 2755,1334 2797,1334 2839,1334 2880,1335 2922,1335 2964,1335 3006,1336 3047,1336 3089,1337 3131,1337 3173,1337 3214,1338 3256,1338 3298,1338 3340,1338"/>
                <TextEquiv>
                    <Unicode>Berken sollen Rob. Bracco's „Untreu“, Cognetti's „A</Unicode>
                </TextEquiv>
            </TextLine>
            <TextLine id="r3l41" custom="readingOrder {index:40;}">
                <Coords points="184,1365 1300,1384 1300,1321 185,1310"/>
                <Baseline points="204,1359 257,1361 311,1362 365,1363 418,1364 472,1366 526,1367 579,1368 633,1368 687,1369 741,1370 794,1370 848,1370 902,1370 955,1371 1009,1371 1063,1371 1116,1370 1170,1370 1224,1370 1278,1369"/>
                <TextEquiv>
                    <Unicode>rleben ist nicht makellos. Er hat s. Z. sieben Jahre ehrlich und redlich</Unicode>
                </TextEquiv>
            </TextLine>
            <TextLine id="r3l42" custom="readingOrder {index:41;}">
                <Coords points="1289,1387 2424,1386 2463,1382 2464,1311 2223,1346 1289,1336"/>
                <Baseline points="1309,1374 1365,1374 1422,1374 1479,1374 1536,1374 1592,1375 1649,1375 1706,1375 1763,1376 1819,1376 1876,1376 1933,1377 1990,1377 2046,1377 2103,1377 2160,1377 2217,1377 2273,1377 2330,1376 2387,1376 2444,1375"/>
                <TextEquiv>
                    <Unicode>einige nicht überflüssige volle Kassen zuführte. Wer den</Unicode>
                </TextEquiv>
            </TextLine>
            <TextLine id="r3l43" custom="readingOrder {index:42;}">
                <Coords points="2456,1382 3366,1385 3362,1333 2456,1335"/>
                <Baseline points="2474,1377 2517,1376 2561,1376 2604,1376 2648,1376 2691,1377 2735,1377 2778,1377 2822,1377 2865,1377 2909,1377 2953,1378 2996,1378 3040,1378 3083,1378 3127,1378 3170,1378 3214,1378 3257,1378 3301,1378 3345,1378"/>
                <TextEquiv>
                    <Unicode>Isen's „Nora“ und „Baumeister Solneß“, Echegaray</Unicode>
                </TextEquiv>
            </TextLine>
            <TextLine id="r3l44" custom="readingOrder {index:43;}">
                <Coords points="201,1409 1301,1414 1301,1367 1246,1358 201,1365"/>
                <Baseline points="220,1401 273,1403 326,1404 379,1406 432,1407 485,1408 538,1409 591,1410 644,1411 697,1411 750,1412 803,1412 856,1412 909,1412 962,1412 1015,1412 1068,1412 1121,1412 1174,1412 1227,1411 1280,1411"/>
                <TextEquiv>
                    <Unicode>einem hiesigen Rechtsanwalt gearbeitet und das allerbeste</Unicode>
                </TextEquiv>
            </TextLine>
            <TextLine id="r3l45" custom="readingOrder {index:44;}">
                <Coords points="1295,1416 2458,1417 2458,1373 2415,1361 1295,1373"/>
                <Baseline points="1313,1412 1369,1412 1425,1412 1481,1413 1537,1413 1593,1414 1649,1414 1706,1415 1762,1416 1818,1416 1874,1417 1930,1417 1986,1418 2042,1418 2099,1418 2155,1418 2211,1417 2267,1416 2323,1416 2379,1414 2436,1413"/>
                <TextEquiv>
                    <Unicode>Seelenzustand eines Verfassers bei solchen höllischen Ge¬</Unicode>
                </TextEquiv>
            </TextLine>
            <TextLine id="r3l46" custom="readingOrder {index:45;}">
                <Coords points="2493,1420 3376,1434 3376,1383 2493,1365"/>
                <Baseline points="2512,1413 2554,1414 2596,1415 2638,1416 2681,1416 2723,1417 2765,1418 2807,1418 2850,1419 2892,1419 2934,1420 2976,1420 3019,1420 3061,1420 3103,1420 3145,1420 3188,1420 3230,1420 3272,1420 3314,1419 3357,1418"/>
                <TextEquiv>
                    <Unicode>Perbotene Früchte“ von Cervantes, Ohnet's „Hütte</Unicode>
                </TextEquiv>
            </TextLine>
            <TextLine id="r3l47" custom="readingOrder {index:46;}">
                <Coords points="2450,1432 2470,1430 2476,1421 2489,1427 2499,1414 2519,1412 2513,1365 2493,1367 2484,1360 2477,1361 2462,1375 2443,1378"/>
                <Baseline points="2467,1423 2498,1419"/>
                <TextEquiv>
                    <Unicode>11</Unicode>
                </TextEquiv>
            </TextLine>
            <TextLine id="r3l48" custom="readingOrder {index:47;}">
                <Coords points="180,1452 1292,1462 1292,1407 1257,1398 437,1419 181,1385"/>
                <Baseline points="199,1441 252,1443 306,1444 360,1446 413,1447 467,1448 521,1449 574,1451 628,1451 682,1452 736,1453 789,1453 843,1453 897,1454 950,1454 1004,1453 1058,1453 1111,1452 1165,1452 1219,1451 1273,1450"/>
                <TextEquiv>
                    <Unicode>ugniß erhalten. Dann ist er auf die schiefe Ebene gerathen</Unicode>
                </TextEquiv>
            </TextLine>
            <TextLine id="r3l49" custom="readingOrder {index:48;}">
                <Coords points="1283,1471 2450,1456 2450,1416 2355,1404 1283,1416"/>
                <Baseline points="1303,1457 1359,1456 1415,1455 1471,1455 1528,1455 1584,1455 1640,1455 1697,1456 1753,1457 1809,1457 1866,1458 1922,1459 1978,1459 2034,1460 2091,1460 2147,1460 2203,1460 2260,1459 2316,1458 2372,1457 2429,1455"/>
                <TextEquiv>
                    <Unicode>legenheiten kennt oder ihn sich denken kann, der wird</Unicode>
                </TextEquiv>
            </TextLine>
            <TextLine id="r3l50" custom="readingOrder {index:49;}">
                <Coords points="2521,1460 3353,1474 3353,1423 2521,1412"/>
                <Baseline points="2541,1452 2580,1454 2620,1456 2659,1458 2699,1459 2738,1460 2778,1461 2817,1461 2857,1461 2896,1461 2936,1461 2975,1460 3015,1460 3054,1460 3094,1459 3133,1459 3173,1459 3212,1459 3252,1459 3291,1459 3331,1460"/>
                <TextEquiv>
                    <Unicode>entzückende Pantomime „Der verlorene Sohn“</Unicode>
                </TextEquiv>
            </TextLine>
            <TextLine id="r3l51" custom="readingOrder {index:50;}">
                <Coords points="176,1491 1142,1508 1303,1501 1304,1462 177,1432"/>
                <Baseline points="197,1482 251,1484 305,1485 360,1486 414,1487 468,1488 523,1490 577,1491 631,1491 686,1492 740,1493 794,1493 849,1494 903,1494 957,1494 1012,1494 1066,1494 1120,1493 1175,1492 1229,1492 1284,1490"/>
                <TextEquiv>
                    <Unicode>d ver einiger Zeit wegen Unterschlagung zu 15 Jahren Ge¬</Unicode>
                </TextEquiv>
            </TextLine>
            <TextLine id="r3l52" custom="readingOrder {index:51;}">
                <Coords points="1287,1503 2430,1508 2454,1461 1287,1468"/>
                <Baseline points="1307,1495 1363,1495 1419,1496 1475,1496 1532,1496 1588,1497 1644,1497 1701,1497 1757,1498 1813,1498 1870,1498 1926,1498 1982,1498 2038,1498 2095,1498 2151,1498 2207,1497 2264,1497 2320,1497 2376,1496 2433,1495"/>
                <TextEquiv>
                    <Unicode>es begreiflich finden, wenn ein solcher Mann nicht jeden Augenblick</Unicode>
                </TextEquiv>
            </TextLine>
            <TextLine id="r3l53" custom="readingOrder {index:52;}">
                <Coords points="2518,1504 2604,1517 2664,1501 2727,1517 2742,1502 2829,1502 2963,1519 3058,1496 3058,1468 2971,1471 2955,1456 2888,1471 2518,1457"/>
                <Baseline points="2536,1495 2561,1496 2586,1497 2611,1498 2636,1498 2661,1500 2686,1500 2711,1500 2736,1501 2761,1501 2787,1502 2812,1502 2837,1502 2862,1502 2887,1502 2912,1501 2937,1501 2962,1500 2987,1499 3012,1498 3038,1497"/>
                <TextEquiv>
                    <Unicode>Aufführung gebracht werden.</Unicode>
                </TextEquiv>
            </TextLine>
            <TextLine id="r3l54" custom="readingOrder {index:53;}">
                <Coords points="172,1539 1300,1540 1300,1501 1205,1492 173,1476"/>
                <Baseline points="192,1525 246,1526 300,1527 355,1528 409,1529 464,1530 518,1530 572,1531 627,1532 681,1533 736,1534 790,1534 844,1535 899,1535 953,1535 1008,1535 1062,1535 1116,1535 1171,1534 1225,1533 1280,1532"/>
                <TextEquiv>
                    <Unicode>igniß verurtheilt worden. Bald nach seiner Entlassung aus dem</Unicode>
                </TextEquiv>
            </TextLine>
            <TextLine id="r3l55" custom="readingOrder {index:54;}">
                <Coords points="1297,1545 2448,1540 2448,1509 2196,1493 1297,1501"/>
                <Baseline points="1315,1535 1370,1536 1426,1536 1481,1537 1537,1537 1593,1538 1648,1538 1704,1538 1760,1539 1815,1539 1871,1539 1927,1539 1982,1539 2038,1538 2094,1538 2149,1538 2205,1537 2261,1537 2316,1536 2372,1535 2428,1535"/>
                <TextEquiv>
                    <Unicode>daran denken kann, daß er vielleicht eine dem ältesten Adel an¬</Unicode>
                </TextEquiv>
            </TextLine>
            <TextLine id="r3l56" custom="readingOrder {index:55;}">
                <Coords points="2576,1537 3183,1561 3364,1546 3365,1495 2576,1506"/>
                <Baseline points="2597,1538 2634,1540 2671,1540 2709,1541 2746,1542 2783,1543 2821,1543 2858,1544 2895,1544 2933,1545 2970,1545 3007,1545 3045,1545 3082,1545 3119,1545 3157,1545 3194,1545 3231,1544 3269,1544 3306,1544 3344,1543"/>
                <TextEquiv>
                    <Unicode>Mrs. Keeley, die älteste englische Schaust</Unicode>
                </TextEquiv>
            </TextLine>
            <TextLine id="r3l57" custom="readingOrder {index:56;}">
                <Coords points="179,1570 1290,1585 1290,1533 1259,1529 179,1519"/>
                <Baseline points="198,1565 251,1565 305,1566 358,1567 412,1568 466,1569 519,1570 573,1571 626,1571 680,1572 734,1573 787,1574 841,1574 894,1575 948,1575 1002,1575 1055,1575 1109,1574 1162,1574 1216,1573 1270,1572"/>
                <TextEquiv>
                    <Unicode>fängniß hat er Anstellung bei Dr. Löwenstein und Friedmann</Unicode>
                </TextEquiv>
            </TextLine>
            <TextLine id="r3l58" custom="readingOrder {index:57;}">
                <Coords points="1296,1589 1985,1598 2210,1566 2438,1594 2462,1535 1296,1542"/>
                <Baseline points="1317,1579 1373,1579 1429,1579 1486,1578 1542,1578 1598,1578 1655,1578 1711,1578 1767,1578 1824,1578 1880,1578 1936,1578 1993,1578 2049,1578 2105,1578 2162,1578 2218,1579 2274,1579 2331,1579 2387,1580 2444,1580"/>
                <TextEquiv>
                    <Unicode>gehörende Dame — in diesem Fall Frau Sorma — auf das</Unicode>
                </TextEquiv>
            </TextLine>
            <TextLine id="r3l59" custom="readingOrder {index:58;}">
                <Coords points="2453,1588 3371,1592 3371,1533 3135,1555 2453,1528"/>
                <Baseline points="2471,1580 2517,1580 2563,1580 2609,1580 2656,1580 2702,1581 2748,1582 2794,1583 2841,1583 2887,1584 2933,1585 2979,1586 3026,1586 3072,1587 3118,1587 3164,1587 3211,1587 3257,1586 3303,1585 3350,1584"/>
                <TextEquiv>
                    <Unicode>hnzigster Geburtstag kürzlich in London in enthust</Unicode>
                </TextEquiv>
            </TextLine>
            <TextLine id="r3l60" custom="readingOrder {index:59;}">
                <Coords points="182,1614 1302,1627 1271,1572 183,1555"/>
                <Baseline points="202,1604 256,1605 310,1606 364,1607 418,1608 472,1609 526,1610 580,1611 634,1612 688,1613 742,1613 796,1614 850,1614 904,1615 958,1615 1012,1616 1066,1616 1120,1616 1174,1616 1228,1616 1282,1615"/>
                <TextEquiv>
                    <Unicode>Funden und dort aufs Neue die Veruntreuungen begangen. Er</Unicode>
                </TextEquiv>
            </TextLine>
            <TextLine id="r3l61" custom="readingOrder {index:60;}">
                <Coords points="1290,1624 2449,1628 2448,1577 2326,1565 1290,1576"/>
                <Baseline points="1308,1620 1364,1620 1420,1620 1476,1620 1532,1620 1588,1620 1644,1620 1700,1620 1756,1620 1812,1620 1868,1619 1924,1619 1980,1619 2036,1619 2092,1618 2148,1618 2204,1618 2260,1618 2316,1617 2372,1617 2429,1617"/>
                <TextEquiv>
                    <Unicode>Tiefste verletzt, indem er die Hände in die Hosentaschen steckt.</Unicode>
                </TextEquiv>
            </TextLine>
            <TextLine id="r3l62" custom="readingOrder {index:61;}">
                <Coords points="2491,1587 2505,1583 2505,1624 2491,1628"/>
                <Baseline points="2491,1623 2505,1619"/>
                <TextEquiv>
                    <Unicode></Unicode>
                </TextEquiv>
            </TextLine>
            <TextLine id="r3l63" custom="readingOrder {index:62;}">
                <Coords points="2503,1617 2775,1641 3374,1630 3375,1575 3351,1570 3091,1594 2504,1570"/>
                <Baseline points="2523,1618 2564,1618 2606,1618 2647,1619 2689,1620 2731,1621 2772,1622 2814,1623 2856,1625 2897,1626 2939,1627 2981,1628 3022,1629 3064,1630 3106,1630 3147,1630 3189,1630 3231,1629 3272,1627 3314,1626 3356,1623"/>
                <TextEquiv>
                    <Unicode>keiert worden, wurde dieser Tage nach Buckinghaf</Unicode>
                </TextEquiv>
            </TextLine>
            <TextLine id="r3l64" custom="readingOrder {index:63;}">
                <Coords points="197,1650 1134,1673 1225,1659 1226,1623 197,1591"/>
                <Baseline points="216,1645 265,1647 314,1647 364,1649 413,1650 463,1650 512,1652 561,1652 611,1653 660,1654 710,1655 759,1656 808,1656 858,1657 907,1657 957,1657 1006,1657 1055,1657 1105,1657 1154,1657 1204,1657"/>
                <TextEquiv>
                    <Unicode>t sich bemüht, den Schaden theilweise wieder gutzumachen.</Unicode>
                </TextEquiv>
            </TextLine>
            <TextLine id="r3l65" custom="readingOrder {index:64;}">
                <Coords points="1293,1664 2452,1669 2452,1626 2207,1610 1293,1621"/>
                <Baseline points="1313,1661 1369,1661 1425,1660 1481,1660 1537,1660 1593,1660 1649,1660 1705,1659 1761,1659 1817,1659 1873,1659 1929,1659 1985,1659 2041,1659 2097,1659 2153,1659 2209,1658 2265,1658 2321,1658 2377,1658 2433,1658"/>
                <TextEquiv>
                    <Unicode>Frau Sorma fand hierin einen Verstoß gegen den Respekt, den</Unicode>
                </TextEquiv>
            </TextLine>
            <TextLine id="r3l66" custom="readingOrder {index:65;}">
                <Coords points="2447,1670 3204,1683 3377,1672 3378,1613 2447,1618"/>
                <Baseline points="2468,1661 2512,1661 2556,1661 2601,1661 2645,1662 2690,1662 2734,1663 2778,1664 2823,1665 2867,1665 2912,1666 2956,1667 3000,1668 3045,1668 3089,1668 3134,1668 3178,1668 3222,1667 3267,1666 3311,1664 3356,1662"/>
                <TextEquiv>
                    <Unicode>Känigin befohlen. Beim Eintritt versuchte Mrs. Keeh</Unicode>
                </TextEquiv>
            </TextLine>
            <TextLine id="r3l67" custom="readingOrder {index:66;}">
                <Coords points="186,1693 1298,1709 1275,1634 187,1646"/>
                <Baseline points="206,1685 259,1686 313,1688 366,1689 420,1690 473,1692 527,1693 580,1694 634,1695 687,1696 741,1696 795,1697 848,1698 902,1698 955,1698 1009,1698 1062,1698 1116,1698 1169,1697 1223,1696 1277,1695"/>
                <TextEquiv>
                    <Unicode>aatsanwalt v. d. Recke glaubte, daß der Angeklagte eine be¬</Unicode>
                </TextEquiv>
            </TextLine>
            <TextLine id="r3l68" custom="readingOrder {index:67;}">
                <Coords points="1279,1707 2457,1715 2422,1664 2103,1647 1279,1664"/>
                <Baseline points="1299,1701 1358,1700 1418,1700 1478,1699 1538,1699 1598,1699 1658,1699 1718,1699 1778,1699 1838,1699 1898,1700 1958,1700 2018,1701 2078,1701 2138,1701 2198,1702 2258,1702 2318,1703 2378,1703 2438,1704"/>
                <TextEquiv>
                    <Unicode> Jedermann dem Stammbaum ihres Gatten schuldig sei,</Unicode>
                </TextEquiv>
            </TextLine>
            <TextLine id="r3l69" custom="readingOrder {index:68;}">
                <Coords points="2524,1720 3379,1720 3379,1664 2524,1661"/>
                <Baseline points="2545,1702 2585,1701 2626,1701 2666,1701 2707,1701 2748,1701 2788,1702 2829,1702 2870,1703 2910,1704 2951,1705 2992,1706 3032,1706 3073,1707 3114,1707 3154,1707 3195,1707 3236,1707 3276,1706 3317,1705 3358,1703"/>
                <TextEquiv>
                    <Unicode>drei vorgeschriebenen Knixe zu machen. „Ach M</Unicode>
                </TextEquiv>
            </TextLine>
            <TextLine id="r3l70" custom="readingOrder {index:69;}">
                <Coords points="186,1736 1290,1748 1290,1697 1164,1680 553,1705 187,1677"/>
                <Baseline points="206,1725 259,1728 312,1729 365,1731 419,1733 472,1734 525,1735 578,1736 632,1737 685,1738 738,1738 791,1739 845,1739 898,1739 951,1739 1004,1739 1058,1739 1111,1739 1164,1739 1217,1738 1271,1738"/>
                <TextEquiv>
                    <Unicode>dere Milde nicht verdiene, und beantragte 2 Jahre</Unicode>
                </TextEquiv>
            </TextLine>
            <TextLine id="r3l71" custom="readingOrder {index:70;}">
                <Coords points="1293,1745 2463,1748 2463,1696 1293,1698"/>
                <Baseline points="1312,1739 1368,1739 1425,1740 1481,1740 1538,1741 1595,1741 1651,1741 1708,1742 1764,1742 1821,1742 1878,1742 1934,1742 1991,1742 2047,1742 2104,1742 2161,1742 2217,1742 2274,1742 2330,1742 2387,1742 2444,1742"/>
                <TextEquiv>
                    <Unicode>und sie sah sich daher genöthigt, nervös zu werden und</Unicode>
                </TextEquiv>
            </TextLine>
            <TextLine id="r3l72" custom="readingOrder {index:71;}">
                <Coords points="2509,1744 2667,1763 2971,1740 3034,1764 3109,1732 3321,1760 3373,1740 3373,1705 2509,1708"/>
                <Baseline points="2529,1745 2570,1744 2611,1744 2652,1744 2693,1744 2734,1744 2775,1744 2817,1744 2858,1744 2899,1744 2940,1744 2981,1745 3022,1745 3063,1745 3105,1745 3146,1745 3187,1745 3228,1745 3269,1744 3310,1744 3352,1743"/>
                <TextEquiv>
                    <Unicode> „es geht wahrhaftig nicht mehr.“ Die Königin</Unicode>
                </TextEquiv>
            </TextLine>
            <TextLine id="r3l73" custom="readingOrder {index:72;}">
                <Coords points="180,1783 1299,1786 1299,1739 1181,1722 180,1724"/>
                <Baseline points="200,1766 253,1768 307,1770 361,1772 415,1773 469,1775 523,1776 577,1776 631,1777 685,1778 739,1778 792,1779 846,1779 900,1779 954,1779 1008,1779 1062,1779 1116,1779 1170,1779 1224,1778 1278,1778"/>
                <TextEquiv>
                    <Unicode>chthaus. Der Vertheidiger Rechtsanwalt Dr. Coßmann</Unicode>
                </TextEquiv>
            </TextLine>
            <TextLine id="r3l74" custom="readingOrder {index:73;}">
                <Coords points="1285,1791 2459,1792 2435,1741 1285,1743"/>
                <Baseline points="1306,1782 1362,1782 1419,1783 1475,1783 1532,1783 1589,1783 1645,1783 1702,1783 1759,1783 1815,1783 1872,1782 1929,1782 1985,1782 2042,1782 2099,1781 2155,1781 2212,1781 2269,1781 2325,1781 2382,1781 2439,1781"/>
                <TextEquiv>
                    <Unicode>sich zu weigern, dezubleiben, wenn der ahnungslose Autor nicht</Unicode>
                </TextEquiv>
            </TextLine>
            <TextLine id="r3l75" custom="readingOrder {index:74;}">
                <Coords points="2452,1790 3375,1794 3375,1743 3296,1734 2453,1739"/>
                <Baseline points="2471,1781 2515,1781 2559,1781 2603,1782 2647,1783 2691,1784 2735,1784 2779,1785 2823,1786 2867,1787 2912,1788 2956,1788 3000,1788 3044,1789 3088,1789 3132,1789 3176,1789 3220,1788 3264,1787 3308,1786 3353,1784"/>
                <TextEquiv>
                    <Unicode>und sagte: „Liebe Mrs. Keeley, bei mir ginge e</Unicode>
                </TextEquiv>
            </TextLine>
            <TextLine id="r3l76" custom="readingOrder {index:75;}">
                <Coords points="184,1819 1287,1833 1288,1770 184,1760"/>
                <Baseline points="204,1808 257,1809 310,1811 363,1813 416,1814 470,1815 523,1816 576,1817 629,1818 682,1818 736,1819 789,1819 842,1819 895,1820 948,1820 1002,1820 1055,1820 1108,1819 1161,1819 1214,1819 1268,1819"/>
                <TextEquiv>
                    <Unicode>chte die eigenartigen Zustände, die im Friedmann'schen</Unicode>
                </TextEquiv>
            </TextLine>
            <TextLine id="r3l77" custom="readingOrder {index:76;}">
                <Coords points="1282,1835 2456,1829 2456,1782 2145,1769 1282,1780"/>
                <Baseline points="1301,1822 1357,1822 1414,1822 1471,1823 1527,1823 1584,1823 1641,1823 1697,1823 1754,1824 1811,1824 1868,1824 1924,1824 1981,1824 2038,1824 2094,1824 2151,1824 2208,1824 2264,1824 2321,1824 2378,1824 2435,1823"/>
                <TextEquiv>
                    <Unicode>die Hände in Freiheit setze. Und es fand sich wirklich ein</Unicode>
                </TextEquiv>
            </TextLine>
            <TextLine id="r3l78" custom="readingOrder {index:77;}">
                <Coords points="2458,1828 2477,1829 2481,1833 2489,1833 2501,1826 2509,1830 2529,1831 2531,1776 2507,1775 2503,1779 2496,1774 2479,1786 2460,1785"/>
                <Baseline points="2478,1824 2510,1825"/>
                <TextEquiv>
                    <Unicode>u1</Unicode>
                </TextEquiv>
            </TextLine>
            <TextLine id="r3l79" custom="readingOrder {index:78;}">
                <Coords points="2503,1827 3374,1839 3374,1780 3256,1771 3016,1794 2503,1780"/>
                <Baseline points="2523,1823 2564,1823 2606,1823 2647,1824 2689,1824 2731,1824 2772,1824 2814,1825 2856,1825 2897,1825 2939,1825 2981,1826 3022,1826 3064,1826 3106,1826 3147,1826 3189,1826 3231,1826 3272,1826 3314,1826 3356,1826"/>
                <TextEquiv>
                    <Unicode>hr!“ und dann plauderten die beiden alten Dame</Unicode>
                </TextEquiv>
            </TextLine>
            <TextLine id="r3l80" custom="readingOrder {index:79;}">
                <Coords points="184,1862 1296,1861 1296,1802 795,1830 185,1802"/>
                <Baseline points="204,1849 257,1852 311,1853 364,1855 418,1857 472,1858 525,1859 579,1859 632,1860 686,1860 740,1860 793,1860 847,1860 900,1860 954,1860 1008,1860 1061,1860 1115,1859 1168,1860 1222,1860 1276,1860"/>
                <TextEquiv>
                    <Unicode>reau geherrscht haben, als Milderungsgrund geltend.</Unicode>
                </TextEquiv>
            </TextLine>
            <TextLine id="r3l81" custom="readingOrder {index:80;}">
                <Coords points="1299,1870 2449,1871 2449,1831 2166,1808 1299,1826"/>
                <Baseline points="1317,1860 1372,1861 1428,1862 1483,1862 1539,1862 1595,1863 1650,1863 1706,1863 1762,1863 1817,1864 1873,1864 1929,1864 1984,1864 2040,1863 2096,1863 2151,1863 2207,1863 2263,1863 2318,1863 2374,1862 2430,1862"/>
                <TextEquiv>
                    <Unicode>Schauspieler, welcher Lust und Muth hatte, dies dem Dichter zu</Unicode>
                </TextEquiv>
            </TextLine>
            <TextLine id="r3l82" custom="readingOrder {index:81;}">
                <Coords points="2456,1891 2539,1868 3252,1872 3252,1840 3083,1816 2456,1832"/>
                <Baseline points="2474,1862 2511,1863 2549,1863 2587,1864 2625,1864 2663,1864 2701,1864 2739,1864 2777,1864 2815,1864 2853,1864 2890,1864 2928,1865 2966,1865 3004,1865 3042,1865 3080,1866 3118,1866 3156,1867 3194,1868 3232,1869"/>
                <TextEquiv>
                    <Unicode>nt einander von längst vergangenen Zeiten.</Unicode>
                </TextEquiv>
            </TextLine>
            <TextLine id="r3l83" custom="readingOrder {index:82;}">
                <Coords points="227,1909 1291,1913 1292,1846 227,1858"/>
                <Baseline points="247,1893 298,1894 349,1895 400,1896 452,1897 503,1898 554,1899 605,1900 657,1900 708,1901 759,1901 810,1902 862,1902 913,1902 964,1902 1015,1902 1067,1902 1118,1901 1169,1901 1220,1900 1272,1899"/>
                <TextEquiv>
                    <Unicode>Angeklagte habe nicht den strengen und ernsten B ruf</Unicode>
                </TextEquiv>
            </TextLine>
            <TextLine id="r3l84" custom="readingOrder {index:83;}">
                <Coords points="1280,1896 2458,1925 2458,1870 2387,1862 1280,1849"/>
                <Baseline points="1301,1904 1357,1904 1414,1903 1471,1903 1528,1903 1585,1903 1642,1903 1698,1903 1755,1903 1812,1903 1869,1903 1926,1903 1983,1903 2040,1903 2096,1903 2153,1903 2210,1904 2267,1904 2324,1904 2381,1904 2438,1904"/>
                <TextEquiv>
                    <Unicode>eröffnen! Dieser Schauspieler verdient das eiserne Kreuz oder die</Unicode>
                </TextEquiv>
            </TextLine>
            <TextLine id="r3l85" custom="readingOrder {index:84;}">
                <Coords points="2589,1903 2703,1900 2746,1928 2766,1908 3310,1926 3365,1907 3365,1879 3267,1851 3188,1875 2589,1864"/>
                <Baseline points="2607,1904 2643,1904 2680,1905 2717,1906 2754,1906 2791,1907 2828,1907 2864,1908 2901,1908 2938,1908 2975,1909 3012,1909 3049,1909 3086,1909 3122,1909 3159,1909 3196,1908 3233,1908 3270,1908 3307,1907 3344,1906"/>
                <TextEquiv>
                    <Unicode>Die Tochter des Lordbischofs von</Unicode>
                </TextEquiv>
            </TextLine>
            <TextLine id="r3l86" custom="readingOrder {index:85;}">
                <Coords points="182,1947 197,1946 213,1940 221,1944 229,1943 240,1934 264,1933 260,1882 232,1884 221,1896 210,1901 197,1894 178,1896"/>
                <Baseline points="200,1934 242,1931"/>
                <TextEquiv>
                    <Unicode>es</Unicode>
                </TextEquiv>
            </TextLine>
            <TextLine id="r3l87" custom="readingOrder {index:86;}">
                <Coords points="241,1929 1242,1953 1289,1949 1290,1898 241,1902"/>
                <Baseline points="259,1933 309,1934 359,1935 410,1935 460,1936 511,1937 561,1938 612,1939 662,1940 713,1940 763,1941 813,1942 864,1942 914,1942 965,1942 1015,1942 1066,1942 1116,1941 1167,1941 1217,1940 1268,1939"/>
                <TextEquiv>
                    <Unicode>Bureauvorstehers dort ausgeübt, sondern wurde als eine</Unicode>
                </TextEquiv>
            </TextLine>
            <TextLine id="r3l88" custom="readingOrder {index:87;}">
                <Coords points="1283,1945 2458,1951 2434,1900 1283,1906"/>
                <Baseline points="1304,1941 1360,1941 1417,1942 1474,1943 1530,1943 1587,1944 1644,1944 1700,1945 1757,1945 1814,1945 1871,1946 1927,1946 1984,1946 2041,1946 2097,1947 2154,1947 2211,1947 2267,1947 2324,1946 2381,1946 2438,1946"/>
                <TextEquiv>
                    <Unicode>Tapferkeitsmedaille, während der Antor von Glück sagen kann,</Unicode>
                </TextEquiv>
            </TextLine>
            <TextLine id="r3l89" custom="readingOrder {index:88;}">
                <Coords points="2450,1960 3372,1959 3349,1907 2450,1901"/>
                <Baseline points="2468,1944 2512,1945 2556,1945 2600,1946 2645,1947 2689,1947 2733,1948 2777,1948 2822,1948 2866,1949 2910,1949 2954,1949 2999,1950 3043,1950 3087,1950 3131,1950 3176,1950 3220,1950 3264,1950 3308,1951 3353,1951"/>
                <TextEquiv>
                    <Unicode>und Bristol, Miß Rosalind Ellicott,</Unicode>
                </TextEquiv>
            </TextLine>
            <TextLine id="r3l90" custom="readingOrder {index:89;}">
                <Coords points="187,1980 1295,1990 1295,1923 188,1941"/>
                <Baseline points="207,1972 260,1973 313,1974 367,1975 420,1976 474,1977 527,1978 581,1979 634,1980 688,1980 741,1981 794,1981 848,1982 901,1982 955,1982 1008,1982 1062,1982 1115,1982 1169,1982 1222,1981 1276,1981"/>
                <TextEquiv>
                    <Unicode>t Privatsekretär eines geldbedürstigen Lebemannes benutzt, der</Unicode>
                </TextEquiv>
            </TextLine>
            <TextLine id="r3l91" custom="readingOrder {index:90;}">
                <Coords points="1282,1988 2449,1993 2449,1930 1283,1941"/>
                <Baseline points="1303,1982 1359,1982 1415,1982 1471,1983 1528,1983 1584,1983 1640,1984 1697,1984 1753,1984 1809,1984 1866,1984 1922,1985 1978,1985 2034,1985 2091,1985 2147,1984 2203,1984 2260,1984 2316,1983 2372,1983 2429,1982"/>
                <TextEquiv>
                    <Unicode>daß ihm die gütige Mutter Natur eine doppelte Portion kalten</Unicode>
                </TextEquiv>
            </TextLine>
            <TextLine id="r3l92" custom="readingOrder {index:91;}">
                <Coords points="2461,1996 3372,1994 3372,1931 3250,1930 3191,1961 2462,1944"/>
                <Baseline points="2481,1986 2524,1986 2568,1986 2611,1987 2655,1987 2698,1988 2742,1988 2785,1988 2829,1989 2872,1989 2916,1990 2959,1990 3003,1990 3046,1991 3090,1991 3133,1991 3177,1991 3220,1991 3264,1991 3307,1991 3351,1991"/>
                <TextEquiv>
                    <Unicode>afs London geschrieben wird, daselbst konzertire</Unicode>
                </TextEquiv>
            </TextLine>
            <TextLine id="r3l93" custom="readingOrder {index:92;}">
                <Coords points="186,2020 1183,2037 1289,2026 1290,1983 186,1980"/>
                <Baseline points="206,2011 259,2012 312,2013 365,2014 418,2016 472,2017 525,2018 578,2020 631,2021 684,2022 738,2023 791,2023 844,2024 897,2024 950,2024 1004,2024 1057,2023 1110,2023 1163,2021 1216,2019 1270,2017"/>
                <TextEquiv>
                    <Unicode>schen dem Belle Alliance=Garten und dem Friedrich=Wilhelms¬</Unicode>
                </TextEquiv>
            </TextLine>
            <TextLine id="r3l94" custom="readingOrder {index:93;}">
                <Coords points="1284,2022 2455,2039 2455,1968 1284,1987"/>
                <Baseline points="1302,2021 1358,2023 1415,2024 1471,2025 1528,2025 1585,2026 1641,2026 1698,2027 1754,2027 1811,2027 1868,2027 1924,2027 1981,2027 2037,2026 2094,2026 2151,2026 2207,2025 2264,2025 2320,2024 2377,2024 2434,2023"/>
                <TextEquiv>
                    <Unicode>Blutes gegeben, denn sonst würde er wohl lieber auf die Wohl¬</Unicode>
                </TextEquiv>
            </TextLine>
            <TextLine id="r3l95" custom="readingOrder {index:94;}">
                <Coords points="2502,2030 3377,2035 3377,2000 3318,1991 2502,1994"/>
                <Baseline points="2520,2027 2561,2027 2603,2027 2645,2028 2687,2028 2729,2029 2771,2029 2812,2029 2854,2029 2896,2030 2938,2030 2980,2030 3022,2030 3064,2031 3105,2031 3147,2031 3189,2031 3231,2031 3273,2032 3315,2032 3357,2032"/>
                <TextEquiv>
                    <Unicode>die Tournée durch Deutschland unternehmen. Miß</Unicode>
                </TextEquiv>
            </TextLine>
            <TextLine id="r3l96" custom="readingOrder {index:95;}">
                <Coords points="192,2063 1292,2078 1292,2023 193,2012"/>
                <Baseline points="213,2054 266,2055 319,2056 372,2057 425,2058 478,2059 531,2060 584,2061 637,2062 690,2063 743,2063 796,2064 849,2065 902,2065 955,2065 1008,2065 1061,2065 1114,2065 1167,2064 1220,2064 1274,2063"/>
                <TextEquiv>
                    <Unicode>ten hin und her pendelte, bald den Direktor Maurice, bald</Unicode>
                </TextEquiv>
            </TextLine>
            <TextLine id="r3l97" custom="readingOrder {index:96;}">
                <Coords points="1290,2069 2457,2081 2457,2026 2339,2010 2216,2041 1290,2022"/>
                <Baseline points="1309,2063 1365,2063 1421,2063 1477,2064 1534,2064 1590,2064 1646,2065 1703,2065 1759,2065 1815,2066 1872,2066 1928,2066 1984,2066 2040,2066 2097,2066 2153,2067 2209,2067 2266,2066 2322,2066 2378,2066 2435,2066"/>
                <TextEquiv>
                    <Unicode>that verzichtet haben, eine seiner prächtigen Rollen von einem</Unicode>
                </TextEquiv>
            </TextLine>
            <TextLine id="r3l98" custom="readingOrder {index:97;}">
                <Coords points="2455,2094 2644,2063 3373,2076 3373,2037 3275,2029 2455,2031"/>
                <Baseline points="2473,2067 2517,2068 2561,2068 2605,2069 2649,2069 2693,2069 2737,2069 2781,2069 2825,2069 2869,2069 2913,2069 2957,2069 3001,2069 3045,2069 3089,2069 3133,2069 3177,2069 3221,2070 3265,2070 3309,2070 3353,2071"/>
                <TextEquiv>
                    <Unicode>dirch ihre Chor= und Orchesterwerke in England beri</Unicode>
                </TextEquiv>
            </TextLine>
            <TextLine id="r3l99" custom="readingOrder {index:98;}">
                <Coords points="196,2094 1240,2115 1295,2107 1296,2056 196,2055"/>
                <Baseline points="217,2094 269,2095 322,2096 375,2097 428,2098 481,2099 534,2101 586,2101 639,2103 692,2104 745,2104 798,2105 851,2105 904,2106 956,2106 1009,2105 1062,2105 1115,2104 1168,2102 1221,2101 1274,2099"/>
                <TextEquiv>
                    <Unicode>Baron v. Erlanger aufzusuchen hatte, dabei zu Geldausgaben</Unicode>
                </TextEquiv>
            </TextLine>
            <TextLine id="r3l100" custom="readingOrder {index:99;}">
                <Coords points="1289,2114 2455,2118 2455,2075 2325,2066 1289,2062"/>
                <Baseline points="1309,2104 1365,2104 1421,2104 1477,2104 1534,2104 1590,2104 1646,2105 1702,2105 1759,2106 1815,2106 1871,2107 1927,2107 1984,2108 2040,2108 2096,2108 2152,2108 2209,2108 2265,2108 2321,2107 2377,2106 2434,2105"/>
                <TextEquiv>
                    <Unicode>Mitglied der adligen Gesellschaft dargestellt zu sehen, anstatt, was</Unicode>
                </TextEquiv>
            </TextLine>
            <TextLine id="r3l101" custom="readingOrder {index:100;}">
                <Coords points="2612,2114 3117,2123 3227,2104 3286,2124 3353,2104 3353,2073 2612,2075"/>
                <Baseline points="2631,2115 2666,2114 2701,2112 2736,2111 2771,2110 2806,2110 2841,2109 2876,2109 2911,2110 2946,2110 2981,2110 3016,2111 3051,2112 3086,2112 3121,2113 3156,2113 3191,2113 3226,2113 3261,2113 3296,2112 3332,2112"/>
                <TextEquiv>
                    <Unicode>Im königlichen Opernhause wird 1</Unicode>
                </TextEquiv>
            </TextLine>
            <TextLine id="r3l102" custom="readingOrder {index:101;}">
                <Coords points="186,2142 1282,2155 1282,2104 1184,2091 482,2113 187,2075"/>
                <Baseline points="208,2133 260,2135 313,2136 366,2138 418,2139 471,2141 524,2141 576,2142 629,2143 682,2143 735,2143 787,2144 840,2144 893,2144 945,2144 998,2144 1051,2144 1103,2144 1156,2144 1209,2144 1262,2144"/>
                <TextEquiv>
                    <Unicode>kleitet wurde und schließlich den Halt verlor. — Der Gerichtshof</Unicode>
                </TextEquiv>
            </TextLine>
            <TextLine id="r3l103" custom="readingOrder {index:102;}">
                <Coords points="1285,2150 2456,2152 2456,2109 1285,2087"/>
                <Baseline points="1305,2145 1361,2146 1418,2146 1474,2147 1531,2147 1587,2147 1644,2148 1700,2148 1757,2148 1813,2148 1870,2148 1927,2148 1983,2148 2040,2148 2096,2148 2153,2148 2209,2148 2266,2148 2322,2148 2379,2148 2436,2147"/>
                <TextEquiv>
                    <Unicode>nicht Jedermanns Sache ist, seine geliebte Bühne durch eine flagrante</Unicode>
                </TextEquiv>
            </TextLine>
            <TextLine id="r3l104" custom="readingOrder {index:103;}">
                <Coords points="2443,2149 2613,2165 2668,2138 2833,2170 2948,2142 3377,2183 3377,2100 3022,2123 2443,2090"/>
                <Baseline points="2462,2152 2506,2151 2551,2151 2596,2150 2641,2150 2686,2150 2730,2150 2775,2150 2820,2150 2865,2150 2910,2150 2954,2150 2999,2151 3044,2151 3089,2151 3134,2152 3178,2152 3223,2152 3268,2152 3313,2152 3358,2152"/>
                <TextEquiv>
                    <Unicode>gner's Lohengrin“ unter Kapellmeister Su#</Unicode>
                </TextEquiv>
            </TextLine>
            <TextLine id="r3l105" custom="readingOrder {index:104;}">
                <Coords points="179,2205 278,2175 1290,2216 1291,2145 180,2118"/>
                <Baseline points="200,2178 253,2178 307,2178 360,2179 414,2179 467,2180 521,2181 574,2181 628,2182 681,2183 735,2184 788,2185 842,2186 895,2186 949,2187 1002,2187 1056,2187 1109,2187 1163,2186 1216,2186 1270,2185"/>
                <TextEquiv>
                    <Unicode>igte dem Angeklagten mildernde Umstände zu und verurtheilte</Unicode>
                </TextEquiv>
            </TextLine>
            <TextLine id="r3l106" custom="readingOrder {index:105;}">
                <Coords points="1284,2196 2372,2204 2459,2196 2459,2145 1284,2152"/>
                <Baseline points="1303,2185 1359,2186 1416,2187 1473,2187 1530,2187 1587,2188 1644,2188 1700,2188 1757,2188 1814,2188 1871,2188 1928,2188 1985,2188 2042,2188 2098,2188 2155,2187 2212,2187 2269,2187 2326,2187 2383,2187 2440,2186"/>
                <TextEquiv>
                    <Unicode>Verletzung des Gastrechts entweihen zu lassen. Ein Dichter sollte in den</Unicode>
                </TextEquiv>
            </TextLine>
            <TextLine id="r3l107" custom="readingOrder {index:106;}">
                <Coords points="2499,2206 2626,2183 3335,2198 3335,2143 3311,2139 2499,2143"/>
                <Baseline points="2518,2196 2557,2195 2597,2194 2637,2192 2677,2192 2717,2191 2757,2191 2797,2191 2837,2191 2877,2191 2917,2191 2956,2192 2996,2192 3036,2192 3076,2193 3116,2193 3156,2193 3196,2193 3236,2193 3276,2193 3316,2192"/>
                <TextEquiv>
                    <Unicode>geben. Herr Emil Götze gastirt als Lohengrin.</Unicode>
                </TextEquiv>
            </TextLine>
            <TextLine id="r3l108" custom="readingOrder {index:107;}">
                <Coords points="194,2233 301,2218 376,2235 392,2223 679,2230 680,2190 392,2164 372,2179 333,2167 195,2189"/>
                <Baseline points="215,2223 241,2221 267,2219 293,2219 319,2218 346,2217 372,2217 398,2218 424,2218 451,2219 477,2220 503,2221 529,2222 556,2222 582,2223 608,2223 634,2223 661,2222"/>
                <TextEquiv>
                    <Unicode>zu 2 Jahren Gefängniß.</Unicode>
                </TextEquiv>
            </TextLine>
            <TextLine id="r3l109" custom="readingOrder {index:108;}">
                <Coords points="1288,2234 2395,2240 2466,2217 2466,2169 1288,2178"/>
                <Baseline points="1309,2227 1368,2227 1428,2227 1488,2227 1548,2227 1608,2228 1668,2228 1728,2228 1788,2228 1848,2229 1908,2229 1968,2229 2028,2229 2088,2229 2148,2229 2208,2229 2268,2229 2328,2229 2388,2229 2448,2229"/>
                <TextEquiv>
                    <Unicode>fürchterlichen Stunden der Geburt seines Stückes selbst von der</Unicode>
                </TextEquiv>
            </TextLine>
            <TextLine id="r3l110" custom="readingOrder {index:109;}">
                <Coords points="2592,2241 3293,2249 3376,2237 3376,2190 2592,2197"/>
                <Baseline points="2610,2236 2647,2235 2684,2234 2722,2233 2759,2232 2797,2232 2834,2232 2871,2232 2909,2232 2946,2232 2984,2232 3021,2233 3058,2233 3096,2233 3133,2234 3171,2234 3208,2234 3245,2234 3283,2234 3320,2234 3358,2233"/>
                <TextEquiv>
                    <Unicode>Im königlichen Schauspielhause wirk</Unicode>
                </TextEquiv>
            </TextLine>
            <TextLine id="r3l111" custom="readingOrder {index:110;}">
                <Coords points="199,2261 1236,2280 1291,2273 1292,2214 200,2217"/>
                <Baseline points="218,2258 270,2258 323,2259 375,2260 428,2261 481,2262 533,2263 586,2264 638,2265 691,2267 744,2268 796,2269 849,2269 901,2270 954,2270 1007,2270 1059,2270 1112,2269 1164,2268 1217,2267 1270,2264"/>
                <TextEquiv>
                    <Unicode>8 Eine Antlage wegen Münzverbrechens beschäftigte</Unicode>
                </TextEquiv>
            </TextLine>
            <TextLine id="r3l112" custom="readingOrder {index:111;}">
                <Coords points="1284,2273 2458,2276 2458,2224 1284,2226"/>
                <Baseline points="1303,2270 1359,2269 1416,2269 1473,2268 1530,2268 1587,2268 1643,2268 1700,2268 1757,2268 1814,2268 1871,2268 1927,2268 1984,2269 2041,2269 2098,2269 2155,2270 2211,2270 2268,2270 2325,2271 2382,2271 2439,2271"/>
                <TextEquiv>
                    <Unicode>Gattin eines adligen Mannes rücksichtsvoll behandelt werden, der,</Unicode>
                </TextEquiv>
            </TextLine>
            <TextLine id="r3l113" custom="readingOrder {index:112;}">
                <Coords points="2455,2276 2876,2290 3026,2263 3188,2299 3369,2289 3369,2233 2455,2224"/>
                <Baseline points="2474,2272 2517,2272 2561,2272 2605,2272 2649,2272 2693,2272 2736,2272 2780,2273 2824,2273 2868,2274 2912,2274 2955,2275 2999,2275 3043,2275 3087,2276 3131,2276 3174,2276 3218,2276 3262,2275 3306,2275 3350,2274"/>
                <TextEquiv>
                    <Unicode>oii der Pfordten's Schauspiel 1812“ gegeben. N</Unicode>
                </TextEquiv>
            </TextLine>
            <TextLine id="r3l114" custom="readingOrder {index:113;}">
                <Coords points="184,2304 917,2333 1292,2310 1280,2270 291,2270 185,2237"/>
                <Baseline points="204,2297 257,2299 310,2301 364,2302 417,2303 471,2305 524,2306 577,2307 631,2308 684,2309 738,2310 791,2311 844,2311 898,2312 951,2312 1005,2312 1058,2312 1111,2312 1165,2311 1218,2310 1272,2309"/>
                <TextEquiv>
                    <Unicode>ern das Schwurgericht des hiesigen Landgerichts I. Angeklagt</Unicode>
                </TextEquiv>
            </TextLine>
            <TextLine id="r3l115" custom="readingOrder {index:114;}">
                <Coords points="1285,2325 2448,2317 2408,2274 1285,2278"/>
                <Baseline points="1303,2310 1359,2310 1415,2310 1472,2310 1528,2310 1584,2310 1641,2310 1697,2310 1753,2310 1810,2310 1866,2310 1922,2310 1979,2310 2035,2310 2091,2310 2148,2310 2204,2310 2260,2310 2317,2310 2373,2310 2430,2309"/>
                <TextEquiv>
                    <Unicode>wie der Gatte der Frau Sorma, aus einem Lande stammt, in</Unicode>
                </TextEquiv>
            </TextLine>
            <TextLine id="r3l116" custom="readingOrder {index:115;}">
                <Coords points="2444,2313 3106,2334 3170,2302 3209,2330 3382,2330 3382,2275 2444,2270"/>
                <Baseline points="2466,2314 2510,2313 2555,2313 2600,2313 2645,2313 2690,2313 2735,2313 2779,2314 2824,2314 2869,2314 2914,2314 2959,2315 3004,2315 3049,2315 3093,2315 3138,2315 3183,2315 3228,2314 3273,2314 3318,2313 3363,2312"/>
                <TextEquiv>
                    <Unicode>Köhle; General York Herr Molenar: Johanna</Unicode>
                </TextEquiv>
            </TextLine>
            <TextLine id="r3l117" custom="readingOrder {index:116;}">
                <Coords points="175,2339 1125,2362 1290,2356 1291,2312 175,2296"/>
                <Baseline points="196,2340 249,2341 303,2343 357,2344 411,2345 465,2346 518,2347 572,2348 626,2349 680,2351 734,2351 787,2352 841,2353 895,2353 949,2354 1003,2354 1056,2353 1110,2353 1164,2352 1218,2350 1272,2349"/>
                <TextEquiv>
                    <Unicode>ren der Arbeiter Max Emil Unterlauf, der Arbeiter Paul</Unicode>
                </TextEquiv>
            </TextLine>
            <TextLine id="r3l118" custom="readingOrder {index:117;}">
                <Coords points="1285,2353 2376,2365 2459,2345 2459,2294 1285,2314"/>
                <Baseline points="1303,2349 1359,2350 1416,2350 1473,2350 1530,2350 1586,2350 1643,2350 1700,2350 1757,2351 1813,2351 1870,2351 1927,2351 1984,2350 2040,2350 2097,2350 2154,2350 2211,2350 2267,2350 2324,2350 2381,2350 2438,2350"/>
                <TextEquiv>
                    <Unicode>welchem jeder halbwegs Erwachsene mindestens Baron oder Herr</Unicode>
                </TextEquiv>
            </TextLine>
            <TextLine id="r3l119" custom="readingOrder {index:118;}">
                <Coords points="2448,2353 3051,2357 3275,2391 3378,2364 3378,2324 3209,2331 3177,2307 2448,2314"/>
                <Baseline points="2467,2355 2511,2354 2556,2353 2600,2352 2645,2352 2689,2352 2734,2352 2778,2353 2823,2353 2867,2354 2912,2355 2956,2356 3001,2356 3045,2357 3090,2357 3134,2358 3179,2358 3223,2358 3268,2357 3312,2356 3357,2355"/>
                <TextEquiv>
                    <Unicode>Ffau Seebach; Luise Frl. Lindner; Frhr. v. Stein</Unicode>
                </TextEquiv>
            </TextLine>
            <TextLine id="r3l120" custom="readingOrder {index:119;}">
                <Coords points="183,2390 1295,2398 1295,2339 184,2347"/>
                <Baseline points="203,2380 256,2381 310,2382 363,2383 417,2384 470,2386 524,2387 577,2388 631,2389 684,2391 738,2392 792,2392 845,2393 899,2393 952,2394 1006,2393 1059,2393 1113,2392 1166,2391 1220,2389 1274,2387"/>
                <TextEquiv>
                    <Unicode>Kistall, der Möbelpolierer Paul Herrmann und der Arbeiter</Unicode>
                </TextEquiv>
            </TextLine>
            <TextLine id="r3l121" custom="readingOrder {index:120;}">
                <Coords points="1282,2388 2330,2411 2452,2395 2452,2344 1282,2356"/>
                <Baseline points="1300,2390 1356,2390 1413,2390 1470,2391 1526,2391 1583,2391 1640,2391 1696,2391 1753,2391 1810,2391 1867,2390 1923,2390 1980,2390 2037,2390 2093,2390 2150,2390 2207,2390 2263,2390 2320,2390 2377,2391 2434,2391"/>
                <TextEquiv>
                    <Unicode>Von ist. Die genannte Künstlerin sehe sich einmal einen Vertreter</Unicode>
                </TextEquiv>
            </TextLine>
            <TextLine id="r3l122" custom="readingOrder {index:121;}">
                <Coords points="2436,2385 2538,2420 2684,2385 2767,2421 2810,2393 3125,2409 3125,2358 2873,2370 2436,2341"/>
                <Baseline points="2456,2393 2488,2394 2520,2395 2553,2396 2585,2396 2618,2396 2650,2397 2682,2397 2715,2397 2747,2397 2780,2397 2812,2397 2844,2397 2877,2397 2909,2396 2942,2396 2974,2396 3006,2396 3039,2396 3071,2396 3104,2396"/>
                <TextEquiv>
                    <Unicode>Rittmeister Hertling Hr. Matkowsky.</Unicode>
                </TextEquiv>
            </TextLine>
            <TextLine id="r3l123" custom="readingOrder {index:122;}">
                <Coords points="181,2434 1264,2439 1293,2388 181,2375"/>
                <Baseline points="200,2420 253,2421 307,2422 361,2423 414,2424 468,2425 522,2427 575,2428 629,2429 683,2430 737,2431 790,2432 844,2432 898,2433 951,2433 1005,2433 1059,2433 1112,2432 1166,2432 1220,2431 1274,2429"/>
                <TextEquiv>
                    <Unicode>st Geisler. Es handelte sich um eine Falschmünzerhande, die</Unicode>
                </TextEquiv>
            </TextLine>
            <TextLine id="r3l124" custom="readingOrder {index:123;}">
                <Coords points="1282,2439 2460,2454 2460,2395 1282,2388"/>
                <Baseline points="1303,2429 1362,2430 1422,2431 1482,2432 1542,2432 1602,2433 1662,2433 1722,2433 1782,2433 1842,2433 1902,2432 1962,2432 2022,2432 2082,2431 2142,2431 2202,2431 2262,2431 2322,2431 2382,2431 2442,2431"/>
                <TextEquiv>
                    <Unicode>des Adels an. Findet sie etwas vom Besenstolz an ihm, so ist</Unicode>
                </TextEquiv>
            </TextLine>
            <TextLine id="r3l125" custom="readingOrder {index:124;}">
                <Coords points="2646,2433 2788,2428 2863,2455 2950,2439 3017,2462 3088,2438 3376,2444 3375,2373 3273,2398 3162,2375 3123,2410 2646,2397"/>
                <Baseline points="2665,2437 2699,2437 2733,2438 2768,2438 2802,2438 2837,2438 2871,2438 2906,2438 2940,2438 2975,2438 3009,2438 3043,2438 3078,2438 3112,2437 3147,2437 3181,2436 3216,2436 3250,2435 3285,2434 3319,2434 3354,2433"/>
                <TextEquiv>
                    <Unicode>Die Aufführungen von Wi</Unicode>
                </TextEquiv>
            </TextLine>
            <TextLine id="r3l126" custom="readingOrder {index:125;}">
                <Coords points="176,2469 1295,2483 1272,2431 176,2414"/>
                <Baseline points="194,2462 248,2463 302,2463 356,2464 410,2465 464,2465 518,2466 572,2467 626,2468 680,2469 734,2469 788,2470 842,2470 896,2471 950,2471 1004,2471 1058,2471 1112,2471 1166,2471 1220,2470 1274,2469"/>
                <TextEquiv>
                    <Unicode>nbar zu anderen ihres Gleichen in nahen Beziehungen gestanden</Unicode>
                </TextEquiv>
            </TextLine>
            <TextLine id="r3l127" custom="readingOrder {index:126;}">
                <Coords points="1285,2475 2428,2482 2452,2411 1285,2435"/>
                <Baseline points="1306,2470 1362,2471 1418,2472 1475,2473 1531,2473 1588,2473 1644,2474 1700,2474 1757,2474 1813,2474 1870,2473 1926,2473 1982,2473 2039,2473 2095,2473 2152,2472 2208,2472 2264,2472 2321,2472 2377,2472 2434,2472"/>
                <TextEquiv>
                    <Unicode>der Adel nicht echt. Wir rathen der vortrefflichen Kunstierin,</Unicode>
                </TextEquiv>
            </TextLine>
            <TextLine id="r3l128" custom="readingOrder {index:127;}">
                <Coords points="2448,2494 2858,2468 3382,2497 3382,2426 3023,2449 2448,2424"/>
                <Baseline points="2467,2481 2511,2479 2556,2478 2601,2476 2646,2476 2690,2476 2735,2476 2780,2476 2825,2476 2869,2477 2914,2477 2959,2478 3004,2479 3048,2479 3093,2480 3138,2480 3183,2480 3227,2480 3272,2479 3317,2479 3362,2477"/>
                <TextEquiv>
                    <Unicode>„König Heinrich“ wurden auch in dieser Wach</Unicode>
                </TextEquiv>
            </TextLine>
            <TextLine id="r3l129" custom="readingOrder {index:128;}">
                <Coords points="194,2489 516,2528 1178,2531 1281,2521 1282,2477 194,2450"/>
                <Baseline points="214,2503 266,2503 318,2504 371,2504 423,2505 475,2506 528,2507 580,2508 632,2509 685,2509 737,2510 789,2511 842,2512 894,2512 946,2513 999,2513 1051,2513 1103,2513 1156,2513 1208,2512 1261,2511"/>
                <TextEquiv>
                    <Unicode>Der erste Angeklagte ist verwandt mit dem berüchtigten Falsch¬</Unicode>
                </TextEquiv>
            </TextLine>
            <TextLine id="r3l130" custom="readingOrder {index:129;}">
                <Coords points="1284,2507 2459,2531 2459,2479 2246,2467 1285,2468"/>
                <Baseline points="1305,2512 1361,2512 1418,2512 1474,2512 1531,2513 1588,2513 1644,2513 1701,2513 1758,2513 1814,2514 1871,2514 1928,2514 1984,2514 2041,2515 2098,2515 2154,2515 2211,2515 2268,2515 2324,2515 2381,2515 2438,2515"/>
                <TextEquiv>
                    <Unicode>wieder zu ihrer früheren liebenswürdigen Art, duldsam gegen</Unicode>
                </TextEquiv>
            </TextLine>
            <TextLine id="r3l131" custom="readingOrder {index:130;}">
                <Coords points="2446,2528 3376,2529 3376,2489 3344,2481 2446,2477"/>
                <Baseline points="2467,2517 2511,2517 2555,2518 2600,2518 2644,2518 2689,2519 2733,2519 2778,2519 2822,2519 2867,2519 2911,2519 2955,2519 3000,2519 3044,2519 3089,2519 3133,2519 3178,2519 3222,2518 3267,2518 3311,2518 3356,2518"/>
                <TextEquiv>
                    <Unicode>fülstlichen Personen besucht. Am Dienstag wohnte d</Unicode>
                </TextEquiv>
            </TextLine>
            <TextLine id="r3l132" custom="readingOrder {index:131;}">
                <Coords points="184,2556 1070,2570 1287,2561 1288,2518 452,2520 184,2485"/>
                <Baseline points="204,2545 257,2545 310,2545 363,2546 417,2546 470,2547 523,2548 576,2549 630,2550 683,2551 736,2551 789,2552 843,2553 896,2554 949,2554 1002,2555 1056,2555 1109,2555 1162,2555 1215,2554 1269,2554"/>
                <TextEquiv>
                    <Unicode>zer Lorenz, eine andere Verwandte verbüßt zur Zeit eine</Unicode>
                </TextEquiv>
            </TextLine>
            <TextLine id="r3l133" custom="readingOrder {index:132;}">
                <Coords points="1280,2562 1982,2561 2100,2541 2100,2490 1935,2517 1280,2507"/>
                <Baseline points="1298,2552 1337,2552 1376,2552 1415,2552 1454,2553 1493,2553 1532,2553 1571,2554 1610,2554 1649,2555 1689,2555 1728,2555 1767,2555 1806,2556 1845,2556 1884,2555 1923,2555 1962,2555 2001,2554 2040,2553 2080,2552"/>
                <TextEquiv>
                    <Unicode>Bürgetliche zu sein, schleunigst zurückzukehren</Unicode>
                </TextEquiv>
            </TextLine>
            <TextLine id="r3l134" custom="readingOrder {index:133;}">
                <Coords points="2436,2586 2479,2562 3382,2567 3382,2531 3331,2520 2436,2511"/>
                <Baseline points="2454,2557 2499,2559 2545,2561 2590,2562 2636,2562 2681,2563 2727,2563 2772,2563 2818,2562 2863,2562 2909,2561 2954,2561 3000,2560 3045,2559 3091,2559 3136,2558 3182,2558 3227,2558 3273,2559 3318,2560 3364,2561"/>
                <TextEquiv>
                    <Unicode>cin, Herzog Ernst Günther von Schleswig</Unicode>
                </TextEquiv>
            </TextLine>
            <TextLine id="r3l135" custom="readingOrder {index:134;}">
                <Coords points="188,2595 1272,2604 1296,2561 188,2556"/>
                <Baseline points="206,2584 259,2585 312,2586 366,2587 419,2588 473,2589 526,2590 579,2590 633,2591 686,2592 740,2593 793,2593 846,2593 900,2594 953,2594 1007,2594 1060,2594 1113,2593 1167,2593 1220,2592 1274,2591"/>
                <TextEquiv>
                    <Unicode>en Falschmünzerei ihr zuerkannte Zuchthausstrafe. Er scheint</Unicode>
                </TextEquiv>
            </TextLine>
            <TextLine id="r3l136" custom="readingOrder {index:135;}">
                <Coords points="1391,2612 2203,2589 2297,2617 2443,2598 2443,2535 1391,2564"/>
                <Baseline points="1412,2601 1462,2598 1513,2596 1563,2595 1614,2594 1665,2593 1715,2594 1766,2594 1816,2594 1867,2595 1918,2596 1968,2597 2019,2598 2069,2598 2120,2599 2171,2599 2221,2599 2272,2598 2322,2597 2373,2595 2424,2592"/>
                <TextEquiv>
                    <Unicode>cheführung im könig¬</Unicode>
                </TextEquiv>
            </TextLine>
            <TextLine id="r3l137" custom="readingOrder {index:136;}">
                <Coords points="2448,2596 3378,2600 3378,2569 3276,2560 2448,2565"/>
                <Baseline points="2466,2598 2510,2598 2555,2598 2600,2598 2644,2598 2689,2598 2734,2599 2778,2599 2823,2599 2868,2600 2913,2600 2957,2600 3002,2600 3047,2601 3091,2601 3136,2601 3181,2601 3225,2601 3270,2601 3315,2601 3360,2600"/>
                <TextEquiv>
                    <Unicode>Donnerstag die jüngste Schwester des Kaisers,</Unicode>
                </TextEquiv>
            </TextLine>
            <TextLine id="r3l138" custom="readingOrder {index:137;}">
                <Coords points="181,2631 1289,2645 1289,2601 1159,2592 181,2595"/>
                <Baseline points="202,2625 255,2626 308,2626 361,2627 415,2627 468,2628 521,2629 574,2630 628,2630 681,2631 734,2632 787,2633 841,2633 894,2634 947,2634 1000,2634 1054,2634 1107,2634 1160,2634 1213,2633 1267,2632"/>
                <TextEquiv>
                    <Unicode>n frühzeitig dem Anderen abgeguckt zu haben, wie man falsches</Unicode>
                </TextEquiv>
            </TextLine>
            <TextLine id="r3l139" custom="readingOrder {index:138;}">
                <Coords points="1286,2644 2456,2643 2429,2599 1286,2569"/>
                <Baseline points="1306,2630 1362,2631 1419,2632 1475,2633 1532,2634 1588,2635 1645,2635 1701,2636 1758,2637 1814,2637 1871,2637 1927,2637 1984,2638 2040,2638 2097,2638 2153,2638 2210,2638 2266,2637 2323,2637 2379,2637 2436,2637"/>
                <TextEquiv>
                    <Unicode>lichen Schauspielhause für kommenden Montag geplaut</Unicode>
                </TextEquiv>
            </TextLine>
            <TextLine id="r3l140" custom="readingOrder {index:139;}">
                <Coords points="2453,2648 3384,2658 3383,2598 2453,2601"/>
                <Baseline points="2472,2639 2516,2640 2561,2641 2605,2641 2650,2641 2694,2641 2739,2641 2783,2640 2828,2640 2872,2639 2917,2638 2961,2638 3006,2637 3050,2637 3095,2636 3139,2636 3184,2636 3228,2636 3273,2636 3317,2637 3362,2638"/>
                <TextEquiv>
                    <Unicode>Margarethe, mit ihrem Gemahl, dem Landgrafen Kar##</Unicode>
                </TextEquiv>
            </TextLine>
            <TextLine id="r3l141" custom="readingOrder {index:140;}">
                <Coords points="175,2662 1294,2693 1294,2634 175,2622"/>
                <Baseline points="194,2667 250,2668 307,2669 364,2670 421,2670 477,2671 534,2671 591,2672 648,2672 705,2672 761,2673 818,2673 875,2673 932,2673 989,2674 1045,2674 1102,2675 1159,2675 1216,2675 1273,2676"/>
                <TextEquiv>
                    <Unicode>allgeld verfertigt, denn als er nach eben vollendetem achtzehnten</Unicode>
                </TextEquiv>
            </TextLine>
            <TextLine id="r3l142" custom="readingOrder {index:141;}">
                <Coords points="1277,2680 2456,2698 2456,2643 2302,2634 1278,2636"/>
                <Baseline points="1297,2676 1354,2675 1411,2674 1468,2673 1525,2673 1582,2673 1639,2673 1696,2674 1753,2674 1810,2675 1867,2676 1924,2676 1981,2677 2038,2678 2095,2678 2152,2679 2209,2679 2266,2679 2323,2679 2380,2678 2438,2677"/>
                <TextEquiv>
                    <Unicode>war, wird auf Wunsch des Kaisers erst in nächster Woche in</Unicode>
                </TextEquiv>
            </TextLine>
            <TextLine id="r3l143" custom="readingOrder {index:142;}">
                <Coords points="2451,2696 3279,2693 3389,2681 3389,2642 2451,2648"/>
                <Baseline points="2471,2680 2515,2680 2560,2680 2605,2680 2650,2680 2695,2680 2740,2680 2784,2680 2829,2680 2874,2680 2919,2680 2964,2681 3009,2681 3054,2681 3098,2681 3143,2681 3188,2681 3233,2681 3278,2681 3323,2681 3368,2680"/>
                <TextEquiv>
                    <Unicode>nebst Gefolge der Aufführung des Wildenbruch'schen</Unicode>
                </TextEquiv>
            </TextLine>
            <TextLine id="r3l144" custom="readingOrder {index:143;}">
                <Coords points="180,2717 1204,2735 1287,2724 1288,2688 180,2674"/>
                <Baseline points="199,2707 252,2708 306,2709 359,2710 413,2711 466,2711 520,2712 573,2713 627,2713 680,2714 734,2714 787,2715 841,2715 894,2715 948,2716 1001,2716 1055,2716 1108,2717 1162,2717 1215,2717 1269,2718"/>
                <TextEquiv>
                    <Unicode>ensjahre das väterliche Haus verließ und zu Christall zog,</Unicode>
                </TextEquiv>
            </TextLine>
            <TextLine id="r3l145" custom="readingOrder {index:144;}">
                <Coords points="1285,2739 1305,2739 1317,2727 1340,2739 1376,2739 1415,2723 1447,2739 1470,2719 1529,2723 1557,2715 1557,2675 1502,2676 1494,2684 1431,2672 1364,2676 1356,2684 1336,2676 1285,2680"/>
                <Baseline points="1305,2713 1330,2714 1356,2715 1382,2716 1408,2716 1433,2715 1459,2715 1485,2714 1511,2714 1537,2713"/>
                <TextEquiv>
                    <Unicode>Szeue gehen.</Unicode>
                </TextEquiv>
            </TextLine>
            <TextLine id="r3l146" custom="readingOrder {index:145;}">
                <Coords points="2583,2723 3351,2733 3383,2721 3383,2678 2583,2691"/>
                <Baseline points="2603,2721 2641,2721 2679,2721 2717,2721 2755,2721 2793,2721 2831,2721 2869,2721 2907,2721 2945,2721 2983,2722 3021,2721 3059,2721 3097,2721 3135,2721 3173,2721 3211,2721 3249,2720 3287,2720 3325,2719 3363,2718"/>
                <TextEquiv>
                    <Unicode>Die Direktion des Neuen Theater</Unicode>
                </TextEquiv>
            </TextLine>
            <TextLine id="r3l147" custom="readingOrder {index:146;}">
                <Coords points="206,2741 1266,2768 1294,2717 206,2705"/>
                <Baseline points="224,2749 276,2749 328,2749 381,2750 433,2750 486,2750 538,2751 591,2752 643,2752 696,2753 748,2753 800,2754 853,2754 905,2754 958,2755 1010,2755 1063,2755 1115,2755 1168,2755 1220,2755 1273,2754"/>
                <TextEquiv>
                    <Unicode>er mit der Fabrikationsmethode so vertraut, daß er mit</Unicode>
                </TextEquiv>
            </TextLine>
            <TextLine id="r3l148" custom="readingOrder {index:147;}">
                <Coords points="1430,2746 1587,2781 1954,2745 1985,2772 2443,2768 2443,2697 1430,2718"/>
                <Baseline points="1450,2760 1498,2760 1547,2759 1595,2759 1644,2759 1693,2759 1741,2759 1790,2759 1838,2759 1887,2760 1936,2760 1984,2760 2033,2760 2081,2760 2130,2760 2179,2760 2227,2760 2276,2759 2324,2758 2373,2757 2422,2756"/>
                <TextEquiv>
                    <Unicode>Adalbert Matkowsky gastirt am Montag am</Unicode>
                </TextEquiv>
            </TextLine>
            <TextLine id="r3l149" custom="readingOrder {index:148;}">
                <Coords points="2438,2781 2588,2757 3309,2776 3376,2760 3376,2717 2777,2733 2497,2702 2438,2733"/>
                <Baseline points="2459,2763 2503,2763 2548,2763 2593,2762 2638,2762 2683,2762 2728,2762 2773,2762 2818,2762 2863,2761 2908,2761 2952,2761 2997,2761 3042,2762 3087,2762 3132,2762 3177,2762 3222,2762 3267,2762 3312,2762 3357,2762"/>
                <TextEquiv>
                    <Unicode>einmal darauf hin, daß die Nachmittags=Aufführung</Unicode>
                </TextEquiv>
            </TextLine>
            <TextLine id="r3l150" custom="readingOrder {index:149;}">
                <Coords points="180,2795 1287,2797 1287,2757 180,2756"/>
                <Baseline points="199,2789 252,2789 305,2789 359,2789 412,2790 466,2790 519,2791 572,2791 626,2792 679,2792 733,2793 786,2793 839,2794 893,2794 946,2794 1000,2794 1053,2794 1106,2794 1160,2793 1213,2792 1267,2791"/>
                <TextEquiv>
                    <Unicode>Fistall's Hilfe ohne besondere Schwierigkeiten eine Falschmünzer¬</Unicode>
                </TextEquiv>
            </TextLine>
            <TextLine id="r3l151" custom="readingOrder {index:150;}">
                <Coords points="1283,2799 2450,2808 2450,2769 2359,2753 1283,2756"/>
                <Baseline points="1302,2799 1358,2799 1414,2800 1471,2800 1527,2801 1583,2801 1640,2801 1696,2802 1752,2802 1809,2802 1865,2803 1921,2803 1978,2803 2034,2802 2090,2802 2147,2801 2203,2800 2259,2799 2316,2797 2372,2796 2429,2793"/>
                <TextEquiv>
                    <Unicode>königlichen Theater in Hannover als „Hamlet“.</Unicode>
                </TextEquiv>
            </TextLine>
            <TextLine id="r3l152" custom="readingOrder {index:151;}">
                <Coords points="2439,2810 3341,2809 3341,2766 2439,2763"/>
                <Baseline points="2459,2802 2502,2801 2545,2801 2588,2801 2631,2801 2675,2801 2718,2801 2761,2802 2804,2802 2847,2802 2891,2803 2934,2803 2977,2803 3020,2804 3063,2804 3107,2804 3150,2804 3193,2803 3236,2803 3279,2802 3323,2802"/>
                <TextEquiv>
                    <Unicode>und Liebe“ am morgigen Sonntag um halb d</Unicode>
                </TextEquiv>
            </TextLine>
            <TextLine id="r3l153" custom="readingOrder {index:152;}">
                <Coords points="185,2839 1210,2850 1289,2807 185,2792"/>
                <Baseline points="204,2831 257,2831 310,2831 363,2831 417,2831 470,2832 523,2832 577,2833 630,2833 683,2834 737,2835 790,2835 843,2836 896,2836 950,2837 1003,2837 1056,2837 1110,2837 1163,2837 1216,2836 1270,2835"/>
                <TextEquiv>
                    <Unicode>statt einrichten konnte. Man beschränkte sich darauf, Ein= und</Unicode>
                </TextEquiv>
            </TextLine>
            <TextLine id="r3l154" custom="readingOrder {index:153;}">
                <Coords points="1286,2843 2452,2856 2452,2809 2409,2801 1286,2796"/>
                <Baseline points="1304,2840 1360,2840 1416,2841 1473,2842 1529,2842 1586,2843 1642,2843 1698,2843 1755,2843 1811,2844 1868,2844 1924,2844 1980,2844 2037,2844 2093,2843 2150,2843 2206,2843 2262,2842 2319,2842 2375,2842 2432,2841"/>
                <TextEquiv>
                    <Unicode>Alsdann wird der Künstler einige seiner hervorragendsten Rollen</Unicode>
                </TextEquiv>
            </TextLine>
            <TextLine id="r3l155" custom="readingOrder {index:154;}">
                <Coords points="2448,2850 3039,2842 3110,2877 3386,2877 3386,2802 2448,2814"/>
                <Baseline points="2466,2848 2510,2845 2555,2844 2600,2843 2645,2842 2690,2842 2735,2841 2780,2841 2825,2841 2870,2842 2915,2842 2959,2842 3004,2843 3049,2843 3094,2843 3139,2844 3184,2844 3229,2844 3274,2844 3319,2843 3364,2842"/>
                <TextEquiv>
                    <Unicode>gewöhnlich um 3 Uhr beginnt. Abends geht zu</Unicode>
                </TextEquiv>
            </TextLine>
            <TextLine id="r3l156" custom="readingOrder {index:155;}">
                <Coords points="185,2878 1292,2896 1293,2845 185,2827"/>
                <Baseline points="204,2869 257,2870 310,2871 364,2872 417,2873 471,2874 524,2875 577,2875 631,2875 684,2876 738,2876 791,2876 844,2876 898,2876 951,2876 1005,2876 1058,2876 1111,2876 1165,2876 1218,2876 1272,2877"/>
                <TextEquiv>
                    <Unicode>eimarkstücke anzufertigen. Der Angeklagte Herrmann hatte die</Unicode>
                </TextEquiv>
            </TextLine>
            <TextLine id="r3l157" custom="readingOrder {index:156;}">
                <Coords points="1281,2900 1474,2873 2065,2900 2140,2873 2125,2841 1281,2841"/>
                <Baseline points="1301,2879 1342,2879 1383,2879 1424,2879 1465,2880 1506,2880 1547,2881 1588,2882 1629,2882 1670,2883 1711,2883 1752,2884 1793,2884 1834,2884 1875,2884 1916,2884 1957,2884 1998,2883 2039,2882 2080,2882 2122,2880"/>
                <TextEquiv>
                    <Unicode>in Lodz und Riga zur Darstellung bringen.</Unicode>
                </TextEquiv>
            </TextLine>
            <TextLine id="r3l158" custom="readingOrder {index:157;}">
                <Coords points="2449,2893 2512,2913 2610,2885 2858,2892 2890,2876 3044,2899 3083,2883 3083,2844 2448,2850"/>
                <Baseline points="2469,2883 2498,2883 2528,2884 2558,2884 2588,2884 2618,2884 2647,2885 2677,2885 2707,2885 2737,2884 2767,2884 2796,2884 2826,2884 2856,2884 2886,2883 2916,2883 2945,2883 2975,2883 3005,2882 3035,2882 3065,2882"/>
                <TextEquiv>
                    <Unicode>Bisson's „Herr Direktor“ in Szene.</Unicode>
                </TextEquiv>
            </TextLine>
            <TextLine id="r3l159" custom="readingOrder {index:158;}">
                <Coords points="184,2918 1220,2936 1283,2932 1284,2857 184,2859"/>
                <Baseline points="202,2910 255,2911 308,2912 361,2912 414,2913 467,2914 520,2914 573,2915 626,2915 679,2916 733,2916 786,2917 839,2917 892,2917 945,2917 998,2917 1051,2917 1104,2917 1157,2917 1210,2916 1264,2916"/>
                <TextEquiv>
                    <Unicode>öhrliche Aufgabe übernommen, die Falschstücke in Buditen,</Unicode>
                </TextEquiv>
            </TextLine>
            <TextLine id="r3l160" custom="readingOrder {index:159;}">
                <Coords points="1429,2937 1543,2913 1567,2937 2454,2931 2454,2872 1429,2878"/>
                <Baseline points="1449,2922 1498,2922 1547,2922 1596,2922 1646,2922 1695,2922 1744,2923 1794,2923 1843,2923 1892,2923 1942,2923 1991,2923 2040,2923 2089,2923 2139,2923 2188,2922 2237,2922 2287,2921 2336,2920 2385,2919 2435,2918"/>
                <TextEquiv>
                    <Unicode>Die Proben zu Mascagni's „Rateliff“ an der</Unicode>
                </TextEquiv>
            </TextLine>
            <TextLine id="r3l161" custom="readingOrder {index:160;}">
                <Coords points="2577,2932 3318,2942 3377,2934 3376,2879 2576,2893"/>
                <Baseline points="2595,2934 2633,2931 2671,2929 2709,2926 2747,2925 2785,2924 2823,2923 2861,2923 2899,2923 2937,2923 2975,2923 3013,2923 3051,2924 3089,2924 3127,2924 3165,2924 3203,2924 3241,2924 3279,2923 3317,2923 3355,2921"/>
                <TextEquiv>
                    <Unicode> Im Schiller=Theater kommt Dienstag de</Unicode>
                </TextEquiv>
            </TextLine>
            <TextLine id="r3l162" custom="readingOrder {index:161;}">
                <Coords points="171,2969 1283,2969 1283,2902 172,2906"/>
                <Baseline points="190,2951 243,2952 297,2952 351,2953 404,2954 458,2955 512,2955 565,2956 619,2957 673,2957 727,2958 780,2959 834,2959 888,2959 941,2959 995,2959 1049,2959 1102,2959 1156,2959 1210,2958 1264,2957"/>
                <TextEquiv>
                    <Unicode>arrenläden und anderen kleinen Geschäften an den Mann zu</Unicode>
                </TextEquiv>
            </TextLine>
            <TextLine id="r3l163" custom="readingOrder {index:162;}">
                <Coords points="1275,2969 2457,2970 2457,2919 2307,2903 1811,2934 1275,2902"/>
                <Baseline points="1294,2960 1351,2961 1408,2961 1465,2962 1522,2962 1579,2962 1636,2962 1693,2963 1750,2963 1807,2963 1865,2963 1922,2963 1979,2963 2036,2963 2093,2963 2150,2962 2207,2962 2264,2962 2321,2962 2378,2962 2436,2962"/>
                <TextEquiv>
                    <Unicode>Berliner königlichen Oper sind so weit beendet, daß der Aufführung</Unicode>
                </TextEquiv>
            </TextLine>
            <TextLine id="r3l164" custom="readingOrder {index:163;}">
                <Coords points="2446,2964 2698,2984 2769,2961 3041,2981 3341,2958 3341,2926 2446,2921"/>
                <Baseline points="2467,2964 2509,2964 2552,2964 2595,2964 2638,2964 2680,2965 2723,2965 2766,2965 2809,2965 2851,2965 2894,2966 2937,2966 2980,2966 3022,2966 3065,2966 3108,2966 3151,2966 3193,2965 3236,2965 3279,2965 3322,2964"/>
                <TextEquiv>
                    <Unicode>Fedor v. Zobeltitz' Schauspiel „Ohne Geläut“=</Unicode>
                </TextEquiv>
            </TextLine>
            <TextLine id="r3l165" custom="readingOrder {index:164;}">
                <Coords points="193,3004 1289,3006 1289,2971 1069,2954 194,2953"/>
                <Baseline points="212,2993 264,2994 317,2994 370,2995 423,2995 476,2996 529,2997 582,2997 635,2998 688,2998 741,2999 793,2999 846,2999 899,3000 952,3000 1005,3000 1058,2999 1111,2999 1164,2998 1217,2998 1270,2997"/>
                <TextEquiv>
                    <Unicode>gen. Geisler begleitete ihn. Er hatte eine größere Summe</Unicode>
                </TextEquiv>
            </TextLine>
            <TextLine id="r3l166" custom="readingOrder {index:165;}">
                <Coords points="1282,3005 2448,3010 2448,2970 2090,2950 1282,2949"/>
                <Baseline points="1302,3002 1358,3002 1414,3002 1470,3003 1527,3003 1583,3003 1639,3003 1696,3003 1752,3004 1808,3004 1865,3004 1921,3004 1977,3004 2033,3004 2090,3004 2146,3004 2202,3004 2259,3004 2315,3003 2371,3003 2428,3002"/>
                <TextEquiv>
                    <Unicode>nichts weiter im Wege steht. Es erging daher die Einladung an</Unicode>
                </TextEquiv>
            </TextLine>
            <TextLine id="r3l167" custom="readingOrder {index:166;}">
                <Coords points="2439,3014 2691,2995 2730,3019 3381,3029 3381,2970 3310,2958 2439,2963"/>
                <Baseline points="2459,3004 2504,3005 2549,3006 2594,3006 2639,3007 2684,3007 2729,3008 2774,3008 2819,3008 2864,3008 2909,3008 2954,3008 2999,3008 3044,3008 3089,3008 3134,3008 3179,3008 3224,3008 3269,3008 3314,3008 3360,3008"/>
                <TextEquiv>
                    <Unicode>Aufführung. Heute wird „Der Widerspenstigen 30</Unicode>
                </TextEquiv>
            </TextLine>
            <TextLine id="r3l168" custom="readingOrder {index:167;}">
                <Coords points="192,3047 1288,3054 1288,2999 192,2984"/>
                <Baseline points="210,3036 262,3036 315,3037 368,3037 421,3037 474,3037 526,3037 579,3038 632,3038 685,3038 738,3038 790,3038 843,3038 896,3039 949,3039 1002,3039 1054,3039 1107,3039 1160,3039 1213,3039 1266,3039"/>
                <TextEquiv>
                    <Unicode>Falschstücke in der Tasche und gab diese nur einzeln an Herrmann</Unicode>
                </TextEquiv>
            </TextLine>
            <TextLine id="r3l169" custom="readingOrder {index:168;}">
                <Coords points="1284,3043 2454,3059 2454,3004 2375,3000 1284,3000"/>
                <Baseline points="1304,3041 1360,3042 1417,3042 1473,3043 1530,3043 1586,3044 1643,3044 1699,3044 1756,3044 1812,3044 1869,3044 1925,3044 1982,3044 2038,3043 2095,3043 2151,3043 2208,3043 2264,3043 2321,3043 2377,3043 2434,3043"/>
                <TextEquiv>
                    <Unicode>Mascagni, der Première beizuwohnen. Der Komponist telegraphirte,</Unicode>
                </TextEquiv>
            </TextLine>
            <TextLine id="r3l170" custom="readingOrder {index:169;}">
                <Coords points="2446,3051 3088,3060 3242,3053 3270,3017 2446,3012"/>
                <Baseline points="2466,3046 2505,3046 2544,3046 2583,3046 2622,3046 2662,3046 2701,3046 2740,3046 2779,3046 2818,3046 2858,3046 2897,3046 2936,3047 2975,3047 3014,3047 3054,3047 3093,3047 3132,3047 3171,3047 3210,3047 3250,3047"/>
                <TextEquiv>
                    <Unicode>Fräulein Pauly und Herrn Patry wiederholt.</Unicode>
                </TextEquiv>
            </TextLine>
            <TextLine id="r3l171" custom="readingOrder {index:170;}">
                <Coords points="193,3078 1289,3092 1289,3040 1237,3032 193,3043"/>
                <Baseline points="214,3076 266,3077 319,3078 372,3078 425,3079 478,3079 530,3079 583,3079 636,3079 689,3079 742,3079 794,3079 847,3078 900,3078 953,3078 1006,3078 1058,3078 1111,3079 1164,3079 1217,3080 1270,3081"/>
                <TextEquiv>
                    <Unicode>Umwechseln. Es ist dies ein altee Kniff der Falschmünzer.</Unicode>
                </TextEquiv>
            </TextLine>
            <TextLine id="r3l172" custom="readingOrder {index:171;}">
                <Coords points="1280,3090 2458,3095 2458,3040 1280,3043"/>
                <Baseline points="1299,3082 1358,3083 1418,3083 1478,3083 1538,3084 1598,3084 1658,3084 1718,3084 1778,3085 1838,3085 1898,3085 1958,3085 2018,3085 2078,3085 2138,3084 2198,3084 2258,3084 2318,3083 2378,3083 2438,3082"/>
                <TextEquiv>
                    <Unicode>daß er sofort nach den Rossini=Festen in Pesaro der königlichen</Unicode>
                </TextEquiv>
            </TextLine>
            <TextLine id="r3l173" custom="readingOrder {index:172;}">
                <Coords points="2593,3090 3208,3102 3252,3078 3346,3098 3382,3090 3382,3035 2593,3047"/>
                <Baseline points="2615,3089 2652,3088 2689,3087 2727,3087 2764,3086 2801,3086 2839,3085 2876,3085 2913,3085 2951,3085 2988,3085 3025,3085 3063,3085 3100,3085 3137,3086 3175,3086 3212,3086 3249,3087 3287,3087 3324,3088 3362,3088"/>
                <TextEquiv>
                    <Unicode>Im Theater Unter den Linden erfähr</Unicode>
                </TextEquiv>
            </TextLine>
            <TextLine id="r3l174" custom="readingOrder {index:173;}">
                <Coords points="182,3114 1281,3131 1281,3084 1183,3068 477,3087 182,3059"/>
                <Baseline points="202,3117 254,3118 307,3119 360,3119 413,3120 466,3120 519,3120 572,3120 625,3120 678,3120 731,3120 783,3119 836,3119 889,3119 942,3119 995,3119 1048,3119 1101,3120 1154,3120 1207,3121 1260,3121"/>
                <TextEquiv>
                    <Unicode>giebt die Gewähr, daß, wenn die Fälschung entdeckt wird, man</Unicode>
                </TextEquiv>
            </TextLine>
            <TextLine id="r3l175" custom="readingOrder {index:174;}">
                <Coords points="1279,3136 2454,3130 2426,3090 2245,3078 1279,3088"/>
                <Baseline points="1297,3124 1353,3124 1410,3125 1467,3125 1524,3125 1581,3125 1638,3125 1694,3125 1751,3125 1808,3125 1865,3125 1922,3126 1979,3126 2036,3126 2092,3126 2149,3126 2206,3126 2263,3126 2320,3126 2377,3126 2434,3127"/>
                <TextEquiv>
                    <Unicode>Intendanz zur Verfügung stehe, und so wird denn „Ratcliff“ zu</Unicode>
                </TextEquiv>
            </TextLine>
            <TextLine id="r3l176" custom="readingOrder {index:175;}">
                <Coords points="2444,3143 3375,3132 3374,3092 3252,3077 2732,3099 2444,3076"/>
                <Baseline points="2463,3128 2507,3129 2552,3129 2596,3129 2641,3128 2685,3128 2730,3128 2774,3128 2819,3127 2863,3127 2908,3127 2952,3127 2997,3126 3041,3126 3086,3126 3130,3126 3175,3126 3219,3126 3264,3126 3308,3126 3353,3126"/>
                <TextEquiv>
                    <Unicode>reiche Gastspiel der Frau Pettersson=Norr</Unicode>
                </TextEquiv>
            </TextLine>
            <TextLine id="r3l177" custom="readingOrder {index:176;}">
                <Coords points="191,3158 1282,3175 1283,3112 191,3126"/>
                <Baseline points="212,3158 264,3158 317,3158 369,3158 422,3158 474,3158 527,3158 579,3158 632,3158 684,3159 737,3159 790,3159 842,3159 895,3160 947,3160 1000,3160 1052,3161 1105,3161 1157,3162 1210,3162 1263,3163"/>
                <TextEquiv>
                    <Unicode>dem Umwechselnden kein weiteres Geldstück findet, so daß dessen</Unicode>
                </TextEquiv>
            </TextLine>
            <TextLine id="r3l178" custom="readingOrder {index:177;}">
                <Coords points="1274,3169 1821,3187 1857,3163 2078,3180 2129,3153 2129,3125 1471,3135 1274,3106"/>
                <Baseline points="1294,3163 1334,3163 1375,3164 1416,3164 1456,3165 1497,3165 1538,3165 1578,3165 1619,3166 1660,3166 1701,3166 1741,3166 1782,3166 1823,3166 1863,3166 1904,3166 1945,3167 1985,3166 2026,3166 2067,3166 2108,3166"/>
                <TextEquiv>
                    <Unicode>Beginn des nächsten Monats in Szene gehen.</Unicode>
                </TextEquiv>
            </TextLine>
            <TextLine id="r3l179" custom="readingOrder {index:178;}">
                <Coords points="2458,3177 3325,3167 3325,3124 3281,3120 2458,3118"/>
                <Baseline points="2476,3171 2517,3170 2558,3169 2600,3168 2641,3168 2682,3168 2724,3168 2765,3168 2806,3169 2848,3169 2889,3170 2930,3170 2972,3171 3013,3171 3054,3171 3096,3171 3137,3171 3178,3171 3220,3170 3261,3168 3303,3167"/>
                <TextEquiv>
                    <Unicode>längerung bis incl. Freitag den 21. Februar.</Unicode>
                </TextEquiv>
            </TextLine>
            <TextLine id="r3l180" custom="readingOrder {index:179;}">
                <Coords points="180,3205 1295,3220 1272,3168 180,3142"/>
                <Baseline points="200,3198 253,3199 307,3199 361,3200 414,3200 468,3200 522,3200 575,3200 629,3200 683,3200 737,3200 790,3200 844,3200 898,3200 951,3200 1005,3200 1059,3201 1112,3201 1166,3202 1220,3203 1274,3204"/>
                <TextEquiv>
                    <Unicode>sicherung, selbst getäuscht worden zu sein, nicht unglaubwürdig</Unicode>
                </TextEquiv>
            </TextLine>
            <TextLine id="r3l181" custom="readingOrder {index:180;}">
                <Coords points="1424,3207 2449,3217 2449,3162 2350,3146 2279,3174 1424,3172"/>
                <Baseline points="1442,3204 1491,3205 1540,3206 1589,3207 1639,3207 1688,3208 1737,3208 1787,3208 1836,3209 1885,3209 1935,3209 1984,3209 2033,3209 2082,3209 2132,3209 2181,3208 2230,3208 2280,3208 2329,3208 2378,3207 2428,3207"/>
                <TextEquiv>
                    <Unicode>Karl Reinthaler, der bekannte Opernkomponist, ist,</Unicode>
                </TextEquiv>
            </TextLine>
            <TextLine id="r3l182" custom="readingOrder {index:181;}">
                <Coords points="2437,3222 3371,3238 3371,3175 2980,3157 2436,3183"/>
                <Baseline points="2457,3211 2501,3211 2546,3211 2590,3210 2635,3210 2680,3210 2724,3210 2769,3210 2813,3209 2858,3209 2903,3209 2947,3209 2992,3209 3036,3209 3081,3208 3126,3208 3170,3208 3215,3208 3259,3208 3304,3208 3349,3207"/>
                <TextEquiv>
                    <Unicode>wird auck ferner in der Offenbach'schen Operette</Unicode>
                </TextEquiv>
            </TextLine>
            <TextLine id="r3l183" custom="readingOrder {index:182;}">
                <Coords points="178,3253 1289,3271 1290,3220 178,3182"/>
                <Baseline points="198,3237 251,3238 305,3239 358,3239 412,3240 465,3240 519,3241 572,3241 626,3241 679,3241 733,3241 787,3241 840,3241 894,3242 947,3242 1001,3242 1054,3243 1108,3243 1161,3244 1215,3245 1269,3246"/>
                <TextEquiv>
                    <Unicode>eint. Die Geschworenen sprachen sämmtliche Angeklagte im</Unicode>
                </TextEquiv>
            </TextLine>
            <TextLine id="r3l184" custom="readingOrder {index:183;}">
                <Coords points="1273,3261 2448,3254 2448,3215 2397,3211 1273,3202"/>
                <Baseline points="1295,3246 1351,3247 1408,3248 1464,3248 1521,3249 1578,3249 1634,3249 1691,3249 1748,3249 1804,3249 1861,3249 1918,3249 1974,3248 2031,3248 2088,3248 2144,3248 2201,3248 2258,3249 2314,3249 2371,3250 2428,3250"/>
                <TextEquiv>
                    <Unicode>wie wir bereits gestern im Depeschentheile gemeldet haben, in</Unicode>
                </TextEquiv>
            </TextLine>
            <TextLine id="r3l185" custom="readingOrder {index:184;}">
                <Coords points="2443,3270 2526,3281 2549,3257 2589,3264 2605,3248 2695,3263 2802,3246 2801,3215 2778,3211 2443,3219"/>
                <Baseline points="2461,3251 2487,3251 2514,3251 2541,3251 2567,3251 2594,3251 2621,3250 2647,3250 2674,3249 2701,3249 2727,3249 2754,3248 2781,3247"/>
                <TextEquiv>
                    <Unicode>Helena“ auftreten.</Unicode>
                </TextEquiv>
            </TextLine>
            <TextLine id="r3l186" custom="readingOrder {index:185;}">
                <Coords points="181,3280 1284,3296 1281,3248 1076,3232 181,3229"/>
                <Baseline points="202,3279 255,3280 308,3281 361,3282 414,3283 468,3283 521,3283 574,3283 627,3284 680,3284 734,3284 787,3283 840,3283 893,3283 946,3283 1000,3284 1053,3284 1106,3284 1159,3285 1212,3285 1266,3286"/>
                <TextEquiv>
                    <Unicode>ne der Anklage schuldig. Unterlauf wurde zu zwei Jahren,</Unicode>
                </TextEquiv>
            </TextLine>
            <TextLine id="r3l187" custom="readingOrder {index:186;}">
                <Coords points="1284,3297 2454,3299 2454,3263 2395,3251 1284,3246"/>
                <Baseline points="1302,3290 1358,3290 1415,3289 1471,3288 1528,3288 1585,3288 1641,3288 1698,3288 1755,3289 1811,3289 1868,3289 1925,3290 1981,3290 2038,3290 2095,3290 2151,3291 2208,3291 2265,3290 2321,3290 2378,3289 2435,3289"/>
                <TextEquiv>
                    <Unicode>Bremen gestorben. Die deutsche Musikwelt verliert in ihm</Unicode>
                </TextEquiv>
            </TextLine>
            <TextLine id="r3l188" custom="readingOrder {index:187;}">
                <Coords points="2577,3294 3303,3303 3377,3295 3377,3236 3156,3229 3066,3253 2814,3230 2762,3258 2577,3254"/>
                <Baseline points="2596,3298 2634,3295 2672,3293 2710,3291 2748,3290 2786,3290 2824,3289 2863,3289 2901,3289 2939,3290 2977,3290 3015,3291 3053,3291 3091,3292 3130,3292 3168,3292 3206,3292 3244,3291 3282,3290 3320,3289 3359,3286"/>
                <TextEquiv>
                    <Unicode>Im Friedrich Wilhelmstädtischen 2</Unicode>
                </TextEquiv>
            </TextLine>
            <TextLine id="r3l189" custom="readingOrder {index:188;}">
                <Coords points="190,3327 1282,3332 1282,3297 1227,3292 190,3284"/>
                <Baseline points="209,3323 261,3323 314,3323 367,3323 419,3323 472,3323 525,3324 577,3324 630,3324 683,3325 736,3325 788,3326 841,3326 894,3326 946,3327 999,3327 1052,3327 1104,3327 1157,3326 1210,3326 1263,3325"/>
                <TextEquiv>
                    <Unicode>stall zu drei Jahren, Herrmann zu zwei</Unicode>
                </TextEquiv>
            </TextLine>
            <TextLine id="r3l190" custom="readingOrder {index:189;}">
                <Coords points="1277,3331 2333,3347 2451,3335 2451,3265 1277,3292"/>
                <Baseline points="1298,3331 1354,3329 1411,3328 1467,3327 1524,3327 1581,3327 1637,3327 1694,3328 1750,3328 1807,3329 1864,3330 1920,3331 1977,3331 2033,3332 2090,3332 2147,3332 2203,3332 2260,3332 2316,3331 2373,3329 2430,3328"/>
                <TextEquiv>
                    <Unicode>einen ihrer geachtetsten Vertreter, dessen Bedeutung allerdings fast</Unicode>
                </TextEquiv>
            </TextLine>
            <TextLine id="r3l191" custom="readingOrder {index:190;}">
                <Coords points="2442,3337 2899,3360 3384,3340 3383,3281 3356,3273 2442,3290"/>
                <Baseline points="2463,3330 2508,3330 2553,3330 2598,3331 2643,3331 2688,3332 2733,3332 2778,3332 2823,3332 2868,3333 2913,3333 2958,3333 3003,3333 3048,3332 3093,3332 3138,3332 3183,3331 3228,3331 3273,3330 3318,3329 3364,3328"/>
                <TextEquiv>
                    <Unicode>die Ausstattungskomödie „Der Hungerleider</Unicode>
                </TextEquiv>
            </TextLine>
            <TextLine id="r3l192" custom="readingOrder {index:191;}">
                <Coords points="196,3371 1169,3385 1287,3374 1288,3331 196,3324"/>
                <Baseline points="216,3362 268,3362 321,3362 373,3362 426,3362 478,3362 531,3363 583,3363 636,3363 688,3364 741,3364 793,3365 846,3365 898,3366 951,3366 1003,3366 1056,3367 1108,3367 1161,3367 1213,3367 1266,3367"/>
                <TextEquiv>
                    <Unicode>hren sechs Monaten, Geisler zu einem Jahre</Unicode>
                </TextEquiv>
            </TextLine>
            <TextLine id="r3l193" custom="readingOrder {index:192;}">
                <Coords points="1274,3377 2444,3381 2444,3334 2366,3326 1274,3326"/>
                <Baseline points="1295,3374 1351,3372 1407,3371 1464,3370 1520,3370 1577,3370 1633,3370 1689,3370 1746,3370 1802,3370 1859,3371 1915,3371 1971,3371 2028,3372 2084,3372 2141,3372 2197,3372 2253,3371 2310,3370 2366,3370 2423,3368"/>
                <TextEquiv>
                    <Unicode>zwanzig Jahre zurückliegt. Reinthaler war am 13. Oktober 1822</Unicode>
                </TextEquiv>
            </TextLine>
            <TextLine id="r3l194" custom="readingOrder {index:193;}">
                <Coords points="2444,3398 2483,3382 2590,3389 2617,3373 2696,3381 2720,3369 2771,3384 2865,3372 2865,3341 2444,3335"/>
                <Baseline points="2463,3373 2488,3372 2514,3371 2539,3371 2565,3370 2591,3370 2616,3370 2642,3370 2667,3370 2693,3370 2719,3370 2744,3370 2770,3370 2795,3370 2821,3370 2847,3370"/>
                <TextEquiv>
                    <Unicode>25. Male in Szene.</Unicode>
                </TextEquiv>
            </TextLine>
            <TextLine id="r3l195" custom="readingOrder {index:194;}">
                <Coords points="176,3395 1275,3427 1275,3379 1216,3371 176,3348"/>
                <Baseline points="196,3404 251,3405 307,3405 363,3405 418,3406 474,3406 530,3406 586,3406 641,3407 697,3407 753,3407 809,3408 864,3408 920,3408 976,3409 1032,3410 1087,3411 1143,3411 1199,3412 1255,3414"/>
                <TextEquiv>
                    <Unicode>chthaus, ferner sämmtlich zu Ehrverlust und Stellung unter</Unicode>
                </TextEquiv>
            </TextLine>
            <TextLine id="r3l196" custom="readingOrder {index:195;}">
                <Coords points="1271,3406 2453,3422 2453,3367 1271,3351"/>
                <Baseline points="1291,3412 1348,3411 1405,3411 1462,3410 1519,3410 1577,3410 1634,3411 1691,3411 1748,3411 1805,3411 1863,3412 1920,3412 1977,3412 2034,3412 2091,3412 2149,3412 2206,3412 2263,3412 2320,3411 2377,3410 2435,3409"/>
                <TextEquiv>
                    <Unicode>in Erfurt als Sohn des um die Hebung des Volksgesanges ver¬</Unicode>
                </TextEquiv>
            </TextLine>
            <TextLine id="r3l197" custom="readingOrder {index:196;}">
                <Coords points="2579,3413 2638,3441 2686,3413 3383,3435 3383,3380 3313,3352 2579,3381"/>
                <Baseline points="2599,3414 2637,3413 2675,3412 2713,3412 2751,3412 2789,3412 2827,3412 2866,3412 2904,3412 2942,3413 2980,3413 3018,3414 3056,3414 3094,3414 3133,3415 3171,3415 3209,3415 3247,3414 3285,3414 3323,3413 3362,3412"/>
                <TextEquiv>
                    <Unicode>Im Alexanderplatz=Theater wird als n</Unicode>
                </TextEquiv>
            </TextLine>
            <TextLine id="r3l198" custom="readingOrder {index:197;}">
                <Coords points="184,3452 247,3460 286,3448 322,3460 436,3448 460,3460 602,3447 602,3416 460,3393 440,3404 397,3393 369,3412 298,3405 286,3417 223,3417 184,3397"/>
                <Baseline points="205,3449 230,3447 255,3446 280,3445 305,3445 331,3444 356,3444 381,3445 406,3445 431,3445 457,3446 482,3446 507,3446 532,3446 557,3445 583,3445"/>
                <TextEquiv>
                    <Unicode>zeiaussicht verurtheilt.</Unicode>
                </TextEquiv>
            </TextLine>
            <TextLine id="r3l199" custom="readingOrder {index:198;}">
                <Coords points="1270,3456 2449,3463 2449,3412 2406,3400 1270,3405"/>
                <Baseline points="1291,3453 1348,3453 1405,3454 1462,3454 1519,3454 1576,3454 1633,3454 1690,3454 1747,3454 1804,3454 1861,3454 1918,3454 1975,3454 2032,3454 2089,3454 2146,3454 2203,3454 2260,3453 2317,3453 2374,3453 2431,3453"/>
                <TextEquiv>
                    <Unicode>dienten Rektors daselbst geboren, widmete sich in Berlin dem</Unicode>
                </TextEquiv>
            </TextLine>
            <TextLine id="r3l200" custom="readingOrder {index:199;}">
                <Coords points="2452,3465 3378,3487 3378,3428 3351,3424 2626,3427 2452,3394"/>
                <Baseline points="2473,3453 2517,3453 2561,3454 2605,3454 2650,3455 2694,3455 2738,3456 2783,3457 2827,3457 2871,3458 2916,3459 2960,3459 3004,3460 3048,3460 3093,3460 3137,3460 3181,3460 3226,3459 3270,3458 3314,3457 3359,3455"/>
                <TextEquiv>
                    <Unicode>Audran's Vaudeville „Mon Prince“ zur</Unicode>
                </TextEquiv>
            </TextLine>
            <TextLine id="r3l201" custom="readingOrder {index:200;}">
                <Coords points="200,3505 1296,3497 1296,3453 1087,3425 200,3441"/>
                <Baseline points="220,3487 272,3486 325,3486 378,3486 431,3486 484,3486 536,3486 589,3487 642,3487 695,3487 748,3487 800,3488 853,3488 906,3488 959,3488 1012,3489 1064,3489 1117,3489 1170,3489 1223,3489 1276,3489"/>
                <TextEquiv>
                    <Unicode>§ In der Peivatklagesache des Buchhändlers Glös</Unicode>
                </TextEquiv>
            </TextLine>
            <TextLine id="r3l202" custom="readingOrder {index:201;}">
                <Coords points="1282,3496 2456,3507 2456,3432 1282,3452"/>
                <Baseline points="1300,3491 1356,3492 1413,3493 1470,3493 1527,3493 1584,3494 1640,3494 1697,3494 1754,3494 1811,3494 1868,3493 1924,3493 1981,3493 2038,3493 2095,3493 2152,3493 2208,3492 2265,3492 2322,3493 2379,3493 2436,3493"/>
                <TextEquiv>
                    <Unicode>Studium der Theologie, ging aber nach Beendigung desselben zur</Unicode>
                </TextEquiv>
            </TextLine>
            <TextLine id="r3l203" custom="readingOrder {index:202;}">
                <Coords points="2449,3526 2472,3525 2481,3533 2492,3521 2508,3520 2520,3532 2547,3515 2567,3526 2614,3517 2634,3528 2662,3519 2660,3460 2447,3463"/>
                <Baseline points="2466,3506 2491,3504 2516,3503 2541,3501 2567,3501 2592,3501 2617,3500 2643,3499"/>
                <TextEquiv>
                    <Unicode>gelangen.</Unicode>
                </TextEquiv>
            </TextLine>
            <TextLine id="r3l204" custom="readingOrder {index:203;}">
                <Coords points="199,3526 1137,3550 1181,3515 1283,3547 1284,3488 200,3498"/>
                <Baseline points="219,3524 271,3525 323,3525 375,3526 427,3526 480,3527 532,3528 584,3529 636,3529 688,3530 741,3531 793,3532 845,3532 897,3533 949,3533 1002,3533 1054,3533 1106,3533 1158,3533 1210,3532 1263,3532"/>
                <TextEquiv>
                    <Unicode>Dresden gegen den Redakteur der „Jüdischen Presse“ Dr.</Unicode>
                </TextEquiv>
            </TextLine>
            <TextLine id="r3l205" custom="readingOrder {index:204;}">
                <Coords points="1279,3543 2461,3530 2461,3502 2205,3483 1279,3499"/>
                <Baseline points="1299,3532 1356,3532 1413,3532 1470,3532 1527,3532 1585,3532 1642,3533 1699,3533 1756,3533 1813,3533 1871,3534 1928,3534 1985,3534 2042,3534 2099,3534 2157,3533 2214,3533 2271,3532 2328,3531 2385,3530 2443,3529"/>
                <TextEquiv>
                    <Unicode>Musik über, nachdem er schon frühzeitig gründliche Stud en im </Unicode>
                </TextEquiv>
            </TextLine>
            <TextLine id="r3l206" custom="readingOrder {index:205;}">
                <Coords points="1276,3570 2443,3573 2443,3533 2344,3529 1276,3530"/>
                <Baseline points="1296,3571 1352,3571 1408,3571 1465,3571 1521,3571 1578,3571 1634,3571 1690,3571 1747,3570 1803,3570 1860,3570 1916,3570 1972,3570 2029,3570 2085,3570 2142,3570 2198,3570 2254,3570 2311,3570 2367,3571 2424,3571"/>
                <TextEquiv>
                    <Unicode>Klavier= und Orgelspiel wie in der Komposition gemacht hatte. In</Unicode>
                </TextEquiv>
            </TextLine>
            <TextLine id="r3l207" custom="readingOrder {index:206;}">
                <Coords points="191,3572 1228,3581 1283,3569 1283,3514 1062,3541 191,3517"/>
                <Baseline points="209,3564 261,3565 314,3566 366,3567 419,3568 472,3569 524,3570 577,3571 630,3572 682,3572 735,3573 788,3573 840,3573 893,3573 946,3573 998,3573 1051,3572 1104,3571 1156,3570 1209,3569 1262,3567"/>
                <TextEquiv>
                    <Unicode>ch Hildesheimer, wurde gestern vor der achten Straf¬</Unicode>
                </TextEquiv>
            </TextLine>
            <TextLine id="r3l208" custom="readingOrder {index:207;}">
                <Coords points="2889,3594 2913,3591 2936,3611 2984,3596 3062,3618 3082,3603 3125,3612 3153,3593 3177,3597 3178,3562 3139,3557 3116,3533 2966,3529 2891,3543"/>
                <Baseline points="2908,3591 2935,3591 2963,3592 2990,3593 3018,3595 3045,3596 3073,3597 3100,3597 3128,3596 3156,3594"/>
                <TextEquiv>
                    <Unicode>Musik.</Unicode>
                </TextEquiv>
            </TextLine>
            <TextLine id="r3l209" custom="readingOrder {index:208;}">
                <Coords points="1269,3614 2459,3610 2459,3563 1269,3563"/>
                <Baseline points="1289,3611 1346,3610 1404,3610 1461,3610 1519,3610 1576,3610 1634,3610 1691,3610 1749,3610 1806,3611 1864,3611 1922,3611 1979,3611 2037,3611 2094,3611 2152,3611 2209,3611 2267,3611 2324,3610 2382,3609 2440,3608"/>
                <TextEquiv>
                    <Unicode>Berlin genoß er den Unterricht von Marx und widmete sich speziell</Unicode>
                </TextEquiv>
            </TextLine>
            <TextLine id="r3l210" custom="readingOrder {index:209;}">
                <Coords points="182,3607 1274,3618 1274,3575 1140,3566 182,3556"/>
                <Baseline points="203,3605 255,3606 308,3607 360,3607 413,3608 465,3609 518,3609 570,3610 623,3611 675,3611 728,3612 781,3612 833,3612 886,3613 938,3613 991,3613 1043,3613 1096,3612 1148,3612 1201,3611 1254,3610"/>
                <TextEquiv>
                    <Unicode>ner des Landgerichts I das Urtheil verkündet. Der Beklagte</Unicode>
                </TextEquiv>
            </TextLine>
            <TextLine id="r3l211" custom="readingOrder {index:210;}">
                <Coords points="203,3666 1216,3669 1275,3661 1275,3606 203,3611"/>
                <Baseline points="223,3650 274,3649 326,3649 377,3649 429,3649 481,3650 532,3650 584,3650 636,3651 687,3651 739,3652 791,3652 842,3652 894,3653 946,3653 997,3653 1049,3652 1101,3652 1152,3651 1204,3650 1256,3648"/>
                <TextEquiv>
                    <Unicode>gegen Glöß Widerklage erhoben. Beide Parteien waren</Unicode>
                </TextEquiv>
            </TextLine>
            <TextLine id="r3l212" custom="readingOrder {index:211;}">
                <Coords points="1281,3655 2455,3656 2455,3609 1281,3600"/>
                <Baseline points="1302,3651 1358,3651 1415,3651 1471,3651 1528,3652 1585,3652 1641,3652 1698,3652 1754,3652 1811,3653 1868,3653 1924,3653 1981,3653 2037,3653 2094,3653 2151,3653 2207,3653 2264,3652 2320,3652 2377,3652 2434,3651"/>
                <TextEquiv>
                    <Unicode>dem Fache des Gesangunterrichts. Auf Grund einiger durch</Unicode>
                </TextEquiv>
            </TextLine>
            <TextLine id="r3l213" custom="readingOrder {index:212;}">
                <Coords points="2579,3651 2630,3671 3320,3665 3391,3650 3392,3603 2580,3596"/>
                <Baseline points="2599,3655 2637,3654 2676,3652 2714,3652 2753,3651 2792,3651 2830,3651 2869,3652 2907,3652 2946,3653 2985,3654 3023,3655 3062,3656 3100,3656 3139,3657 3178,3657 3216,3658 3255,3657 3293,3657 3332,3656 3371,3655"/>
                <TextEquiv>
                    <Unicode>In der Sing=Akademie findet kommen¬</Unicode>
                </TextEquiv>
            </TextLine>
            <TextLine id="r3l214" custom="readingOrder {index:213;}">
                <Coords points="206,3690 1290,3701 1290,3661 1014,3645 207,3642"/>
                <Baseline points="227,3687 279,3688 331,3689 383,3690 435,3690 487,3691 539,3692 591,3692 643,3693 695,3693 748,3693 800,3694 852,3694 904,3694 956,3693 1008,3693 1060,3693 1112,3692 1164,3691 1216,3690 1269,3689"/>
                <TextEquiv>
                    <Unicode>Schöffengericht der Beleidigung für schuldig erklärt und zu</Unicode>
                </TextEquiv>
            </TextLine>
            <TextLine id="r3l215" custom="readingOrder {index:214;}">
                <Coords points="1273,3688 2452,3706 2452,3659 2330,3639 2271,3667 2188,3639 1273,3648"/>
                <Baseline points="1293,3691 1350,3691 1407,3691 1464,3691 1521,3692 1578,3692 1635,3692 1692,3693 1749,3693 1806,3693 1863,3694 1920,3694 1977,3694 2034,3694 2091,3693 2148,3693 2205,3692 2262,3691 2319,3690 2376,3688 2433,3686"/>
                <TextEquiv>
                    <Unicode> den Berliner Domchor zur Aufführung gebrachten Pfalmen¬</Unicode>
                </TextEquiv>
            </TextLine>
            <TextLine id="r3l216" custom="readingOrder {index:215;}">
                <Coords points="2448,3698 3382,3700 3382,3649 2448,3639"/>
                <Baseline points="2466,3692 2510,3692 2555,3692 2600,3693 2645,3693 2690,3693 2734,3694 2779,3694 2824,3694 2869,3695 2914,3695 2958,3695 3003,3695 3048,3695 3093,3695 3138,3695 3182,3695 3227,3694 3272,3694 3317,3693 3362,3692"/>
                <TextEquiv>
                    <Unicode>eine Matinée der blinden Oratorien= und Konzert¬S#</Unicode>
                </TextEquiv>
            </TextLine>
            <TextLine id="r3l217" custom="readingOrder {index:216;}">
                <Coords points="1276,3744 2340,3749 2455,3729 2455,3686 1276,3689"/>
                <Baseline points="1297,3731 1353,3731 1410,3731 1467,3731 1524,3731 1581,3732 1637,3732 1694,3733 1751,3734 1808,3734 1865,3735 1921,3735 1978,3735 2035,3735 2092,3735 2149,3735 2205,3734 2262,3732 2319,3731 2376,3728 2433,3726"/>
                <TextEquiv>
                    <Unicode>kompositionen erhielt er vom König von Preußen ein Reise¬</Unicode>
                </TextEquiv>
            </TextLine>
            <TextLine id="r3l218" custom="readingOrder {index:217;}">
                <Coords points="198,3737 714,3761 864,3726 1282,3735 1282,3695 1006,3683 198,3689"/>
                <Baseline points="217,3730 269,3730 321,3730 373,3730 425,3730 477,3731 529,3732 582,3733 634,3734 686,3734 738,3735 790,3736 842,3736 894,3736 947,3736 999,3736 1051,3735 1103,3733 1155,3731 1207,3728 1260,3724"/>
                <TextEquiv>
                    <Unicode>5 Mark Geldstrafe verurtheilt worden. Hiergegen war beider¬</Unicode>
                </TextEquiv>
            </TextLine>
            <TextLine id="r3l219" custom="readingOrder {index:218;}">
                <Coords points="2444,3732 3374,3747 3374,3691 3347,3683 2444,3696"/>
                <Baseline points="2464,3733 2508,3733 2553,3734 2597,3734 2642,3734 2687,3735 2731,3735 2776,3735 2820,3736 2865,3736 2910,3736 2954,3736 2999,3736 3043,3736 3088,3736 3133,3736 3177,3736 3222,3736 3266,3736 3311,3736 3356,3735"/>
                <TextEquiv>
                    <Unicode>Hanna Lüer unter gütiger Mitwirkung von G.</Unicode>
                </TextEquiv>
            </TextLine>
            <TextLine id="r3l220" custom="readingOrder {index:219;}">
                <Coords points="1277,3777 2452,3786 2451,3727 2392,3723 1277,3734"/>
                <Baseline points="1297,3774 1353,3774 1410,3774 1467,3774 1523,3774 1580,3775 1637,3775 1693,3775 1750,3775 1807,3775 1864,3775 1920,3775 1977,3775 2034,3775 2090,3775 2147,3774 2204,3774 2260,3773 2317,3772 2374,3771 2431,3769"/>
                <TextEquiv>
                    <Unicode>stipendium und ging 1850 behufs weiterer Gesangstudien nach</Unicode>
                </TextEquiv>
            </TextLine>
            <TextLine id="r3l221" custom="readingOrder {index:220;}">
                <Coords points="201,3777 1281,3782 1282,3735 202,3737"/>
                <Baseline points="220,3768 272,3769 324,3770 376,3771 428,3772 480,3773 532,3774 584,3775 636,3775 688,3776 740,3777 792,3777 844,3777 896,3777 948,3777 1000,3777 1052,3776 1104,3775 1156,3774 1208,3773 1260,3771"/>
                <TextEquiv>
                    <Unicode>Berufung eingelegt worden. Der Gerichtshof zweiter Instanz</Unicode>
                </TextEquiv>
            </TextLine>
            <TextLine id="r3l222" custom="readingOrder {index:221;}">
                <Coords points="2452,3778 3362,3787 3362,3747 3288,3727 2452,3731"/>
                <Baseline points="2471,3772 2514,3773 2558,3774 2601,3775 2645,3776 2689,3776 2732,3777 2776,3777 2819,3777 2863,3778 2907,3778 2950,3778 2994,3777 3037,3777 3081,3777 3125,3776 3168,3776 3212,3775 3255,3775 3299,3774 3343,3774"/>
                <TextEquiv>
                    <Unicode>dem bekannten Hofpianisten, und dem Professor</Unicode>
                </TextEquiv>
            </TextLine>
            <TextLine id="r3l223" custom="readingOrder {index:222;}">
                <Coords points="1274,3814 2314,3829 2452,3812 2452,3765 1274,3778"/>
                <Baseline points="1295,3815 1351,3815 1408,3815 1465,3815 1522,3815 1579,3815 1636,3815 1693,3815 1750,3815 1807,3815 1864,3815 1920,3814 1977,3814 2034,3814 2091,3813 2148,3813 2205,3812 2262,3812 2319,3811 2376,3810 2433,3810"/>
                <TextEquiv>
                    <Unicode>Paris, von da nach Rom und Neapel, wo er hauptsächlich dem</Unicode>
                </TextEquiv>
            </TextLine>
            <TextLine id="r3l224" custom="readingOrder {index:223;}">
                <Coords points="2437,3818 2461,3814 2504,3838 2540,3834 2552,3822 2603,3830 2622,3810 2701,3829 2733,3817 2733,3762 2614,3782 2571,3782 2551,3771 2532,3783 2437,3775"/>
                <Baseline points="2457,3813 2482,3813 2508,3814 2533,3815 2559,3815 2585,3815 2610,3815 2636,3815 2661,3814 2687,3813 2713,3810"/>
                <TextEquiv>
                    <Unicode>(Violine) statt.</Unicode>
                </TextEquiv>
            </TextLine>
            <TextLine id="r3l225" custom="readingOrder {index:224;}">
                <Coords points="220,3800 1288,3830 1288,3775 220,3772"/>
                <Baseline points="241,3810 292,3811 343,3811 395,3812 446,3813 498,3813 549,3814 601,3815 652,3815 704,3816 755,3816 806,3816 858,3816 909,3816 961,3816 1012,3816 1064,3815 1115,3814 1167,3813 1218,3812 1270,3810"/>
                <TextEquiv>
                    <Unicode>sich den Ausführungen des Vorderrichters im Wesentlichen</Unicode>
                </TextEquiv>
            </TextLine>
            <TextLine id="r3l226" custom="readingOrder {index:225;}">
                <Coords points="1276,3850 2447,3865 2447,3814 1276,3822"/>
                <Baseline points="1297,3852 1353,3853 1410,3854 1466,3855 1523,3855 1580,3856 1636,3856 1693,3856 1749,3856 1806,3856 1863,3856 1919,3856 1976,3856 2032,3855 2089,3854 2146,3854 2202,3853 2259,3852 2315,3850 2372,3849 2429,3847"/>
                <TextEquiv>
                    <Unicode>1 Studium der altitalienischen Meister oblag. 1853 wurde er als</Unicode>
                </TextEquiv>
            </TextLine>
            <TextLine id="r3l227" custom="readingOrder {index:226;}">
                <Coords points="190,3867 1289,3870 1290,3811 190,3824"/>
                <Baseline points="210,3851 262,3852 315,3853 368,3854 421,3854 474,3855 527,3856 580,3856 633,3857 686,3857 739,3858 791,3858 844,3858 897,3858 950,3858 1003,3857 1056,3857 1109,3856 1162,3855 1215,3854 1268,3853"/>
                <TextEquiv>
                    <Unicode>erkannte daher auf Verwerfung der beiderseitig</Unicode>
                </TextEquiv>
            </TextLine>
            <TextLine id="r3l228" custom="readingOrder {index:227;}">
                <Coords points="2594,3863 2898,3874 2996,3846 3378,3868 3378,3801 2594,3816"/>
                <Baseline points="2613,3859 2650,3859 2687,3858 2725,3858 2762,3858 2799,3858 2837,3858 2874,3857 2911,3857 2949,3857 2986,3857 3023,3857 3061,3857 3098,3857 3135,3857 3173,3857 3210,3857 3247,3856 3285,3856 3322,3855 3360,3854"/>
                <TextEquiv>
                    <Unicode>Im Concerthause veranstaltet Kapellm</Unicode>
                </TextEquiv>
            </TextLine>
            <TextLine id="r3l229" custom="readingOrder {index:228;}">
                <Coords points="1272,3897 2455,3904 2454,3861 2312,3850 1272,3854"/>
                <Baseline points="1291,3892 1348,3893 1405,3893 1462,3894 1519,3895 1577,3895 1634,3896 1691,3896 1748,3896 1805,3896 1863,3896 1920,3895 1977,3895 2034,3894 2091,3894 2149,3893 2206,3892 2263,3891 2320,3890 2377,3889 2435,3888"/>
                <TextEquiv>
                    <Unicode>Lehrer des Gesanges an das Kölner Konservatorium berufen und</Unicode>
                </TextEquiv>
            </TextLine>
            <TextLine id="r3l230" custom="readingOrder {index:229;}">
                <Coords points="2439,3894 3302,3896 3326,3920 3393,3897 3393,3857 2439,3846"/>
                <Baseline points="2460,3894 2505,3894 2551,3894 2596,3894 2642,3895 2688,3895 2733,3895 2779,3896 2824,3896 2870,3896 2916,3896 2961,3897 3007,3897 3052,3897 3098,3897 3144,3897 3189,3897 3235,3897 3280,3896 3326,3896 3372,3895"/>
                <TextEquiv>
                    <Unicode>heute Sonnabend einen Operetten= und Walzer=Abend.</Unicode>
                </TextEquiv>
            </TextLine>
            <TextLine id="r3l231" custom="readingOrder {index:230;}">
                <Coords points="192,3903 1280,3926 1280,3839 192,3856"/>
                <Baseline points="213,3895 265,3893 317,3893 369,3893 422,3893 474,3894 526,3895 579,3896 631,3897 683,3898 736,3899 788,3900 840,3901 892,3902 945,3902 997,3902 1049,3901 1102,3900 1154,3897 1206,3895 1259,3891"/>
                <TextEquiv>
                    <Unicode>gelegten Berufung und legte die Kosten den Parteien</Unicode>
                </TextEquiv>
            </TextLine>
            <TextLine id="r3l232" custom="readingOrder {index:231;}">
                <Coords points="1282,3945 2377,3946 2452,3930 2452,3871 1281,3882"/>
                <Baseline points="1301,3931 1357,3933 1414,3934 1470,3936 1527,3937 1584,3937 1640,3938 1697,3938 1753,3938 1810,3938 1867,3937 1923,3937 1980,3936 2036,3935 2093,3934 2150,3933 2206,3932 2263,3931 2319,3929 2376,3927 2433,3926"/>
                <TextEquiv>
                    <Unicode>übernahm zugleich die Leitung des Kölner Gesangvereins. Damals</Unicode>
                </TextEquiv>
            </TextLine>
            <TextLine id="r3l233" custom="readingOrder {index:232;}">
                <Coords points="186,3950 320,3935 343,3947 470,3932 485,3948 667,3937 667,3909 604,3897 482,3904 450,3884 320,3900 186,3883"/>
                <Baseline points="204,3934 230,3934 256,3934 282,3934 308,3933 334,3933 360,3933 386,3933 412,3934 438,3934 464,3934 490,3934 516,3934 542,3935 568,3935 594,3935 620,3936 646,3936"/>
                <TextEquiv>
                    <Unicode>leichen Theilen zur Last.</Unicode>
                </TextEquiv>
            </TextLine>
            <TextLine id="r3l234" custom="readingOrder {index:233;}">
                <Coords points="2439,3932 2983,3956 3172,3933 3267,3957 3369,3945 3370,3902 2439,3901"/>
                <Baseline points="2461,3932 2505,3933 2549,3934 2594,3936 2638,3937 2683,3937 2727,3938 2772,3939 2816,3939 2861,3940 2905,3940 2949,3940 2994,3940 3038,3939 3083,3939 3127,3938 3172,3937 3216,3936 3261,3935 3305,3934 3350,3933"/>
                <TextEquiv>
                    <Unicode>Komzak, Joh. Strauß, Dellinger, Ganne, Suppé,</Unicode>
                </TextEquiv>
            </TextLine>
            <TextLine id="r3l235" custom="readingOrder {index:234;}">
                <Coords points="1271,3976 2449,3976 2449,3929 2394,3913 1921,3947 1271,3921"/>
                <Baseline points="1291,3971 1347,3972 1404,3973 1461,3974 1518,3975 1575,3976 1632,3977 1689,3977 1746,3977 1803,3977 1860,3977 1916,3977 1973,3976 2030,3975 2087,3975 2144,3974 2201,3973 2258,3971 2315,3970 2372,3969 2429,3967"/>
                <TextEquiv>
                    <Unicode>entstand sein Oratorium „Jephtha“, das seinen Namen bald in</Unicode>
                </TextEquiv>
            </TextLine>
            <TextLine id="r3l236" custom="readingOrder {index:235;}">
                <Coords points="184,3973 668,4002 1283,3976 1283,3925 1149,3916 184,3922"/>
                <Baseline points="203,3975 256,3974 309,3974 362,3974 415,3974 468,3975 521,3976 574,3976 627,3978 680,3979 734,3980 787,3980 840,3981 893,3981 946,3981 999,3980 1052,3979 1105,3977 1158,3976 1211,3972 1265,3969"/>
                <TextEquiv>
                    <Unicode>§ Die Revision des Assessors Pigulla und der un¬</Unicode>
                </TextEquiv>
            </TextLine>
            <TextLine id="r3l237" custom="readingOrder {index:236;}">
                <Coords points="2436,3983 3311,3976 3382,4008 3383,3945 3323,3937 2437,3932"/>
                <Baseline points="2457,3972 2502,3972 2547,3973 2592,3974 2637,3975 2683,3976 2728,3976 2773,3976 2818,3977 2863,3977 2909,3978 2954,3978 2999,3978 3044,3978 3089,3978 3135,3978 3180,3978 3225,3978 3270,3977 3315,3977 3361,3977"/>
                <TextEquiv>
                    <Unicode>Offenbach und Ziehrer werden zur Aufführung gelan</Unicode>
                </TextEquiv>
            </TextLine>
            <TextLine id="r3l238" custom="readingOrder {index:237;}">
                <Coords points="1278,4019 2452,4025 2452,3970 1277,3971"/>
                <Baseline points="1297,4010 1353,4011 1410,4012 1467,4013 1524,4014 1581,4014 1637,4015 1694,4015 1751,4015 1808,4015 1865,4015 1921,4015 1978,4015 2035,4014 2092,4014 2149,4014 2205,4013 2262,4012 2319,4011 2376,4010 2433,4009"/>
                <TextEquiv>
                    <Unicode>allen musikpflegenden Städten Deutschlands bekannt machte und 1858</Unicode>
                </TextEquiv>
            </TextLine>
            <TextLine id="r3l239" custom="readingOrder {index:238;}">
                <Coords points="2439,4019 3310,4024 3341,4020 3342,3973 2439,3972"/>
                <Baseline points="2459,4012 2502,4013 2545,4014 2588,4014 2631,4015 2674,4015 2717,4016 2761,4016 2804,4016 2847,4016 2890,4016 2933,4016 2976,4016 3019,4016 3063,4016 3106,4016 3149,4015 3192,4015 3235,4015 3278,4014 3322,4013"/>
                <TextEquiv>
                    <Unicode>dem singt Frl. Josephine Spitz „Bolero“ (O</Unicode>
                </TextEquiv>
            </TextLine>
            <TextLine id="r3l240" custom="readingOrder {index:239;}">
                <Coords points="188,4025 1280,4019 1280,3976 1229,3971 188,3962"/>
                <Baseline points="208,4013 260,4014 313,4014 365,4015 418,4016 471,4017 523,4018 576,4019 628,4020 681,4021 734,4021 786,4022 839,4022 891,4022 944,4022 997,4022 1049,4021 1102,4020 1154,4018 1207,4017 1260,4014"/>
                <TextEquiv>
                    <Unicode>elichten Anna Stubbe wurde gestern vom Reichsgericht</Unicode>
                </TextEquiv>
            </TextLine>
            <TextLine id="r3l241" custom="readingOrder {index:240;}">
                <Coords points="2433,4066 3387,4062 3387,4015 3344,3999 2433,4011"/>
                <Baseline points="2454,4049 2499,4051 2545,4052 2591,4053 2637,4053 2682,4053 2728,4053 2774,4053 2820,4052 2865,4052 2911,4051 2957,4051 3003,4050 3048,4050 3094,4050 3140,4050 3186,4050 3231,4051 3277,4052 3323,4054 3369,4056"/>
                <TextEquiv>
                    <Unicode>Hoffnungstraum) aus „Don Cesar“ von Dellinger,</Unicode>
                </TextEquiv>
            </TextLine>
            <TextLine id="r3l242" custom="readingOrder {index:241;}">
                <Coords points="1277,4069 2444,4059 2443,4008 2392,4001 1277,4006"/>
                <Baseline points="1295,4050 1351,4052 1408,4053 1464,4055 1521,4056 1577,4057 1634,4057 1690,4057 1747,4057 1803,4057 1860,4057 1916,4056 1973,4056 2029,4055 2086,4054 2142,4053 2199,4052 2255,4050 2312,4049 2368,4048 2425,4047"/>
                <TextEquiv>
                    <Unicode>seine Berufung nach Bremen zur Folge hatte. Dort gründete er sich</Unicode>
                </TextEquiv>
            </TextLine>
            <TextLine id="r3l243" custom="readingOrder {index:242;}">
                <Coords points="191,4064 1153,4075 1294,4060 1295,4013 191,4005"/>
                <Baseline points="210,4053 263,4054 316,4055 369,4056 423,4057 476,4057 529,4058 583,4059 636,4060 689,4060 743,4061 796,4061 849,4062 902,4062 956,4061 1009,4061 1062,4060 1116,4059 1169,4057 1222,4056 1276,4054"/>
                <TextEquiv>
                    <Unicode>porfen. Die Angeklagten waren am 2. Oktober vorigen Jahres</Unicode>
                </TextEquiv>
            </TextLine>
            <TextLine id="r3l244" custom="readingOrder {index:243;}">
                <Coords points="2440,4105 3319,4110 3390,4090 3390,4051 2440,4062"/>
                <Baseline points="2459,4092 2504,4093 2550,4093 2595,4093 2641,4093 2687,4093 2732,4093 2778,4093 2824,4093 2869,4092 2915,4092 2961,4092 3006,4092 3052,4092 3098,4093 3143,4093 3189,4093 3235,4093 3280,4094 3326,4094 3372,4095"/>
                <TextEquiv>
                    <Unicode>Spitz singt das Lied „Ich bin der Christel von der</Unicode>
                </TextEquiv>
            </TextLine>
            <TextLine id="r3l245" custom="readingOrder {index:244;}">
                <Coords points="1276,4106 2446,4106 2446,4047 1275,4063"/>
                <Baseline points="1297,4090 1353,4092 1409,4093 1466,4095 1522,4095 1579,4096 1635,4097 1691,4097 1748,4097 1804,4097 1861,4096 1917,4096 1973,4095 2030,4095 2086,4094 2143,4093 2199,4092 2255,4091 2312,4090 2368,4090 2425,4089"/>
                <TextEquiv>
                    <Unicode>eine Lebensstellung als Organist und Musikdirektor der Domkirche</Unicode>
                </TextEquiv>
            </TextLine>
            <TextLine id="r3l246" custom="readingOrder {index:245;}">
                <Coords points="194,4096 1266,4107 1290,4052 194,4064"/>
                <Baseline points="213,4095 265,4095 318,4095 371,4096 424,4096 477,4097 529,4098 582,4098 635,4099 688,4100 741,4101 793,4101 846,4101 899,4102 952,4102 1005,4101 1057,4101 1110,4099 1163,4098 1216,4096 1269,4093"/>
                <TextEquiv>
                    <Unicode>der dritten Strafkammer des Landgerichts I Berlin wegen</Unicode>
                </TextEquiv>
            </TextLine>
            <TextLine id="r3l247" custom="readingOrder {index:246;}">
                <Coords points="195,4142 250,4146 282,4134 302,4142 467,4141 467,4094 431,4086 404,4106 376,4090 353,4090 341,4102 297,4090 195,4095"/>
                <Baseline points="214,4136 240,4135 266,4135 292,4136 318,4136 344,4136 370,4135 396,4135 422,4135 449,4135"/>
                <TextEquiv>
                    <Unicode>derstandes</Unicode>
                </TextEquiv>
            </TextLine>
            <TextLine id="r3l248" custom="readingOrder {index:247;}">
                <Coords points="2431,4137 3345,4166 3345,4103 3235,4095 2431,4109"/>
                <Baseline points="2449,4135 2492,4134 2536,4133 2580,4133 2624,4133 2668,4133 2712,4133 2756,4134 2800,4134 2844,4135 2888,4136 2931,4136 2975,4137 3019,4138 3063,4138 3107,4138 3151,4138 3195,4138 3239,4137 3283,4136 3327,4134"/>
                <TextEquiv>
                    <Unicode>1 UuK</Unicode>
                </TextEquiv>
            </TextLine>
            <TextLine id="r3l249" custom="readingOrder {index:248;}">
                <Coords points="1278,4143 2440,4133 2440,4086 1277,4100"/>
                <Baseline points="1299,4139 1355,4139 1411,4139 1467,4139 1523,4139 1579,4139 1635,4139 1691,4139 1747,4139 1803,4139 1860,4139 1916,4138 1972,4138 2028,4137 2084,4136 2140,4135 2196,4134 2252,4133 2308,4131 2364,4129 2421,4127"/>
                <TextEquiv>
                    <Unicode>sowie als Dirigent der dortigen Singakademie und Konzertartell¬</Unicode>
                </TextEquiv>
            </TextLine>
            <TextLine id="r3l250" custom="readingOrder {index:249;}">
                <Coords points="482,4140 1282,4132 1281,4093 1250,4081 876,4114 481,4089"/>
                <Baseline points="501,4140 539,4140 577,4140 615,4140 653,4140 691,4140 729,4140 767,4140 805,4140 843,4140 881,4140 919,4140 957,4140 995,4140 1033,4139 1071,4139 1109,4138 1147,4138 1185,4137 1223,4136 1262,4134"/>
                <TextEquiv>
                    <Unicode>gegen die Staatsgewalt und</Unicode>
                </TextEquiv>
            </TextLine>
            <TextEquiv>
                <Unicode>Liebelei
box 13/8
E E A. K 2

eine gefälscht. In recht dreister Weise hat er den Fabrikanten trägt dieser Protektionsunfug dazu bei, die pflichttreuen Künstler Mlutoren auch das Ausland zu Wort komme
arella um 500 M. betrogen. Letzterer wurde eines Tages
ch zusammen aus:
anzuspornen, ihr Bestes zu leisten, das mindestens so gut ist wie (Das Repertoire setzt
irch den Fernsprecher angeklingelt und auf seine Frage,
Winkel“, „Schmetterlingsschlacht“ und „Heimath“ von
das Beste Rittner's, dessen Ferdinand heute noch in des
er dort sei, erwiderte ihm der am Telephon stehende Angeklagte:
Kunstkenners Nachtgebet hart an dem Teufel steht, obschon Herr |) Wilde Jagd“ und „Fräulein Wittwe“ von Fuld
Hier Fritz Friedmann!“ Der Pfeudo=Rechtsanwalt bat Herrn
Guckerl“ von Schönthan und Koppel =Ellfel##
Brahm in ihm den Retter Schiller's erblickt hat. Auch von der
arella um ein Darlehn von 500 M., da er eine schleunige Reise
Verderblichkeit des im Brahm=Tempel grassirenden Kastengeistes — hier
on Skowronnek, Kinder der Excellenz" von
zutreten habe und in augenblicklicher Verlegenheit sei. Barella
ist nicht etwa vom Souffleurkastengeist die Rede — ist Unerbauliches
Probepfeil“ von Blumenthal, „Nachruhm“
klärte sich zur Hergabe des Darlehns bereit und nach einiger
bemerkbar. Der Kastengeist hat es z. B. auf dem Gewissen, daß
Misch, Freytag's „Journalisten“, „Goldfische“, „Mit frek
it erschien der Angeklagte und hob gegen eine von ihm selbst
gegen den Herrn Schnitzler, den rasch bekannt und geschätzt
ston Schönthan, Recht der Frau“ von Ednark Krä
fertigte Quittung des Rechtsanwalts Dr. Fritz Friedmann die
gewordenen Autor der „Liebelei“, das Gastrecht in brutalster
In Konrad Alberti, „Villa Vielliebchen“ von Ja
umme ab. Die von ihm unterschlagenen Gelder erreichen eine
Weise verletzt worden ist. Der Dichter wohnte den Proben und ppelter Bekehrung“ von Linsemann, „Sie weint“
he von über 1200 M. Es scheint so, als ob er den größten
der Aufführung seines Stückes bei, welches, nebenbei bemerkt, dem
Eine Momentaufnahme“ von W. A. Meyer. Von
heil der unterschlagenen Summe in Kneipen vergendet habe. Sein

Deutschen Theater den ersten unbestrittenen Erfolg und auch
Berken sollen Rob. Bracco's „Untreu“, Cognetti's „A
rleben ist nicht makellos. Er hat s. Z. sieben Jahre ehrlich und redlich
einige nicht überflüssige volle Kassen zuführte. Wer den
Isen's „Nora“ und „Baumeister Solneß“, Echegaray
einem hiesigen Rechtsanwalt gearbeitet und das allerbeste
Seelenzustand eines Verfassers bei solchen höllischen Ge¬
Perbotene Früchte“ von Cervantes, Ohnet's „Hütte
11
ugniß erhalten. Dann ist er auf die schiefe Ebene gerathen
legenheiten kennt oder ihn sich denken kann, der wird
entzückende Pantomime „Der verlorene Sohn“
d ver einiger Zeit wegen Unterschlagung zu 15 Jahren Ge¬
es begreiflich finden, wenn ein solcher Mann nicht jeden Augenblick
Aufführung gebracht werden.
igniß verurtheilt worden. Bald nach seiner Entlassung aus dem
daran denken kann, daß er vielleicht eine dem ältesten Adel an¬
Mrs. Keeley, die älteste englische Schaust
fängniß hat er Anstellung bei Dr. Löwenstein und Friedmann
gehörende Dame — in diesem Fall Frau Sorma — auf das
hnzigster Geburtstag kürzlich in London in enthust
Funden und dort aufs Neue die Veruntreuungen begangen. Er
Tiefste verletzt, indem er die Hände in die Hosentaschen steckt.

keiert worden, wurde dieser Tage nach Buckinghaf
t sich bemüht, den Schaden theilweise wieder gutzumachen.
Frau Sorma fand hierin einen Verstoß gegen den Respekt, den
Känigin befohlen. Beim Eintritt versuchte Mrs. Keeh
aatsanwalt v. d. Recke glaubte, daß der Angeklagte eine be¬
 Jedermann dem Stammbaum ihres Gatten schuldig sei,
drei vorgeschriebenen Knixe zu machen. „Ach M
dere Milde nicht verdiene, und beantragte 2 Jahre
und sie sah sich daher genöthigt, nervös zu werden und
 „es geht wahrhaftig nicht mehr.“ Die Königin
chthaus. Der Vertheidiger Rechtsanwalt Dr. Coßmann
sich zu weigern, dezubleiben, wenn der ahnungslose Autor nicht
und sagte: „Liebe Mrs. Keeley, bei mir ginge e
chte die eigenartigen Zustände, die im Friedmann'schen
die Hände in Freiheit setze. Und es fand sich wirklich ein
u1
hr!“ und dann plauderten die beiden alten Dame
reau geherrscht haben, als Milderungsgrund geltend.
Schauspieler, welcher Lust und Muth hatte, dies dem Dichter zu
nt einander von längst vergangenen Zeiten.
Angeklagte habe nicht den strengen und ernsten B ruf
eröffnen! Dieser Schauspieler verdient das eiserne Kreuz oder die
Die Tochter des Lordbischofs von
es
Bureauvorstehers dort ausgeübt, sondern wurde als eine
Tapferkeitsmedaille, während der Antor von Glück sagen kann,
und Bristol, Miß Rosalind Ellicott,
t Privatsekretär eines geldbedürstigen Lebemannes benutzt, der
daß ihm die gütige Mutter Natur eine doppelte Portion kalten
afs London geschrieben wird, daselbst konzertire
schen dem Belle Alliance=Garten und dem Friedrich=Wilhelms¬
Blutes gegeben, denn sonst würde er wohl lieber auf die Wohl¬
die Tournée durch Deutschland unternehmen. Miß
ten hin und her pendelte, bald den Direktor Maurice, bald
that verzichtet haben, eine seiner prächtigen Rollen von einem
dirch ihre Chor= und Orchesterwerke in England beri
Baron v. Erlanger aufzusuchen hatte, dabei zu Geldausgaben
Mitglied der adligen Gesellschaft dargestellt zu sehen, anstatt, was
Im königlichen Opernhause wird 1
kleitet wurde und schließlich den Halt verlor. — Der Gerichtshof
nicht Jedermanns Sache ist, seine geliebte Bühne durch eine flagrante
gner's Lohengrin“ unter Kapellmeister Su#
igte dem Angeklagten mildernde Umstände zu und verurtheilte
Verletzung des Gastrechts entweihen zu lassen. Ein Dichter sollte in den
geben. Herr Emil Götze gastirt als Lohengrin.
zu 2 Jahren Gefängniß.
fürchterlichen Stunden der Geburt seines Stückes selbst von der
Im königlichen Schauspielhause wirk
8 Eine Antlage wegen Münzverbrechens beschäftigte
Gattin eines adligen Mannes rücksichtsvoll behandelt werden, der,
oii der Pfordten's Schauspiel 1812“ gegeben. N
ern das Schwurgericht des hiesigen Landgerichts I. Angeklagt
wie der Gatte der Frau Sorma, aus einem Lande stammt, in
Köhle; General York Herr Molenar: Johanna
ren der Arbeiter Max Emil Unterlauf, der Arbeiter Paul
welchem jeder halbwegs Erwachsene mindestens Baron oder Herr
Ffau Seebach; Luise Frl. Lindner; Frhr. v. Stein
Kistall, der Möbelpolierer Paul Herrmann und der Arbeiter
Von ist. Die genannte Künstlerin sehe sich einmal einen Vertreter
Rittmeister Hertling Hr. Matkowsky.
st Geisler. Es handelte sich um eine Falschmünzerhande, die
des Adels an. Findet sie etwas vom Besenstolz an ihm, so ist
Die Aufführungen von Wi
nbar zu anderen ihres Gleichen in nahen Beziehungen gestanden
der Adel nicht echt. Wir rathen der vortrefflichen Kunstierin,
„König Heinrich“ wurden auch in dieser Wach
Der erste Angeklagte ist verwandt mit dem berüchtigten Falsch¬
wieder zu ihrer früheren liebenswürdigen Art, duldsam gegen
fülstlichen Personen besucht. Am Dienstag wohnte d
zer Lorenz, eine andere Verwandte verbüßt zur Zeit eine
Bürgetliche zu sein, schleunigst zurückzukehren
cin, Herzog Ernst Günther von Schleswig
en Falschmünzerei ihr zuerkannte Zuchthausstrafe. Er scheint
cheführung im könig¬
Donnerstag die jüngste Schwester des Kaisers,
n frühzeitig dem Anderen abgeguckt zu haben, wie man falsches
lichen Schauspielhause für kommenden Montag geplaut
Margarethe, mit ihrem Gemahl, dem Landgrafen Kar##
allgeld verfertigt, denn als er nach eben vollendetem achtzehnten
war, wird auf Wunsch des Kaisers erst in nächster Woche in
nebst Gefolge der Aufführung des Wildenbruch'schen
ensjahre das väterliche Haus verließ und zu Christall zog,
Szeue gehen.
Die Direktion des Neuen Theater
er mit der Fabrikationsmethode so vertraut, daß er mit
Adalbert Matkowsky gastirt am Montag am
einmal darauf hin, daß die Nachmittags=Aufführung
Fistall's Hilfe ohne besondere Schwierigkeiten eine Falschmünzer¬
königlichen Theater in Hannover als „Hamlet“.
und Liebe“ am morgigen Sonntag um halb d
statt einrichten konnte. Man beschränkte sich darauf, Ein= und
Alsdann wird der Künstler einige seiner hervorragendsten Rollen
gewöhnlich um 3 Uhr beginnt. Abends geht zu
eimarkstücke anzufertigen. Der Angeklagte Herrmann hatte die
in Lodz und Riga zur Darstellung bringen.
Bisson's „Herr Direktor“ in Szene.
öhrliche Aufgabe übernommen, die Falschstücke in Buditen,
Die Proben zu Mascagni's „Rateliff“ an der
 Im Schiller=Theater kommt Dienstag de
arrenläden und anderen kleinen Geschäften an den Mann zu
Berliner königlichen Oper sind so weit beendet, daß der Aufführung
Fedor v. Zobeltitz' Schauspiel „Ohne Geläut“=
gen. Geisler begleitete ihn. Er hatte eine größere Summe
nichts weiter im Wege steht. Es erging daher die Einladung an
Aufführung. Heute wird „Der Widerspenstigen 30
Falschstücke in der Tasche und gab diese nur einzeln an Herrmann
Mascagni, der Première beizuwohnen. Der Komponist telegraphirte,
Fräulein Pauly und Herrn Patry wiederholt.
Umwechseln. Es ist dies ein altee Kniff der Falschmünzer.
daß er sofort nach den Rossini=Festen in Pesaro der königlichen
Im Theater Unter den Linden erfähr
giebt die Gewähr, daß, wenn die Fälschung entdeckt wird, man
Intendanz zur Verfügung stehe, und so wird denn „Ratcliff“ zu
reiche Gastspiel der Frau Pettersson=Norr
dem Umwechselnden kein weiteres Geldstück findet, so daß dessen
Beginn des nächsten Monats in Szene gehen.
längerung bis incl. Freitag den 21. Februar.
sicherung, selbst getäuscht worden zu sein, nicht unglaubwürdig
Karl Reinthaler, der bekannte Opernkomponist, ist,
wird auck ferner in der Offenbach'schen Operette
eint. Die Geschworenen sprachen sämmtliche Angeklagte im
wie wir bereits gestern im Depeschentheile gemeldet haben, in
Helena“ auftreten.
ne der Anklage schuldig. Unterlauf wurde zu zwei Jahren,
Bremen gestorben. Die deutsche Musikwelt verliert in ihm
Im Friedrich Wilhelmstädtischen 2
stall zu drei Jahren, Herrmann zu zwei
einen ihrer geachtetsten Vertreter, dessen Bedeutung allerdings fast
die Ausstattungskomödie „Der Hungerleider
hren sechs Monaten, Geisler zu einem Jahre
zwanzig Jahre zurückliegt. Reinthaler war am 13. Oktober 1822
25. Male in Szene.
chthaus, ferner sämmtlich zu Ehrverlust und Stellung unter
in Erfurt als Sohn des um die Hebung des Volksgesanges ver¬
Im Alexanderplatz=Theater wird als n
zeiaussicht verurtheilt.
dienten Rektors daselbst geboren, widmete sich in Berlin dem
Audran's Vaudeville „Mon Prince“ zur
§ In der Peivatklagesache des Buchhändlers Glös
Studium der Theologie, ging aber nach Beendigung desselben zur
gelangen.
Dresden gegen den Redakteur der „Jüdischen Presse“ Dr.
Musik über, nachdem er schon frühzeitig gründliche Stud en im 
Klavier= und Orgelspiel wie in der Komposition gemacht hatte. In
ch Hildesheimer, wurde gestern vor der achten Straf¬
Musik.
Berlin genoß er den Unterricht von Marx und widmete sich speziell
ner des Landgerichts I das Urtheil verkündet. Der Beklagte
gegen Glöß Widerklage erhoben. Beide Parteien waren
dem Fache des Gesangunterrichts. Auf Grund einiger durch
In der Sing=Akademie findet kommen¬
Schöffengericht der Beleidigung für schuldig erklärt und zu
 den Berliner Domchor zur Aufführung gebrachten Pfalmen¬
eine Matinée der blinden Oratorien= und Konzert¬S#
kompositionen erhielt er vom König von Preußen ein Reise¬
5 Mark Geldstrafe verurtheilt worden. Hiergegen war beider¬
Hanna Lüer unter gütiger Mitwirkung von G.
stipendium und ging 1850 behufs weiterer Gesangstudien nach
Berufung eingelegt worden. Der Gerichtshof zweiter Instanz
dem bekannten Hofpianisten, und dem Professor
Paris, von da nach Rom und Neapel, wo er hauptsächlich dem
(Violine) statt.
sich den Ausführungen des Vorderrichters im Wesentlichen
1 Studium der altitalienischen Meister oblag. 1853 wurde er als
erkannte daher auf Verwerfung der beiderseitig
Im Concerthause veranstaltet Kapellm
Lehrer des Gesanges an das Kölner Konservatorium berufen und
heute Sonnabend einen Operetten= und Walzer=Abend.
gelegten Berufung und legte die Kosten den Parteien
übernahm zugleich die Leitung des Kölner Gesangvereins. Damals
leichen Theilen zur Last.
Komzak, Joh. Strauß, Dellinger, Ganne, Suppé,
entstand sein Oratorium „Jephtha“, das seinen Namen bald in
§ Die Revision des Assessors Pigulla und der un¬
Offenbach und Ziehrer werden zur Aufführung gelan
allen musikpflegenden Städten Deutschlands bekannt machte und 1858
dem singt Frl. Josephine Spitz „Bolero“ (O
elichten Anna Stubbe wurde gestern vom Reichsgericht
Hoffnungstraum) aus „Don Cesar“ von Dellinger,
seine Berufung nach Bremen zur Folge hatte. Dort gründete er sich
porfen. Die Angeklagten waren am 2. Oktober vorigen Jahres
Spitz singt das Lied „Ich bin der Christel von der
eine Lebensstellung als Organist und Musikdirektor der Domkirche
der dritten Strafkammer des Landgerichts I Berlin wegen
derstandes
1 UuK
sowie als Dirigent der dortigen Singakademie und Konzertartell¬
gegen die Staatsgewalt und</Unicode>
            </TextEquiv>
        </TextRegion>
    </Page>
</PcGts>
