3392 4224
1024 131 1355 200 Wien, Samstag,
540 128 724 199 Nr. 78
2200 122 2544 200 28. März 1896,
1654 135 1910 199 Die Zeit.
2823 125 3056 204 Seite 203
514 250 1792 324 haben. Er muss die Bühne vor sich sehen, wie die Schauspieler kommen
1807 246 3078 321 mus im philosophischen Sinne des Wortes. Das Bedürfnis, sich das
517 311 1792 368 und gehen, erscheinen und abtreten. Aber er muss auch noch ein zweites
1811 316 3089 374 Leben durch eine innere Idee zu erklären, die unsere Handlungen mit
508 362 1792 412 Gesicht haben, das ihn zugleich die Emotionen im Saale sehen lässt,
1814 358 3077 409 uns selbst und mit der Schöpfung übereinstimmt, kennt er gar nicht,
509 400 1787 441 wie das Gefühl der Zuhörer auf jedes Wort und jede Geste der
1814 395 3086 451 ja versteht er offenbar gar nicht. Er wird nicht einmal den Vorwurf
511 438 1788 485 Schauspieler reagiert. Darum braucht man ja auch zum Dramatiker
1809 450 3082 508 verstehen, den man ihm damit macht. Wie hätte man den Franzosen
514 486 1790 533 eine besondere natürliche Gabe; man muss zum Dramatiker geboren
1810 490 3087 540 von 1830 beweisen wollen, dass die Lieder von Béranger mit ihrer
514 530 1791 582 sein, man kann es nicht werden. Der gute Wille und die beste Schule
1812 533 3085 576 Mischung von Zote und Frömmigkeit eine Schande waren? Dem
509 573 913 635 nützen da gar nichts.
1798 577 3080 619 lieben Gott mit dem Glase in der Hand zuzutrinken und in derselben
624 606 1784 664 Wie ist nun das Publicum beschaffen, das der Dramatiker von
1808 620 3087 681 Strophe die Güte des Allmächtigen und den Busen der Lisette zu
513 660 1794 722 heute vor sich hat? Das ist die erste Frage, die sich jeder vorlegen
1800 663 3084 718 preisen, war damals an der Mode. Und noch der arme Heuri Murger
1795 711 3075 755 hat sich nicht geschämt, den lieben Gott mit Vergnügen zusehen zu
513 715 1786 766 muss, der sich um die Zukunft unserer dramatischen Kunst bekümmert.
1799 749 3090 814 lassen, wie Rodolphe und Mimi sich küssen. Das sind Verirrungen,
514 751 1779 800 Jede Theorie, die nicht mit dieser Frage anfängt, hängt in der Luft.
515 797 1781 845 Die Antwort scheint zuerst sehr einfach zu ein. Unser Dramatiker lebt
1807 797 3086 849 die nur erklärlich sind, wenn aller Sinn der Worte in Verlust ge¬
506 840 1791 899 in Paris, und er sieht um sich Pariser, wie er selber einer ist. Er
1816 844 2855 893 rathen ist, durch den Verlust aller philosophischen Ideen.
511 879 1792 937 kennt ihren Geschmack und die Art ihres Geistes ganz genau, weil er
1919 873 3082 947 Die Pariser sind in dieser Beziehung noch immer dieselben. Sie
511 928 1790 971 ja selber zu ihnen gehört. Aus so vielen einzelnen Menschen zieht er
1801 939 3088 991 singen jetzt nicht mehr Béranger, aber sie sind die richtigen Söhne
510 976 1792 1018 sich einen imaginären Zuschauer ab, der ihm sozusagen das ganze
1813 978 3079 1026 der Väter, die diesen mittelmäßigen Sänger zum Nationaldichter er¬
514 1016 1784 1073 Theater verkörpert. Die meisten dieser Pariser kommen ins Theater,
1803 1020 3090 1075 nannt hatten, und sie haben noch immer, lebendig und unvergänglich,
512 1064 1786 1113 nachdem sie den ganzen Tag gearbeitet haben. Nach fünf, sechs, ja
1808 1075 3081 1130 jene beiden Widersprüche in sich. Wer für das Theater schreibt, weiß
512 1107 1792 1166 zehn Stunden der Mühe in einem Bureau, an der Börse oder in
1808 1110 3090 1166 das wohl und muss damit rechnen. Er weiß, dass der Pariser sich
512 1149 1789 1194 einem Geschäft wollen sie sich jetzt unterhalten. Bietet man ihnen nun
1799 1157 3083 1207 unterhalten will, also darf er eine allzu ernste Stimmung nicht auf¬
503 1190 1791 1247 eine sehr tief gedachte Komödie oder ein lyrisch überschwängliches
1803 1199 3089 1248 kommen lassen. Er weiß, dass der Pariser die „heiligen Gefühle“ ver¬
510 1240 1781 1293 Drama dar, so ist es ja möglich, dass ein besonders starkes Talent sie
1811 1255 3089 1304 ehrt, also darf er den schuldigen Helden nicht siegen lassen. So stellt
501 1284 1786 1334 bezwingt — wahrscheinlich ist es nicht. Man kann von diesen ermüdeten
1799 1281 3091 1340 sich für den Autor eine laue Moral her, die viel unmoralischer ist,
501 1331 1781 1382 Gehirnen, die sich den ganzen Tag geplagt haben, nicht verlangen,
1808 1338 3097 1399 als es je die häfslichsten Paradoxe sein können. Ni mand wagt es, sie
503 1366 1795 1420 dass sie sich auch abends noch plagen. Und wie viele Leute sind denn
1801 1381 3097 1422 herauszufordern, immer Alexandre Dumas ausgenommen, der mit
1804 1420 2627 1487 seinen Werken in ein eigenes Capitel gehört.
504 1413 1792 1471 unter diesen glänzenden Frauen und diesen befrackten Herren überhaupt
1913 1458 3096 1507 Diesen allgemeinen Betrachtungen des Publicums, das den
505 1464 1794 1513 fähig, ein rein literarisches Vergnügen zu fühlen? Um die glückliche
509 1510 1780 1563 Wahl eines Wortes, Nuancen des Stiles, die Neuheit eines Gedankens,
1800 1510 3079 1549 Dramatiker beherrscht, ließen sich noch allerhand besondere Züge an¬
512 1552 1793 1599 die Feinheit einer Aualyse zu schätzen, muss man schon eine ganz
1812 1562 3088 1616 fügen. Es gibt politische und religiöse Moden, mit denen der Dra¬
505 1600 1795 1649 besondere und ungewöhnliche Erziehung genossen haben. Wie viele unter
1811 1603 3089 1656 matiker rechnen muss; sie wechseln ungefähr alle zwei, drei Jahre.
509 1637 1786 1681 den Leuten, die in einem Theater sitzen, haben denn überhaupt seit
1809 1641 3088 1690 Länger dauert das Ansehen gewisser Schauspieler, welche die Autoren
510 1683 1789 1759 zwanzig Jahren etwas anderes gelesen, als die Zeitungen und ein
1812 1685 3093 1750 zwingen, ihnen Rollen auf den Leib zu schreiben. In der That gibt es
507 1733 816 1791 paar Romane?
1810 1730 3091 1782 immer einen Herrn Soundso, der so beliebt ist, dass er den Erfolg
617 1766 1794 1835 Wenn also der Pariser, der ins Theater geht, sich unterhalten
1800 1770 3079 1820 verbürgen kann. Dann bemühen sich die Dramatiker, seine Natur und
506 1819 1793 1882 will und wenn ihm im allgemeinen eine höhere und literarische Unter¬
1813 1823 3092 1884 seine Mittel zu verstehen, um ihm eine passende Figur auf den Leib
500 1862 1791 1905 haltung unzugänglich ist, so zeigt er sich auf der anderen Seite meistens
1806 1864 3088 1925 zu schneiden. Es wäre verlockend, den Einfluss beliebter Schauspieler
504 1909 1782 1972 sehr fähig, die Geschicklichkeit des Autors in der Führung der Scenen,
1807 1915 3081 1966 auf die Phantasie der Autoren zu schildern; das könnte ein merkwür¬
498 1947 1790 2009 in der Beobachtung und im Dialog zu beurtheilen. Die Geschicklichkeit
1808 1956 3090 1997 diges Capitel der Literaturgeschichte geben. Er braucht übrigens nicht
503 1997 1798 2069 in der Führung der Scenen — denn unser Pariser geht von Kindheit,
1796 1997 3098 2052 immer ein schlechter zu sein. Schließlich mufs man doch sagen: Ein
514 2033 1792 2096 an ins Theater, und so wenig er von Stil weiß oder sich auf Gedanken
1801 2042 3097 2095 Schauspieler, der dem Publicum gefällt und eine gewisse Dietatur
514 2086 1793 2131 versteht, so sehr hat er die Mache und das Technische los. In der
1816 2085 3096 2138 gewinnt, könnte das nicht, wenn er nicht eben das geheime Ideal des
506 2128 1784 2184 Beobachtung — denn das Gedränge und der heftige Kampf der In¬
1812 2138 3085 2190 Publicums verkörpern würde. Sein Spiel drückt also deutlich aus,
1801 2187 3084 2232 was die Menge dunkel empfindet. Es offenbart die Leidenschaften und
499 2175 1793 2238 teressen erzieht jeden Pariser dazu, Menschen und Dinge rasch und
1810 2222 3089 2279 Sitten seiner Epoche. Wer also sein Spiel sich aneignet, nimmt den
502 2219 1794 2276 sicher zu schätzen. Im Dialoge — denn unser Pariser ist selber ein
513 2262 1786 2312 Blagneur, der sich aufs geistreiche Plaudern, auf die Kunst ironischer
1810 2271 3089 2320 Geist der ganzen Epoche in sich auf, und es kann nicht leicht ein ein¬
502 2309 1792 2353 Worte versteht. Er hat gar kein Gefühl für das Poetische; es würde
1804 2314 3099 2372 facheres Mittel für den Dramatiker geben, um gewiss den Geschmack
497 2359 1784 2415 ihm nicht einfallen, wie irgend ein Bewohner von London nach Indien
1809 2351 2297 2420 des Publicums zu treffen.
501 2397 1792 2444 zu reisen mit einem Shakespeare und einer Bibel im Koffer. Dafür
501 2442 1795 2494 hat er aber auch gar keine Vorurtheile, und da er sehr nervös ist,
2179 2435 2702 2530 Theater-Schlachten.
507 2481 1789 2542 ist es ihm ein Bedürfnis, seine Erfahrungen auf der Bühne intensiv
2094 2518 2777 2597 Von Ernst von Wolzogen. (München.)
507 2531 1788 2577 dargestellt zu sehen. Mit dieser positiven Art seines Geistes und mit
506 2579 1793 2634 seiner Nervosität hängt es auch zusammen, dass er Zweideutigkeiten
1796 2563 3092 2642 Die Entwicklung des deutschen Theaterlebens während der letzten
509 2620 1787 2675 und jene gemeine Heiterkeit liebt, die das menschliche Thier kitzelt.
1883 2636 3079 2685 Jahrzehnte hat dahin geführt, dass Berlin der einzige Kampfplatz
504 2666 1788 2718 Wenn die Zweideutigkeiten nur flott sind und diese Heiterkeit einen
1810 2689 3096 2744 geworden ist, auf welchem die Scharmützel und großen Schlachten der
502 2710 1787 2770 gewissen Geist hat, so ist dieser Zuhörer glücklich. Das alles weiß der
1807 2723 3086 2786 literarischen Cliquen und Parteien geschlagen werden. Berlin hat sich
511 2756 1789 2806 Dramatiker: er weiß, dass es, um diesen Blasierten zu gefallen, die
1810 2765 3094 2817 diesen Vorzug allmählich erobert von der Zeit an, wo man, dem Bei¬
512 2799 1791 2851 Hauptsache ist, sich als ein Virtuose der Mache zu zeigen, als Be¬
1809 2820 3090 2873 spiele des jüngeren Dumas folgend, auch in Deutschland anfieng, zeit¬
510 2845 1779 2895 obachter zu verblüffen, in der Malerei der Leidenschaften keine Bruta¬
1812 2853 3093 2911 bewegende Fragen auf die Bühne zu bringen. Die eigenartig kritische
509 2887 1786 2937 lität zu scheuen und den Dialog recht zu pfeffern; dann hat er seinen
1808 2918 3083 2964 Anlage des Berliners, welche ihn ein so großes Vergnügen daran fin¬
501 2931 933 3009 Erfolg in der Sische.
1797 2945 3096 2997 den lässt, überall mitzureden, sofort mit einem Urtheil bei der Hand
621 2979 1780 3050 Wenn man bei uns ein paar Jahre lang ins Theater geht und
1803 2987 3094 3056 zu sein, immer das Neueste zu wissen und selbstverständlich besser zu
1806 3027 3090 3085 wissen als alle anderen, diese seine eigenthümliche Anlage machte ihm
511 3038 1795 3083 das Publicum besonders bei Durchfällen beobachtet, nimmt man an
1796 3074 3085 3145 die neue Gattung des Thesenstückes ganz besonders wert. Während
507 3087 1782 3143 ihm einen höchst seltsamen Widerspruch wahr. Die nämlichen Pariser,
1808 3124 3087 3175 man bisher in Berlin gerade so wie heute noch in Wien und fast
500 3127 1786 3170 die für irgend einen schlüpfrigen Gassenhauer einer Operette schwärmen,
1809 3168 3080 3225 überall in der Provinz ins Theater gieng, einfach um sich zu amü¬
504 3171 1784 3221 pfeisen jeden Autor aus, der es wagt, auf der Bühne die sogenannten
1807 3206 3092 3277 sieren oder um diese oder jene Lieblingskünstler in schönen Rollen zu
513 3208 1794 3270 „heiligen Gefühle“ zu verspotten. Alexandre Dumas hat die ganze
1809 3269 3084 3317 sehen, so begannen jetzt bald immer mehr Leute aus Interesse für die
502 3259 1782 3318 Kunst seiner beinahe fabelhaften Mache gebraucht, um seine visite de
1796 3318 3096 3357 auf der Bühne discutierten ethischen und socialen Fragen das Theater
881 3304 1784 3368 — und was geschieht denn da schließlich, als dass
505 3306 882 3369 noces durchzusetzen
1809 3344 3081 3404 zu besuchen. Durch die starke Concurrenz der zahlreichen meist vortreff¬
498 3357 1779 3406 darin der Ehebruch eine häfsliche und traurige Sache genannt wird,
1809 3387 3093 3447 lich geleiteten Privatheater vervollkommte sich der Stil der Darstellung
508 3403 1794 3454 die so oft mit der Verachtung des Mannes und mit dem Hasse der
1811 3434 3079 3491 durch Aupassung an die auf jeder Bühne vorzugsweise gepflegte litera¬
499 3445 1793 3499 Frau endet? Aber es war darin auch gesagt, dass die Liebe zuweilen
1795 3488 3091 3536 rische Gattung immer mehr, und es kamen auch ungleich mehr neue
508 3478 1785 3531 nichts als eine gefährliche Albernheit ist, und die Liebe gehort nun
1803 3523 3074 3576 Dichter zu Worte als früher. Das Virtuosenthum unter den Schau¬
499 3528 1791 3594 einmal zu unseren „heiligen Gefühlen“. So sind auch das „Vater¬
1804 3568 3080 3621 spielern hatte bald abgewirtschaftet, und die geschickten Macher unter
505 3578 1786 3627 land“ und die „Familie“ zwei ewige Heiligkeiten, die das Publicum
1796 3607 3080 3676 den Autoren, die bisher neben den Classikern fast Alleinherrscher auf
505 3617 1781 3674 von keinem Autor antasten lässt. Der Autor dagegen, der sie mit
510 3656 1780 3715 einem echten oder heuchlerischen Enthusiasmus behandelt, kann immer
1803 3646 3076 3710 der Bühne gewesen waren, sahen sich auf ein Publicum zweiter Güte
1796 3704 3072 3759 angewiesen, während das Publicum erster Güte, welches an dem gei¬
500 3695 1792 3768 der allgemeinen Begeisterung sicher sein. Kann es einen lächerlicheren
1794 3761 3090 3811 stigen Gehalt der neuen Stücke so lebhaften Antheil nahm, immer
501 3753 1788 3809 Widerspruch geben? Ist es nicht eine Torheit, auf der einen Seite sein
1795 3792 3080 3852 größer wurde. Mit der Masse wuchs aber auch die Leidenschaftlichkeit
506 3798 1790 3844 Land zu verehren und auf der anderen Seite alles zu verachten, was
1805 3834 3086 3879 dieses Publicums und zu den literarisch interessierten Leuten gesellten
508 3848 1775 3893 die Größe eines Landes verbürgt: die Tugend der Männer, die Un¬
1799 3884 3087 3942 sich alle unruhigen Köpfe, Gewohnheits=Raisonneure, Specialisten für
507 3879 1788 3940 schuld der Herzen, den Ernst des moralischen Lebens? Aber darnach
1806 3930 3095 3987 sittliche Entrüstung, Fexen aller Art und Scandalmacher von Profession
509 3937 1793 3984 fragt der Pariser nicht, ob sich seine cynischen und seine lyrischen
1809 3975 3080 4031 hinzu. So entstand das heute mit Recht gefürchtete Berliner Premièren¬
518 3972 1781 4027 Lannen vertragen. Der wesentliche Fehler unserer ganzen französischen
1795 4018 2017 4081 Publicum.
522 4019 1788 4088 Rasse wird bei dem Pariser noch deutlicher: er hat gar keinen Idealis¬
