3436 4192
215 178 1336 275 5. Liebelei box 12/4
382 246 435 300 1
504 1549 1514 1672 Ausschnitt aus: Pager Tagblatt, Prag
748 1646 847 1740 150
516 1703 664 1753 vom:
581 1715 1357 1863 „Letzte Nachrichten.
509 1838 1385 1912 #Schnitzlers „Liebelei“ als Oper.
732 1896 1403 1981 n der Wiener Volksoper.
584 1959 1484 2030 Wien, 14. Oktober. (Priv.) Der Reigen der
512 2011 1494 2077 winterlichen Opernnovitäten wurde heute von der
504 2066 1488 2129 Volksoper mit der „Liebelei“ von Franz
510 2095 1488 2156 Neumann eröffnet. Das Werk des in Frank¬
502 2144 1484 2211 furt wirkenden Kapellmeisters, eines gebürtigen
505 2187 1501 2250 Mährers, wagt nichts Geringeres als Schnitzlers
498 2236 1488 2294 gleichnamiges Drama, wie es liegt und steht, ein
501 2272 1498 2350 paar Kürzungen abgerechnet, mil Haut und Haacen
506 2324 1477 2384 in Musik zu setzen. Dies ist denn auch mit unleug¬
503 2369 1491 2439 barem Geschick geschehen. „Liebelei“ ist also eine
515 2408 1495 2471 deutsch=veristische Dialogoper, freilich nur ein Be¬
501 2480 1486 2517 weis mehr für die ästhetische Unhaltbarkeit des Ex¬
511 2508 1492 2566 perimentes, ein als Tichtung seinen Zweck schon er¬
519 2546 1479 2622 füllendes Drama noch mit Musik zu bekleiben. Aber
511 2584 1492 2657 die Art, wie Neumann das Unzweckmäßige ver¬
505 2636 1483 2707 suchte, verrät Talent, Geschick und künstlerischen
508 2674 1488 2747 Ernst. Die Aufführung unter Kapellmeister Dietl
509 2710 1495 2809 wan gut vorbereitet. Die Damen Engel und Röder
503 2769 1499 2830 nebst den Herren Lußmann, Brand und Klein boten
513 2820 1483 2889 in ihren Rollen Tüchtiges. Nur der spezisisch wie¬
520 2863 1490 2936 nerische Ton fehlte de Aufführung, da niemand der
509 2910 1491 2969 Mitwirkenden ihn re##t beherrscht. Auch in der
524 2969 1490 3020 Partitur ist er mehr geuollt, als ausgeführt. Das
524 3016 1479 3061 Publikum nahm die Novität mit lautem und leb¬
519 3023 1493 3113 haftem Beifall auf und rief nach jedem Aktschluß
514 3092 1502 3150 den Komponisten und die Mitwirkenden mehrmals
512 3148 851 3227 vor die Rampe.
2252 249 2532 326 5 10 1973
1999 271 2141 322 vom:
2608 259 2965 376 erer Jeumal Wien
2363 366 2717 448 Volksoper.
1932 437 3141 497 „Liebelei", Oper in drei Akten von Franz Neumann.
2022 505 3182 570 Es ist wirklich die alte prächtige, unverwüstliche „Liebelei“ von
1906 552 3177 620 Artur Schnitzler, die von Herrn Kapellmeister Neumann
1905 600 3176 666 mit Stumpf und Stik vertont worden ist. Sogar nicht einmal
1904 642 3181 713 viel vom Dialog ist gekürzt worden, der nach berühmtem Beispiel
1903 685 3186 759 in der unveränderten Alltagsprosa durchkomponiert ist. Man kann
1911 737 3165 800 nicht sagen, daß die dem Originaldrama innewohnende Stimmung,
1908 791 3175 841 sein Rhythmus und Tempo, seine innere Musik durch die materiellen
1907 838 3180 884 musikalischen Klänge deutlicher und stärker transparent gemacht
1897 866 3174 952 wurden. Ein sehr seinfühliger Musiker, wie Charpentier einmal
1900 929 2563 994 war, hätte dies vielleicht
2579 937 3173 1012 zuwege gebracht. Daf
1917 977 2273 1036 Schnitzler mit
2318 978 2416 1033 der
2453 984 2572 1038 Art
2604 980 2852 1054 Vertonung,
3029 988 3170 1043 Herr
1898 1026 3172 1104 Kapellmeister Neumann seinem Schauspiel angedeihen ließ
1901 1084 3154 1126 einverstanden war, dürfte sonderbar e#cheinen. Denn das Eigen
1900 1118 3169 1180 tümlicht des Entwurfes, daß nämlich er einfachen Worten und
1896 1179 3165 1247 gewöhnlichen Formen etwas Tragisches sich eeignet, das Unpathetische
1901 1230 3167 1288 der Personen und ihrer Reden ist von dem Komponisten gar nicht ver¬
1913 1268 3172 1333 standen und berücksichtigt worden. Aber das Sentimentale und die
1906 1306 3165 1380 „starken“ Auftritte, eben das, was in dem Schnitzlerschen Original
1908 1379 3166 1430 theatralisches Zugeständnis ist und aus dem Rahmen herausfällt,
1898 1424 3175 1487 all dies ist herausgehoben, verstärkt, vergrößert, vergröbert.
1906 1462 3160 1528 Es besteht keine Aehnlichkeit der Form und der
1895 1520 3180 1578 artistischen Idec zwischen dieser Oper und diesem
1904 1562 3171 1623 Schauspiel. Nur die Fabel wirkt hier ebenso stark wie dort, auf
1904 1609 3165 1677 empfängliche Gemüter wahrscheinlich sogar noch stärker. Um den
1896 1644 3171 1723 Konversationston musikalisch zu stilisieren, hätte die Musik selbst
1898 1694 3168 1770 biegsam und elegant sein müssen. (Siehe Mozart, Verdi.) Der
1909 1765 3170 1826 Komponist der „Liebelei“ läßt die Worte in irgendeinem angeblich
1909 1798 3167 1865 realistischen Rezitativ vortragen (möglichst deutlich, aber lange
1910 1856 3170 1908 nicht so deutlich, wie wenn sie von einem noch so mittel¬
1904 1895 3175 1971 mäßigen Schauspieler gesprochen würden) und rührt einen dicken
1909 1940 3166 2022 orchestralen Brei dazu. Aber er verstand es, an den gehörigen
1909 1993 3183 2060 Stellen kräftige, melodramatische Auftriebe effektvoll anzubringen.
1909 2051 3156 2109 Eine andere, nicht sehr noble, aber unwiderstehliche Wirkung ent¬
1917 2092 3177 2143 stand solcherart. Am wenigsten ist diese Behandlungsart dem ersten:
1910 2139 3165 2219 Akt dienlich, mehr dem zweiten, in dem Gelegenheit zu einer
1916 2187 3165 2256 breiten, in nicht unbekannter Melodik schwelgenden Liebesszeue
1904 2223 3170 2283 ist, und am meisten dem dritten Akt, in dem die große scène
1906 2279 3176 2334 a faire unter musikalischem Blitz und Donner vor sich geht.
1901 2323 3171 2377 Wenn die mit Tremolo, Wirbel und allen übrigen Bläser¬
1905 2380 3168 2437 requisiten angekündigte Erscheinung des fremben Herrn auftritt,
1902 2418 3165 2474 der kommt, um von dem Liebhaber seiner Frau Duellsühne zu
1892 2473 3177 2524 fordern, mag mancher Hörer auch trotz der Musik sich des
1908 2530 3178 2584 Schauers nicht haben erwehren können; und auch die tristani¬
1888 2566 3168 2628 sierenden Begrüßungs= und Abschiedsszenen konnten ihr musikalisches
1907 2624 3166 2682 Publikum zu Tränen rühren. Die Musik ist nämlich höchst an¬
1896 2670 3171 2725 ständig, sie ist sogar gut, korrekt und sehr fleißig gearbeitet. Sie
1899 2712 3163 2768 hat nur den einen Fehler, daß sie nirklich ganz überflüssig ist.
2018 2765 3166 2828 Das Drame Schnitzlers wurde auch als Oper mit Wärme
1891 2787 3173 2873 und inniger Anteilnahme verfolgt. Es zeigte sich, daß dieses
1914 2863 3160 2913 jugendliche, mit warmem Herzen geschriebene Stück noch
1908 2905 3163 2963 immer und immer wieder von neuem uns fesselt. Wenn
1900 2954 3172 3003 die Musik nur nicht gar so viel „Gemüt“ hätte. Diese Charakter¬
1908 3005 3163 3071 beschaffenheit hat man aber in der Volksoper gern und es wird
1909 3054 3166 3116 die „Liebelei“ auch als Oper dort draußen wahrscheinlich viele
1909 3110 3172 3171 entzückte Hörer finden. Die Sänger bemühten sich, möglichst gute
1907 3145 3167 3207 Schauspieler zu sein; eine gewisse unbeholfene Naivität machte sich
1901 3201 3160 3251 gleichwohl in erfrischender Weie geltend. Den Fritz gab Herr
1906 3241 3160 3286 Lußmann mit großem Stimmaufwand, sehr degagiert und unab¬
1902 3286 3159 3346 hängig im Spiel und auch von den in der Partitur vor¬
1903 3338 3170 3406 geschriebenen Notenwerten. Die Christine das anmutige Fräulein
1904 3390 3169 3458 Engel, die bedauerlicherweise jede musikalische und mimische
1894 3443 3159 3486 Pointe zu derb aufträgt. Herr Brand war als guter
1909 3486 3163 3548 Freund sympathisch und vortrefflich Herr Bandler als
1900 3538 3161 3610 Vater Weiring. Ein sehr saures „süßes Mädel“ hat sich die
1900 3583 3168 3653 Volksoper an Fräulein Roeder angeschafft. Vom Graziössein,
2858 3647 3120 3728 Nr. 7176
1975 3664 2402 3739 15. Oklsder 1913
1882 3739 3149 3826 Walzer=tanzen-können und angenehmen Singen hat man ia Wien
1893 3785 3155 3860 andere Begriffe. Nach den Aktschlüssen erschienen auf der Bühne.
1887 3841 3166 3905 von den zal treichen ortsüblichen Lorbeerkränzen reich beworfen,
1882 3881 3172 3978 mit starkem Applaus hervorgerufen, die Darsteller, der Kapell¬
1894 3930 3158 4011 meister Herr Tittl, der die Aufführung in mustergültiger
1893 3987 3166 4045 Weise einstudiert hatte, und der Komponist. Artur Schnitzler
2962 4026 3185 4092 E. B.—
1891 4042 2243 4116 Leigte sich nicht.
