3436 4352
399 168 812 251 Liebelei
912 175 1361 280 box 10/1
210 169 818 296 5. Llescer
269 1067 433 1151 auc
229 1133 3150 1193 gung der Arbeiterinteresen durchtt hrbat erscheint. Diese struktionen an die B### (i 3###k bewaffnete Macht wo die Franttireuks massenhaft zusammenstkömen.
226 1176 2256 1278 Resolution wurde nach kurzer B gründung durch Bebels ergangen seien, und stattet den Voischaftern für die an¬
2275 1181 3280 1260 Aue dem Amtsblatte. Ernennung. Der
2231 1240 3273 1300 Kaiser hat den ersten Sektionschef im k. und k. Mini¬
224 1231 1927 1293 erenfalls angenommen, dagegen ein Antrag, daß die gebotene Intervention den Dank ab.
2239 1276 3273 1341 sterium des kaiserlichen und königlichen Hauses und des
230 1281 3264 1334 Redner in den Maiversammlungen für ihre Leistungen] — Von verläßlicher Quelle stammende Meldungen aus Aeußern Marins Freiherrn Pasetti v. Frieden¬
234 1329 2260 1415 nicht bezahlt werden sollen. abgelehnt. Ueber den Antrag Konstantinopel besagen, daß die Lage, wiewohl an¬
2242 1347 3253 1407 lburg zum außerordentlichen und bevollmächägten Bot¬
223 1374 2249 1465 von Keye (Berlin), das Erfurter Programm dahin zu scheinend eine gewisse Beruhigung eingetreten, eine ernste
2245 1384 3260 1445 schafter am königlich italienischen Hofe den Direktor des
2244 1421 3270 1492 Staatsgymnasiums in Buczacz Josef Sekiewicz zum
222 1421 3267 1475 ändern, dos es heißt: Die Sozialdemokratie bekämpft auf verbleibe. Man stellt fest, daß in einzelnen türkischen Direktor des Staatsgymnasiums in Drohobycz, der Pro¬
227 1469 3265 1522 das Entschiedenste die Vertreter der verschiedenen Kreisen sich eine starke, namentlich gegen das Regierungs= fessor am Staulsgymnasium in Brody Wladinie Ban¬
1884 1535 2028 1599 #S
221 1574 3262 1619 fertigung zurecht gelegt hat: „Bin's nicht ich, so ist's ein rächende Nemesis in Gestali eines älteren Herrn. Er ist berden sie sich hier wienerisch. Die bekannten Redens¬
231 1615 1262 1685 Anderer“; jene süß=selige Liebelei, in der sich der Abenteurer¬
1238 1620 3253 1711 der Mann der „dämanischen Frau". Er hat ihre Untreue arten, die ob ihrer Naturireue oft verblüffen, hat man
231 1657 2242 1742 trieb und die Lebenslust der überschäumenden Jugendl entdeckt und fordert von dem Studenten den Schleier, den
2238 1697 3265 1760 alle schon irgendwo gehört. Schnitzler hat sie mit Fleiß
229 1706 2252 1789 austoben, unbekümmert um die schlimmen Folgen, die sich seine Frau hier vergessen hat, und ihre Briese. Es ver¬
2236 1736 3266 1809 gesammelt und geschickt verwerthet. Das muß man ihm
233 1755 3263 1807 hinterher oft einstellen, sorglos in's Volle greifend und steht sich von selbst: es kommt zu einem Duell, der Stu= lassen. Deswegen ist aber seine Milieuschilderung noch
231 1796 1262 1884 stets bereit, ihren Schiller zu zitiren: „Nur einen Augen¬
1236 1816 3258 1893 dent Fritz Lobheimer wird erschessen. Und die Tochter des lange nicht das Werk eines Dichters. Aus Allem guckt
231 1856 1254 1927 blick gelebt im Paradies“ u. s. w. Doch nein, von solcher
1243 1869 3261 1965 armen Musikus? Als ihr die Nachricht wird, daß Fritz nur der eifrige Sammler und Kompilator hera##s, der
233 1905 1248 1973 echter Wiener Liebelei weiß Schnitzler nichts zu künden,
1245 1912 3260 1980 todt ist, merkt sie erst, daß sie wirklich liebte, wo sie nur leibhaftige Stritzow mit dem Notizbuch und dem Bleistift
233 1949 1248 2017 sondern nur von jener, welche der frühzeitig blasirten
1242 1961 3242 2046 liebeln wollte, um auch einmal einige Sonnenstrahlen des in der Hand: „Das muß ich mir 'mal gleich notiren.“
223 1995 1242 2070 Jugend als „Erholung“ dient. Diese müde Jugend, die
1239 2013 3250 2096 Glückes zu erhaschen; als sie aber erfährt, daß Fritz für Wo der tealistische Kleinkram nicht ausreicht, da endet
230 2036 1242 2116 nicht Stillung ihres natürlichen Lebenstriebes sucht,
1247 2057 2232 2127 eine Andere im Duell fiel, da bäumt sie sich auf und
2233 2076 3259 2137 auch die Kunst Schnitzler's. Die Darstellung der tragischen
222 2084 1241 2157 sondern Aufrüttelung aus öder Blasirtheit, läßt Schnitzler,
1240 2105 2241 2177 schleudert der Gesellschaft, der sittlichen Weltordnung oder
2239 2118 3255 2191 Folgen solch leichtsinniger Liebelei beweist dies mehr als
231 2138 1251 2214 der Wiener Murger, bezeichnender Weise durch zwei
1231 2147 3261 2244 sonst wem die furchtbare Anklage in's Gesicht, daß schlagend. Sie ist die reine Iffländerei, nur ein wenig
234 2176 1242 2258 Studenten vertreten. Das deutet vor Allem auf gute
1242 2211 3261 2298 „Unsereiner“ nur geliebelt werde, während Andere u. s. w. aufgedonnert, mit Tendenzsprüchen, die sich in der Ver¬
233 2236 1241 2307 Kenntniß der Pariser Novellen, nicht aber auf Vertraut¬
1240 2253 2236 2312 In einer solchen Welt ist ihres Ble ens nicht. Sie stürzt
2224 2255 2962 2330 fechtung paradoxer Moralbegriffe gefällt.
233 2289 1252 2366 heit mit Wiener Verhältnissen. Doch das genirt Schnitzler
1238 2280 2243 2361 aus dem Hause und Musikus Miller von der Josefstadt
2265 2314 3246 2378 Wie aber steht es mit der Wahrheit Schnitzler's?
226 2343 993 2406 nicht. Er schildert dennoch Wiener Leben.
1214 2344 2234 2422 jammert: „Sie kommt nicht wieder, sie kommt nicht
2235 2356 3255 2428 Der alte Musikus soll es uns darthun. Ihn hat Schnitzler
266 2370 1244 2449 Die Handlung von „Liebelei“ macht uns keine Be¬
1235 2388 1424 2462 wieder!“
2222 2394 3246 2477 dazu ausersehen, die Lehre des heiteren Lebensgenusses
230 2427 1257 2505 schwerde. Sie geht in eine Nußschale. Ein reicher St dent
1263 2446 3255 2512 Der erste Akt ist der beste, obgleich, oder vielleicht zu predigen, er ist der offizielle Träger der neuen Wahr¬
220 2469 1243 2551 liebelt mit der „dämonischen“ Frau eines Bekannten und
1234 2489 3253 2568 gerade, weil er mit dem Drama fast nichts zu thun hat. heiten. Er, der beste aller Väter, die Güte selbst, billigt
224 2528 1246 2589 nebenbei auch mit der Tochter eines alten Musikanten
1233 2539 3252 2627 Er bringt nur Milieuschilderung, die sich Selbstzweck ist.ses, daß seine Tochter, die er wirklich und aus vollem
224 2568 1243 2644 an einem Vorstadttheater. An Sentimentalität kommt die
1237 2589 2230 2652 Aber die Geschichte ist passabel gemacht und trägt äußerlich
2224 2593 3254 2667 Herzen liebt, mit dem Studenten geht. Er weiß, daß das
219 2623 1250 2694 Musikantentochter fast der Luise Millerin gleich. Das hindert
1231 2631 3246 2707 gut getroffenes Wiener Kolorit. Freilich, Wiener Jugend Verhältniß kein dauerndes ist, und dennoch heißt er es
218 2657 3248 2721 sie aber nicht, bei der Orgie, die der Student im Bunde ist das uns vorgeführte Quartett, das sie verkorpern soll, gut. Er hat seine Gründe dafür. Hören wir sie an:
224 2714 1240 2791 mit seinem Kollegen ihr und ihrer Freundin, der
1218 2734 2252 2797 nicht. Die zwei Studenten und ihre „Mäderls“ sind in
2227 2745 3246 2803 „Was hat denn so ein armes Geschöpf schließlich von
232 2774 1252 2838 „Schlager Mizi“, auf seiner Bude gibt, auch fidel zu sein.
1230 2777 3245 2868 ihrent inneren Wesen vielmehr Typen aus dem lateinischen seiner Jugend, wenn schon nach jahrelangem Warten
217 2807 3243 2923 Der Wein beginnt schon seine Schuldigkeit zu thun. Da Viertel in Paris. Man kennt sie aus den Boulevarb=richtig der Strumpfwirker kommt.“ Das Schicksal seiner
217 2859 3240 2938 klingelt es, und mitten in die Lustigkeit herein tritt die novellen schon seit Jahr und Tag. Nur reden und ge= eigenen Schwester, die an seiner Seite zur alten Jung¬
