<?xml version="1.0" encoding="UTF-8" standalone="yes"?>
<PcGts xmlns="http://schema.primaresearch.org/PAGE/gts/pagecontent/2013-07-15" xmlns:xsi="http://www.w3.org/2001/XMLSchema-instance" xsi:schemaLocation="http://schema.primaresearch.org/PAGE/gts/pagecontent/2013-07-15 http://schema.primaresearch.org/PAGE/gts/pagecontent/2013-07-15/pagecontent.xsd">
    <Metadata>
        <Creator>prov=University of Rostock/Institute of Mathematics/CITlab/Gundram Leifert/gundram.leifert@uni-rostock.de:name=ONB_Newseye_GT_M1+(htr_id=10810)::::v=2.4.2
prov=University of Rostock/Institute of Mathematics/CITlab/Tobias Gruening/tobias.gruening@uni-rostock.de:name=de.uros.citlab.module.baseline2polygon.B2PSeamMultiOriented:v=2.4.2
prov=University of Rostock/Institute of Mathematics/CITlab/Tobias Gruening/tobias.gruening@uni-rostock.de:name=/mnt/transkribus/LA/DEA/URO/LA_news_onb_att.pb:de.uros.citlab.segmentation.CITlab_LA_ML:v=2.4.2
Transkribus</Creator>
        <Created>2019-10-07T11:58:45.425+02:00</Created>
        <LastChange>2019-10-09T12:25:21.159+02:00</LastChange>
        <TranskribusMetadata docId="223992" pageId="9509099" pageNr="1205" tsid="16650143" status="IN_PROGRESS" userId="40391" imgUrl="https://files.transkribus.eu/Get?id=TUTVQRZOPTTXQCQVGBBFYIWJ&amp;fileType=view" xmlUrl="https://files.transkribus.eu/Get?id=JUNGTMRPBXRVJXLWIAYEAYIZ" imageId="6198098"/>
    </Metadata>
    <Page imageFilename="223992_1205.jpeg" imageWidth="3436" imageHeight="4352">
        <ReadingOrder>
            <OrderedGroup id="ro_1711446194902" caption="Regions reading order">
                <RegionRefIndexed index="0" regionRef="r1"/>
                <RegionRefIndexed index="1" regionRef="r2"/>
                <RegionRefIndexed index="2" regionRef="r3"/>
                <RegionRefIndexed index="3" regionRef="r4"/>
            </OrderedGroup>
        </ReadingOrder>
        <TextRegion orientation="0.0" id="r1" custom="readingOrder {index:0;}">
            <Coords points="760,1800 760,4268 1982,4268 1982,1800"/>
            <TextLine id="r1l1" custom="readingOrder {index:0;}">
                <Coords points="1571,1874 1592,1874 1641,1828 1678,1859 1698,1846 1733,1857 1768,1830 1819,1845 1978,1840 1978,1788 1773,1771 1676,1807 1657,1788 1573,1764"/>
                <Baseline points="1579,1841 1605,1835 1631,1831 1657,1828 1683,1825 1709,1825 1735,1824 1761,1825 1788,1826 1814,1828 1840,1830 1866,1832 1892,1834 1918,1835 1944,1837 1971,1838"/>
                <TextEquiv>
                    <Unicode>e</Unicode>
                </TextEquiv>
            </TextLine>
            <TextLine id="r1l2" custom="readingOrder {index:1;}">
                <Coords points="1284,1902 1297,1903 1303,1898 1310,1898 1334,1918 1350,1911 1364,1914 1368,1850 1361,1849 1350,1857 1338,1845 1310,1841 1304,1836 1288,1836"/>
                <Baseline points="1293,1880 1326,1880 1359,1884"/>
                <TextEquiv>
                    <Unicode></Unicode>
                </TextEquiv>
            </TextLine>
            <TextLine id="r1l3" custom="readingOrder {index:2;}">
                <Coords points="1449,1924 1500,1932 1524,1923 1556,1939 1569,1933 1582,1939 1599,1931 1613,1940 1622,1869 1609,1867 1575,1879 1562,1873 1531,1891 1516,1874 1503,1876 1490,1862 1469,1866 1457,1861"/>
                <Baseline points="1457,1913 1482,1912 1507,1914 1532,1918 1557,1922 1582,1926 1607,1928"/>
                <TextEquiv>
                    <Unicode></Unicode>
                </TextEquiv>
            </TextLine>
            <TextLine id="r1l4" custom="readingOrder {index:3;}">
                <Coords points="1638,2003 1672,1986 1682,1993 1693,1985 1704,1990 1738,1978 1758,1984 1753,1826 1743,1828 1702,1799 1683,1807 1632,1806"/>
                <Baseline points="1645,1983 1671,1981 1698,1980 1724,1980 1751,1979"/>
                <TextEquiv>
                    <Unicode>*</Unicode>
                </TextEquiv>
            </TextLine>
            <TextLine id="r1l5" custom="readingOrder {index:4;}">
                <Coords points="1455,1990 1463,1990 1476,2000 1479,2000 1486,1992 1487,1994 1497,1991 1492,1927 1450,1926"/>
                <Baseline points="1462,1988 1490,1986"/>
                <TextEquiv>
                    <Unicode>00</Unicode>
                </TextEquiv>
            </TextLine>
            <TextLine id="r1l6" custom="readingOrder {index:5;}">
                <Coords points="1632,2036 1647,2033 1668,2015 1687,2025 1696,2025 1702,2017 1718,2010 1726,2015 1736,2014 1732,1981 1709,1985 1703,1991 1695,1984 1683,1992 1670,1986 1661,1995 1643,1998 1636,1993 1627,1998"/>
                <Baseline points="1637,2023 1667,2018 1698,2014 1729,2011"/>
                <TextEquiv>
                    <Unicode>R</Unicode>
                </TextEquiv>
            </TextLine>
            <TextLine id="r1l7" custom="readingOrder {index:6;}">
                <Coords points="1702,2030 1713,2029 1722,2039 1768,2050 1779,2041 1787,2049 1795,2044 1808,2053 1820,2053 1831,2065 1859,2061 1864,2024 1849,2029 1832,2024 1821,2030 1803,2016 1778,2025 1772,2017 1753,2011 1705,2013"/>
                <Baseline points="1710,2031 1738,2040 1767,2045 1795,2048 1824,2049 1853,2052"/>
                <TextEquiv>
                    <Unicode></Unicode>
                </TextEquiv>
            </TextLine>
            <TextLine id="r1l8" custom="readingOrder {index:7;}">
                <Coords points="1815,2108 1837,2117 1858,2117 1861,2121 1877,2117 1881,2124 1888,2119 1892,2122 1909,2117 1913,2124 1923,2126 1933,2069 1923,2067 1915,2072 1904,2061 1824,2057"/>
                <Baseline points="1828,2081 1859,2081 1890,2089 1922,2095"/>
                <TextEquiv>
                    <Unicode></Unicode>
                </TextEquiv>
            </TextLine>
            <TextLine id="r1l9" custom="readingOrder {index:8;}">
                <Coords points="1806,2175 1819,2173 1842,2188 1869,2183 1897,2203 1925,2191 1988,2195 1990,2151 1971,2153 1937,2138 1927,2144 1884,2145 1852,2135 1826,2146 1808,2138"/>
                <Baseline points="1814,2167 1842,2169 1870,2170 1898,2170 1926,2171 1954,2173 1982,2175"/>
                <TextEquiv>
                    <Unicode>Bei Tisch</Unicode>
                </TextEquiv>
            </TextLine>
            <TextLine id="r1l10" custom="readingOrder {index:9;}">
                <Coords points="1732,3500 1752,3500 1768,3483 1800,3469 1850,3473 1863,3464 1895,3466 1919,3455 1918,3439 1866,3428 1839,3403 1824,3414 1791,3390 1765,3410 1750,3397 1728,3394"/>
                <Baseline points="1737,3465 1762,3466 1787,3466 1812,3464 1837,3462 1862,3462 1887,3461 1912,3462"/>
                <TextEquiv>
                    <Unicode></Unicode>
                </TextEquiv>
            </TextLine>
            <TextLine id="r1l11" custom="readingOrder {index:10;}">
                <Coords points="1225,3549 1309,3559 1389,3535 1471,3563 1549,3540 1542,3488 1514,3476 1459,3490 1399,3454 1381,3473 1361,3467 1341,3486 1302,3468 1220,3515"/>
                <Baseline points="1233,3553 1258,3551 1283,3548 1309,3544 1334,3541 1360,3536 1385,3531 1410,3526 1436,3522 1461,3519 1487,3516 1512,3515 1538,3516"/>
                <TextEquiv>
                    <Unicode></Unicode>
                </TextEquiv>
            </TextLine>
            <TextLine id="r1l12" custom="readingOrder {index:11;}">
                <Coords points="1522,3577 1617,3580 1616,3535 1597,3537 1578,3529 1571,3532 1567,3528 1538,3544 1521,3543"/>
                <Baseline points="1529,3572 1555,3572 1582,3573 1609,3568"/>
                <TextEquiv>
                    <Unicode></Unicode>
                </TextEquiv>
            </TextLine>
            <TextLine id="r1l13" custom="readingOrder {index:12;}">
                <Coords points="996,3601 1055,3567 1080,3573 1133,3604 1157,3591 1166,3596 1177,3591 1176,3544 1153,3538 1137,3545 1105,3532 1072,3538 1044,3511 1025,3519 1006,3503 994,3508"/>
                <Baseline points="1002,3578 1029,3579 1057,3580 1085,3580 1113,3578 1141,3577 1169,3573"/>
                <TextEquiv>
                    <Unicode></Unicode>
                </TextEquiv>
            </TextLine>
            <TextLine id="r1l14" custom="readingOrder {index:13;}">
                <Coords points="1404,3631 1418,3632 1429,3642 1457,3633 1470,3641 1514,3635 1534,3643 1555,3638 1572,3644 1574,3578 1519,3575 1496,3592 1468,3566 1450,3574 1433,3562 1420,3574 1406,3575"/>
                <Baseline points="1412,3606 1437,3606 1463,3606 1489,3608 1514,3608 1540,3610 1566,3610"/>
                <TextEquiv>
                    <Unicode></Unicode>
                </TextEquiv>
            </TextLine>
            <TextLine id="r1l15" custom="readingOrder {index:14;}">
                <Coords points="753,3930 1776,3947 1902,3936 1903,3897 753,3888"/>
                <Baseline points="760,3925 816,3925 873,3925 930,3926 987,3926 1044,3926 1100,3926 1157,3926 1214,3927 1271,3927 1328,3927 1384,3928 1441,3928 1498,3928 1555,3929 1612,3929 1668,3930 1725,3931 1782,3931 1839,3932 1896,3933"/>
                <TextEquiv>
                    <Unicode>Konflikte betonter und ich möchte sagen, greller herauskom¬</Unicode>
                </TextEquiv>
            </TextLine>
            <TextLine id="r1l16" custom="readingOrder {index:15;}">
                <Coords points="760,3968 1900,3989 1901,3949 760,3945"/>
                <Baseline points="767,3968 823,3968 879,3969 935,3970 992,3970 1048,3971 1104,3971 1161,3972 1217,3973 1273,3973 1330,3974 1386,3975 1442,3976 1498,3977 1555,3977 1611,3979 1667,3980 1724,3981 1780,3982 1836,3983 1893,3985"/>
                <TextEquiv>
                    <Unicode>men als auf der Bühne das Wort, oder als gar im wirk¬</Unicode>
                </TextEquiv>
            </TextLine>
            <TextLine id="r1l17" custom="readingOrder {index:16;}">
                <Coords points="763,4020 1917,4043 1893,3984 764,3984"/>
                <Baseline points="770,4013 827,4016 884,4018 941,4019 998,4020 1055,4022 1112,4023 1169,4023 1226,4024 1283,4024 1340,4025 1397,4025 1454,4025 1511,4026 1568,4026 1625,4027 1682,4028 1739,4029 1796,4030 1853,4032 1910,4034"/>
                <TextEquiv>
                    <Unicode>lichen Leben. Die ungeheure zeitliche Zusammendrängung</Unicode>
                </TextEquiv>
            </TextLine>
            <TextLine id="r1l18" custom="readingOrder {index:17;}">
                <Coords points="752,4066 1913,4100 1914,4047 1846,4034 753,4038"/>
                <Baseline points="760,4060 817,4063 874,4065 931,4067 989,4069 1046,4070 1103,4072 1161,4073 1218,4074 1275,4075 1333,4075 1390,4076 1447,4077 1504,4077 1562,4078 1619,4078 1676,4078 1734,4079 1791,4079 1848,4080 1906,4080"/>
                <TextEquiv>
                    <Unicode>des Filmvorgangs läßt furchtbar und plötzlich erscheinen,</Unicode>
                </TextEquiv>
            </TextLine>
            <TextLine id="r1l19" custom="readingOrder {index:18;}">
                <Coords points="761,4115 1915,4126 1842,4089 1523,4073 761,4080"/>
                <Baseline points="769,4110 828,4112 888,4114 948,4116 1008,4117 1068,4118 1128,4119 1188,4120 1248,4121 1308,4121 1368,4121 1428,4122 1488,4122 1548,4122 1608,4122 1668,4123 1728,4123 1788,4124 1848,4125 1908,4126"/>
                <TextEquiv>
                    <Unicode>was im Leben sich vielleicht als ein Übergang, als eine</Unicode>
                </TextEquiv>
            </TextLine>
            <TextLine id="r1l20" custom="readingOrder {index:19;}">
                <Coords points="761,4162 1919,4190 1920,4146 1855,4133 762,4124"/>
                <Baseline points="768,4157 825,4160 882,4161 939,4162 996,4164 1054,4164 1111,4165 1168,4166 1225,4166 1282,4166 1340,4166 1397,4167 1454,4167 1511,4167 1568,4168 1626,4168 1683,4169 1740,4170 1797,4172 1854,4173 1912,4176"/>
                <TextEquiv>
                    <Unicode>nur momentane Beunruhigung gibt. Darum soll es denen</Unicode>
                </TextEquiv>
            </TextLine>
            <TextLine id="r1l21" custom="readingOrder {index:20;}">
                <Coords points="753,4208 1791,4236 1878,4234 1916,4191 753,4177"/>
                <Baseline points="760,4208 817,4209 874,4210 932,4211 989,4212 1047,4213 1104,4214 1161,4215 1219,4215 1276,4216 1334,4216 1391,4217 1448,4217 1506,4218 1563,4218 1621,4219 1678,4219 1735,4220 1793,4221 1850,4221 1908,4222"/>
                <TextEquiv>
                    <Unicode>gesagt sein, die vielleicht vom Tode des Fritz Lobheimer</Unicode>
                </TextEquiv>
            </TextLine>
            <TextLine id="r1l22" custom="readingOrder {index:21;}">
                <Coords points="969,4293 997,4294 1026,4266 1055,4266 1072,4256 1104,4256 1103,4221 1065,4219 1045,4233 1027,4235 1015,4230 968,4242"/>
                <Baseline points="976,4258 1006,4257 1036,4256 1066,4255 1096,4256"/>
                <TextEquiv>
                    <Unicode></Unicode>
                </TextEquiv>
            </TextLine>
            <TextEquiv>
                <Unicode>e


*
00
R


Bei Tisch





Konflikte betonter und ich möchte sagen, greller herauskom¬
men als auf der Bühne das Wort, oder als gar im wirk¬
lichen Leben. Die ungeheure zeitliche Zusammendrängung
des Filmvorgangs läßt furchtbar und plötzlich erscheinen,
was im Leben sich vielleicht als ein Übergang, als eine
nur momentane Beunruhigung gibt. Darum soll es denen
gesagt sein, die vielleicht vom Tode des Fritz Lobheimer
</Unicode>
            </TextEquiv>
        </TextRegion>
        <TextRegion orientation="0.0" id="r2" custom="readingOrder {index:1;}">
            <Coords points="1928,1237 1928,1389 1958,1389 1958,1237"/>
            <TextLine id="r2l1" custom="readingOrder {index:0;}">
                <Coords points="1920,1347 1928,1348 1934,1345 1946,1345 1965,1348 1969,1293 1957,1292 1939,1308 1923,1308"/>
                <Baseline points="1928,1337 1958,1339"/>
                <TextEquiv>
                    <Unicode></Unicode>
                </TextEquiv>
            </TextLine>
            <TextEquiv>
                <Unicode></Unicode>
            </TextEquiv>
        </TextRegion>
        <TextRegion orientation="0.0" id="r3" custom="readingOrder {index:2;}">
            <Coords points="1976,1759 1976,1911 1992,1911 1992,1759"/>
            <TextLine id="r3l1" custom="readingOrder {index:0;}">
                <Coords points="1968,1862 1975,1863 1981,1858 1984,1861 1993,1857 2000,1858 2009,1795 2002,1794 1994,1797 1992,1794 1986,1795 1985,1793 1977,1792"/>
                <Baseline points="1976,1859 1992,1861"/>
                <TextEquiv>
                    <Unicode>1</Unicode>
                </TextEquiv>
            </TextLine>
            <TextEquiv>
                <Unicode>1</Unicode>
            </TextEquiv>
        </TextRegion>
        <TextRegion orientation="0.0" id="r4" custom="readingOrder {index:3;}">
            <Coords points="1935,1950 1935,4250 3091,4250 3091,1950"/>
            <TextLine id="r4l1" custom="readingOrder {index:0;}">
                <Coords points="2023,2004 2085,2021 2134,1994 2157,2014 2185,2023 2204,2016 2217,2030 2289,2048 2309,2040 2318,1955 2303,1948 2241,1971 2209,1948 2184,1952 2150,1939 2125,1957 2091,1936 2062,1953 2029,1951"/>
                <Baseline points="2033,1981 2060,1984 2087,1988 2114,1993 2142,1998 2169,2002 2196,2007 2224,2009 2251,2009 2278,2006 2306,2001"/>
                <TextEquiv>
                    <Unicode></Unicode>
                </TextEquiv>
            </TextLine>
            <TextLine id="r4l2" custom="readingOrder {index:1;}">
                <Coords points="2135,2095 2148,2098 2157,2112 2191,2117 2262,2114 2273,2125 2294,2110 2332,2123 2342,2054 2325,2042 2304,2038 2289,2049 2264,2051 2254,2039 2234,2034 2211,2044 2195,2024 2146,2025"/>
                <Baseline points="2146,2067 2172,2069 2198,2071 2224,2072 2250,2074 2276,2079 2302,2087 2328,2101"/>
                <TextEquiv>
                    <Unicode></Unicode>
                </TextEquiv>
            </TextLine>
            <TextLine id="r4l3" custom="readingOrder {index:2;}">
                <Coords points="2891,3447 2900,3445 2918,3451 2941,3437 2955,3443 2961,3436 2981,3434 2972,3344 2965,3345 2945,3370 2933,3374 2909,3359 2883,3360"/>
                <Baseline points="2896,3426 2921,3417 2946,3415 2972,3418"/>
                <TextEquiv>
                    <Unicode>8</Unicode>
                </TextEquiv>
            </TextLine>
            <TextLine id="r4l4" custom="readingOrder {index:3;}">
                <Coords points="2367,3663 2394,3665 2407,3660 2430,3659 2427,3556 2411,3555 2394,3564 2372,3585 2365,3585"/>
                <Baseline points="2373,3630 2422,3629"/>
                <TextEquiv>
                    <Unicode>4</Unicode>
                </TextEquiv>
            </TextLine>
            <TextLine id="r4l5" custom="readingOrder {index:4;}">
                <Coords points="2294,3667 2303,3664 2307,3667 2322,3653 2326,3656 2336,3647 2343,3647 2334,3571 2324,3570 2321,3574 2318,3573 2305,3587 2301,3585 2285,3587"/>
                <Baseline points="2298,3641 2334,3637"/>
                <TextEquiv>
                    <Unicode>1</Unicode>
                </TextEquiv>
            </TextLine>
            <TextLine id="r4l6" custom="readingOrder {index:5;}">
                <Coords points="2245,3783 2259,3789 2278,3780 2304,3797 2338,3803 2366,3801 2366,3707 2324,3703 2316,3708 2299,3702 2284,3712 2245,3711"/>
                <Baseline points="2252,3775 2278,3777 2305,3776 2331,3776 2358,3777"/>
                <TextEquiv>
                    <Unicode></Unicode>
                </TextEquiv>
            </TextLine>
            <TextLine id="r4l7" custom="readingOrder {index:6;}">
                <Coords points="1937,3940 3078,3950 3078,3914 2765,3880 1938,3890"/>
                <Baseline points="1944,3933 2000,3933 2056,3933 2113,3933 2169,3934 2225,3934 2282,3934 2338,3935 2394,3936 2451,3936 2507,3937 2563,3938 2620,3938 2676,3939 2732,3940 2789,3940 2845,3941 2901,3942 2958,3942 3014,3942 3071,3943"/>
                <TextEquiv>
                    <Unicode>Faser zum Ausdruck. Die Beethoven=Büste hingegen ver¬</Unicode>
                </TextEquiv>
            </TextLine>
            <TextLine id="r4l8" custom="readingOrder {index:7;}">
                <Coords points="1939,3984 3099,3997 3099,3961 3007,3952 1940,3942"/>
                <Baseline points="1947,3983 2004,3983 2061,3983 2118,3983 2175,3983 2233,3984 2290,3984 2347,3985 2404,3985 2461,3986 2519,3987 2576,3988 2633,3989 2690,3990 2747,3991 2805,3991 2862,3992 2919,3993 2976,3993 3033,3994 3091,3994"/>
                <TextEquiv>
                    <Unicode>floß stark im Lichte. Die grelle Belichtung des weißen</Unicode>
                </TextEquiv>
            </TextLine>
            <TextLine id="r4l9" custom="readingOrder {index:8;}">
                <Coords points="1930,4013 2019,4045 3086,4050 2983,3998 1930,3997"/>
                <Baseline points="1936,4031 1993,4031 2050,4031 2107,4032 2164,4033 2221,4033 2278,4034 2336,4035 2393,4035 2450,4036 2507,4037 2564,4037 2621,4038 2678,4039 2736,4040 2793,4040 2850,4041 2907,4041 2964,4041 3021,4042 3079,4042"/>
                <TextEquiv>
                    <Unicode>Marmors löscht natürlich die Form in bedenklichem Maße</Unicode>
                </TextEquiv>
            </TextLine>
            <TextLine id="r4l10" custom="readingOrder {index:9;}">
                <Coords points="1928,4074 3057,4105 3090,4050 1929,4053"/>
                <Baseline points="1935,4077 1992,4078 2049,4079 2107,4080 2164,4081 2221,4082 2279,4083 2336,4084 2393,4085 2451,4086 2508,4086 2565,4087 2623,4088 2680,4089 2737,4089 2795,4090 2852,4090 2909,4091 2967,4091 3024,4091 3082,4091"/>
                <TextEquiv>
                    <Unicode>aus. Es ist nur ein weißer Klotz, der bloß am Umriß</Unicode>
                </TextEquiv>
            </TextLine>
            <TextLine id="r4l11" custom="readingOrder {index:10;}">
                <Coords points="1929,4129 3094,4152 3094,4095 2495,4117 1930,4081"/>
                <Baseline points="1937,4124 1994,4126 2052,4127 2109,4129 2167,4130 2224,4131 2282,4132 2339,4132 2397,4133 2454,4133 2512,4134 2569,4134 2627,4135 2684,4135 2742,4136 2799,4136 2857,4137 2914,4138 2972,4139 3029,4140 3087,4142"/>
                <TextEquiv>
                    <Unicode>deutlich als Beethoven zu erkennen ist. Vielleicht hilft</Unicode>
                </TextEquiv>
            </TextLine>
            <TextLine id="r4l12" custom="readingOrder {index:11;}">
                <Coords points="1933,4193 2984,4209 3089,4180 2921,4142 1934,4147"/>
                <Baseline points="1941,4179 1998,4178 2055,4178 2112,4178 2169,4178 2226,4179 2283,4179 2340,4180 2397,4180 2454,4181 2511,4182 2568,4183 2625,4184 2682,4184 2739,4185 2796,4186 2853,4186 2910,4186 2967,4186 3024,4186 3082,4186"/>
                <TextEquiv>
                    <Unicode>man dem Übelstand dadurch ab, daß man den Marmor</Unicode>
                </TextEquiv>
            </TextLine>
            <TextLine id="r4l13" custom="readingOrder {index:12;}">
                <Coords points="1935,4233 3085,4238 3085,4205 3007,4196 1935,4192"/>
                <Baseline points="1943,4226 1999,4227 2056,4228 2113,4229 2170,4230 2226,4230 2283,4231 2340,4232 2397,4232 2453,4233 2510,4233 2567,4234 2624,4234 2680,4235 2737,4235 2794,4236 2851,4237 2907,4237 2964,4238 3021,4238 3078,4239"/>
                <TextEquiv>
                    <Unicode>leicht grau tönt, gewissermaßen dem natürlichen Schatten</Unicode>
                </TextEquiv>
            </TextLine>
            <TextEquiv>
                <Unicode>

8
4
1

Faser zum Ausdruck. Die Beethoven=Büste hingegen ver¬
floß stark im Lichte. Die grelle Belichtung des weißen
Marmors löscht natürlich die Form in bedenklichem Maße
aus. Es ist nur ein weißer Klotz, der bloß am Umriß
deutlich als Beethoven zu erkennen ist. Vielleicht hilft
man dem Übelstand dadurch ab, daß man den Marmor
leicht grau tönt, gewissermaßen dem natürlichen Schatten</Unicode>
            </TextEquiv>
        </TextRegion>
    </Page>
</PcGts>
