<?xml version="1.0" encoding="UTF-8" standalone="yes"?>
<PcGts xmlns="http://schema.primaresearch.org/PAGE/gts/pagecontent/2013-07-15" xmlns:xsi="http://www.w3.org/2001/XMLSchema-instance" xsi:schemaLocation="http://schema.primaresearch.org/PAGE/gts/pagecontent/2013-07-15 http://schema.primaresearch.org/PAGE/gts/pagecontent/2013-07-15/pagecontent.xsd">
    <Metadata>
        <Creator>prov=University of Rostock/Institute of Mathematics/CITlab/Gundram Leifert/gundram.leifert@uni-rostock.de:name=ONB_Newseye_GT_M1+(htr_id=10810)::::v=2.4.2
prov=University of Rostock/Institute of Mathematics/CITlab/Tobias Gruening/tobias.gruening@uni-rostock.de:name=de.uros.citlab.module.baseline2polygon.B2PSeamMultiOriented:v=2.4.2
prov=University of Rostock/Institute of Mathematics/CITlab/Tobias Gruening/tobias.gruening@uni-rostock.de:name=/mnt/transkribus/LA/DEA/URO/LA_news_onb_att.pb:de.uros.citlab.segmentation.CITlab_LA_ML:v=2.4.2
Transkribus</Creator>
        <Created>2019-10-07T11:52:46.926+02:00</Created>
        <LastChange>2019-10-09T04:29:57.608+02:00</LastChange>
        <TranskribusMetadata docId="223992" pageId="9507712" pageNr="512" tsid="16622266" status="IN_PROGRESS" userId="40391" imgUrl="https://files.transkribus.eu/Get?id=NZNKDEZBWXLZPXEXUWRODTCT&amp;fileType=view" xmlUrl="https://files.transkribus.eu/Get?id=BVTVYJBROGHKOJNBNRLKEVKG" imageId="6197328"/>
    </Metadata>
    <Page imageFilename="223992_0512.jpeg" imageWidth="3344" imageHeight="4224">
        <ReadingOrder>
            <OrderedGroup id="ro_1711445868538" caption="Regions reading order">
                <RegionRefIndexed index="0" regionRef="r1"/>
                <RegionRefIndexed index="1" regionRef="r2"/>
                <RegionRefIndexed index="2" regionRef="r3"/>
            </OrderedGroup>
        </ReadingOrder>
        <TextRegion orientation="0.0" id="r1" custom="readingOrder {index:0;}">
            <Coords points="227,15 227,3410 1696,3410 1696,15"/>
            <TextLine id="r1l1" custom="readingOrder {index:0;}">
                <Coords points="217,57 235,61 244,56 250,62 266,51 273,59 280,55 296,63 322,45 354,55 355,16 342,14 335,21 322,18 315,25 301,20 292,27 249,8 242,0 231,6 219,5"/>
                <Baseline points="227,38 256,37 286,38 315,39 345,40"/>
                <TextEquiv>
                    <Unicode>KE Mhener dnd“</Unicode>
                </TextEquiv>
            </TextLine>
            <TextLine id="r1l2" custom="readingOrder {index:1;}">
                <Coords points="992,182 1030,197 1085,188 1109,204 1195,181 1279,180 1317,196 1354,173 1418,163 1417,111 1329,113 1315,126 1240,113 1176,142 991,121"/>
                <Baseline points="1001,179 1026,178 1052,178 1077,178 1103,178 1128,178 1154,178 1179,178 1205,178 1230,177 1256,177 1281,176 1307,175 1332,173 1358,172 1383,169 1409,165"/>
                <TextEquiv>
                    <Unicode>box 10/7</Unicode>
                </TextEquiv>
            </TextLine>
            <TextLine id="r1l3" custom="readingOrder {index:2;}">
                <Coords points="499,198 633,201 651,192 665,201 699,191 710,200 843,185 841,122 797,125 752,151 716,123 646,145 609,135 564,151 528,132 497,134"/>
                <Baseline points="508,188 533,188 558,187 583,187 608,187 633,186 658,186 683,185 708,185 733,184 758,183 783,183 808,183 833,182"/>
                <TextEquiv>
                    <Unicode>iebelei</Unicode>
                </TextEquiv>
            </TextLine>
            <TextLine id="r1l4" custom="readingOrder {index:3;}">
                <Coords points="295,223 396,205 501,241 596,216 675,243 765,214 818,241 850,234 852,175 746,187 721,167 667,191 538,192 488,169 459,189 412,186 356,136 297,144"/>
                <Baseline points="304,189 330,194 357,198 384,202 411,205 438,207 465,210 492,211 519,212 546,213 573,213 599,213 626,213 653,212 680,212 707,211 734,210 761,209 788,207 815,206 842,204"/>
                <TextEquiv>
                    <Unicode>5. L </Unicode>
                </TextEquiv>
            </TextLine>
            <TextLine id="r1l5" custom="readingOrder {index:4;}">
                <Coords points="736,964 768,961 801,977 1139,951 1138,920 1021,905 970,919 955,910 920,929 878,919 735,930"/>
                <Baseline points="745,961 770,962 796,962 822,962 847,961 873,961 899,959 925,959 950,957 976,956 1002,955 1028,955 1053,954 1079,955 1105,956 1131,957"/>
                <TextEquiv>
                    <Unicode>Telefon 12801.</Unicode>
                </TextEquiv>
            </TextLine>
            <TextLine id="r1l6" custom="readingOrder {index:5;}">
                <Coords points="447,1081 1157,1073 1422,1046 1477,1031 1475,988 651,1036 598,1011 445,1043"/>
                <Baseline points="456,1080 506,1078 557,1075 607,1073 658,1070 708,1069 759,1067 809,1065 860,1063 910,1062 961,1060 1012,1058 1062,1056 1113,1053 1163,1051 1214,1048 1264,1045 1315,1041 1365,1037 1416,1032 1467,1027"/>
                <TextEquiv>
                    <Unicode>Unternehmen für Zeitungs-Ausschnitte.</Unicode>
                </TextEquiv>
            </TextLine>
            <TextLine id="r1l7" custom="readingOrder {index:6;}">
                <Coords points="1329,1088 1348,1081 1363,1089 1385,1088 1400,1098 1431,1083 1468,1095 1509,1073 1533,1078 1531,1048 1505,1055 1479,1041 1451,1050 1438,1043 1422,1048 1402,1042 1377,1051 1326,1047"/>
                <Baseline points="1339,1091 1365,1088 1392,1085 1418,1084 1445,1082 1471,1080 1498,1080 1525,1079"/>
                <TextEquiv>
                    <Unicode>Ausschnitt</Unicode>
                </TextEquiv>
            </TextLine>
            <TextLine id="r1l8" custom="readingOrder {index:7;}">
                <Coords points="632,1219 1629,1167 1625,1089 1565,1077 1356,1144 1240,1083 1110,1067 627,1120"/>
                <Baseline points="640,1215 688,1207 737,1201 786,1196 835,1191 884,1188 933,1185 982,1183 1031,1180 1080,1179 1129,1177 1177,1176 1226,1175 1275,1173 1324,1172 1373,1170 1422,1167 1471,1163 1520,1160 1569,1155 1618,1149"/>
                <TextEquiv>
                    <Unicode>„OBSERVER“ Nr. 38</Unicode>
                </TextEquiv>
            </TextLine>
            <TextLine id="r1l9" custom="readingOrder {index:8;}">
                <Coords points="237,1306 1688,1249 1668,1181 235,1274"/>
                <Baseline points="245,1299 316,1296 388,1291 459,1288 531,1284 603,1282 674,1278 746,1275 817,1272 889,1269 961,1266 1032,1263 1104,1259 1175,1257 1247,1253 1319,1249 1390,1245 1462,1241 1533,1236 1605,1231 1677,1226"/>
                <TextEquiv>
                    <Unicode>I. österr. behördl. conc. Bureau für Zeitungsberichte u. Persenalnachrichten</Unicode>
                </TextEquiv>
            </TextLine>
            <TextLine id="r1l10" custom="readingOrder {index:9;}">
                <Coords points="430,1382 1517,1324 1514,1274 1458,1260 1377,1297 427,1328"/>
                <Baseline points="439,1369 492,1367 545,1365 599,1363 652,1360 706,1357 759,1355 813,1352 866,1350 920,1346 973,1344 1026,1341 1080,1337 1133,1335 1187,1332 1240,1330 1294,1327 1347,1325 1401,1322 1454,1320 1508,1318"/>
                <TextEquiv>
                    <Unicode>Wien, IX/1. Türkenstrasse 17.</Unicode>
                </TextEquiv>
            </TextLine>
            <TextLine id="r1l11" custom="readingOrder {index:10;}">
                <Coords points="646,1443 773,1455 811,1433 951,1426 986,1447 1006,1425 1124,1441 1306,1423 1289,1368 1147,1360 1017,1387 643,1375"/>
                <Baseline points="655,1435 687,1432 719,1430 751,1428 783,1426 815,1425 847,1423 879,1421 911,1419 943,1418 975,1416 1007,1415 1039,1413 1071,1412 1103,1411 1135,1409 1167,1407 1199,1406 1231,1404 1263,1403 1296,1402"/>
                <TextEquiv>
                    <Unicode> Filiale in Budapest: „Figyelé“-</Unicode>
                </TextEquiv>
            </TextLine>
            <TextLine id="r1l12" custom="readingOrder {index:11;}">
                <Coords points="350,1542 1594,1461 1592,1426 1451,1409 762,1474 346,1456"/>
                <Baseline points="358,1517 419,1514 480,1512 542,1509 603,1507 664,1504 726,1501 787,1498 848,1494 910,1492 971,1489 1032,1486 1094,1482 1155,1480 1216,1477 1278,1473 1339,1470 1400,1467 1462,1464 1523,1460 1585,1457"/>
                <TextEquiv>
                    <Unicode>Vertretungen in Berlin, Chicago, London, Newyork, P’aris, Stockholm.</Unicode>
                </TextEquiv>
            </TextLine>
            <TextLine id="r1l13" custom="readingOrder {index:12;}">
                <Coords points="264,1665 1428,1652 1426,1564 1392,1559 264,1611"/>
                <Baseline points="274,1654 331,1648 388,1644 445,1641 503,1639 560,1637 617,1636 674,1636 732,1636 789,1636 846,1636 903,1637 961,1637 1018,1637 1075,1636 1132,1635 1190,1634 1247,1632 1304,1629 1361,1625 1419,1619"/>
                <TextEquiv>
                    <Unicode>Ausschnitt aus: Berliner Börsencourier</Unicode>
                </TextEquiv>
            </TextLine>
            <TextLine id="r1l14" custom="readingOrder {index:13;}">
                <Coords points="471,1774 505,1775 515,1768 528,1777 547,1769 574,1795 614,1807 665,1773 693,1789 697,1737 611,1729 589,1709 573,1714 523,1704 475,1717"/>
                <Baseline points="480,1767 505,1766 531,1766 556,1767 582,1769 608,1772 633,1775 659,1778 685,1780"/>
                <TextEquiv>
                    <Unicode>6/86 8</Unicode>
                </TextEquiv>
            </TextLine>
            <TextLine id="r1l15" custom="readingOrder {index:14;}">
                <Coords points="272,1811 291,1806 315,1818 341,1802 374,1813 397,1805 417,1813 437,1803 474,1805 471,1726 427,1750 410,1742 393,1751 353,1737 307,1754 269,1753"/>
                <Baseline points="280,1786 306,1786 332,1787 358,1787 385,1786 411,1784 437,1781 464,1776"/>
                <TextEquiv>
                    <Unicode>vom</Unicode>
                </TextEquiv>
            </TextLine>
            <TextLine id="r1l16" custom="readingOrder {index:15;}">
                <Coords points="480,1807 498,1805 509,1816 513,1816 520,1810 543,1814 543,1773 534,1773 529,1776 518,1766 509,1773 504,1769 480,1771"/>
                <Baseline points="489,1796 535,1796"/>
                <TextEquiv>
                    <Unicode></Unicode>
                </TextEquiv>
            </TextLine>
            <TextLine id="r1l17" custom="readingOrder {index:16;}">
                <Coords points="449,1905 1441,1867 1535,1845 1534,1809 446,1842"/>
                <Baseline points="458,1896 511,1897 564,1897 618,1896 671,1895 725,1893 778,1891 832,1889 885,1887 939,1884 992,1881 1045,1878 1099,1875 1152,1872 1206,1869 1259,1866 1313,1864 1366,1861 1420,1858 1473,1856 1527,1854"/>
                <TextEquiv>
                    <Unicode>l#zmeste Rolle ihres Gastspiels haste Adel¬</Unicode>
                </TextEquiv>
            </TextLine>
            <TextLine id="r1l18" custom="readingOrder {index:17;}">
                <Coords points="459,1939 1511,1896 1476,1854 458,1903"/>
                <Baseline points="468,1935 519,1934 571,1934 622,1933 674,1933 726,1932 777,1931 829,1929 881,1927 932,1926 984,1923 1036,1920 1087,1918 1139,1915 1191,1912 1242,1908 1294,1905 1346,1902 1397,1898 1449,1893 1501,1889"/>
                <TextEquiv>
                    <Unicode>Sandrok gestern im Lessing=Theater“ de</Unicode>
                </TextEquiv>
            </TextLine>
            <TextLine id="r1l19" custom="readingOrder {index:18;}">
                <Coords points="468,1979 1529,1951 1527,1896 1441,1889 1145,1937 961,1909 892,1939 467,1945"/>
                <Baseline points="478,1978 530,1978 582,1978 634,1977 686,1976 738,1975 790,1973 842,1971 894,1969 946,1967 999,1965 1051,1962 1103,1959 1155,1957 1207,1954 1259,1951 1311,1948 1363,1945 1415,1942 1467,1940 1520,1937"/>
                <TextEquiv>
                    <Unicode>Christine in Arthur Schnitzler's „Liebelei“ gewähtt.</Unicode>
                </TextEquiv>
            </TextLine>
            <TextLine id="r1l20" custom="readingOrder {index:19;}">
                <Coords points="470,2026 1529,1985 1527,1944 1484,1938 469,1990"/>
                <Baseline points="479,2017 531,2017 583,2017 635,2017 687,2017 739,2016 791,2015 843,2015 895,2013 947,2011 999,2009 1051,2007 1103,2004 1155,2001 1207,1998 1259,1995 1311,1991 1363,1987 1415,1982 1467,1978 1519,1973"/>
                <TextEquiv>
                    <Unicode>der sie die Annie in desselben Autors „Abschieds¬</Unicode>
                </TextEquiv>
            </TextLine>
            <TextLine id="r1l21" custom="readingOrder {index:20;}">
                <Coords points="956,2057 1082,2033 1112,2051 1204,2033 1340,2040 1420,2006 1466,2027 1545,2021 1542,1976 1503,1975 1357,1998 1284,1987 1232,2007 953,2007"/>
                <Baseline points="965,2046 993,2046 1022,2046 1050,2045 1079,2045 1107,2044 1136,2042 1164,2041 1193,2039 1221,2037 1250,2035 1279,2033 1307,2032 1336,2029 1364,2027 1393,2025 1421,2023 1450,2021 1478,2019 1507,2018 1536,2016"/>
                <TextEquiv>
                    <Unicode>Das dicht besetzte Saus</Unicode>
                </TextEquiv>
            </TextLine>
            <TextLine id="r1l22" custom="readingOrder {index:21;}">
                <Coords points="477,2073 531,2061 606,2070 632,2042 708,2067 914,2056 924,2015 877,2000 806,2027 725,2009 709,2024 501,2024 476,2039"/>
                <Baseline points="486,2064 511,2061 536,2059 561,2058 586,2057 612,2056 637,2056 662,2055 687,2055 713,2055 738,2055 763,2055 788,2055 814,2054 839,2053 864,2051 889,2049 915,2045"/>
                <TextEquiv>
                    <Unicode>souper“, folgen ließ.</Unicode>
                </TextEquiv>
            </TextLine>
            <TextLine id="r1l23" custom="readingOrder {index:22;}">
                <Coords points="678,2097 1519,2074 1531,2021 1086,2063 957,2034 677,2072"/>
                <Baseline points="687,2096 728,2094 770,2091 812,2090 854,2088 896,2087 937,2085 979,2084 1021,2083 1063,2081 1105,2080 1146,2079 1188,2077 1230,2075 1272,2073 1314,2071 1355,2067 1397,2064 1439,2061 1481,2057 1523,2052"/>
                <TextEquiv>
                    <Unicode>der Künstlerin nach jedem Aeu¬</Unicode>
                </TextEquiv>
            </TextLine>
            <TextLine id="r1l24" custom="readingOrder {index:23;}">
                <Coords points="473,2100 493,2094 507,2106 525,2109 532,2103 631,2105 660,2095 681,2104 680,2064 626,2062 614,2070 578,2060 556,2070 528,2062 472,2073"/>
                <Baseline points="483,2104 510,2102 537,2101 564,2100 591,2100 618,2099 645,2098 673,2097"/>
                <TextEquiv>
                    <Unicode>bereitere</Unicode>
                </TextEquiv>
            </TextLine>
            <TextLine id="r1l25" custom="readingOrder {index:24;}">
                <Coords points="483,2145 1256,2133 1515,2110 1540,2056 481,2105"/>
                <Baseline points="493,2145 545,2144 597,2142 649,2140 701,2139 753,2137 805,2135 857,2132 909,2131 961,2129 1013,2126 1065,2123 1117,2120 1169,2118 1221,2115 1273,2112 1325,2109 1377,2106 1429,2102 1481,2099 1533,2095"/>
                <TextEquiv>
                    <Unicode>stürmische Ovationen. Die Kunst, mit der Fränk#</Unicode>
                </TextEquiv>
            </TextLine>
            <TextLine id="r1l26" custom="readingOrder {index:25;}">
                <Coords points="700,2183 1532,2156 1530,2107 1497,2102 699,2142"/>
                <Baseline points="709,2175 749,2175 790,2175 831,2174 871,2173 912,2172 953,2171 993,2169 1034,2167 1075,2165 1116,2164 1156,2162 1197,2160 1238,2157 1278,2155 1319,2153 1360,2151 1400,2149 1441,2146 1482,2144 1523,2142"/>
                <TextEquiv>
                    <Unicode>dis Rolle der Christine ausgestaltel,</Unicode>
                </TextEquiv>
            </TextLine>
            <TextLine id="r1l27" custom="readingOrder {index:26;}">
                <Coords points="490,2194 540,2185 596,2197 613,2190 637,2195 654,2183 697,2178 696,2146 660,2142 648,2151 617,2153 590,2143 572,2153 547,2154 540,2147 488,2145"/>
                <Baseline points="499,2187 526,2188 553,2188 580,2187 607,2185 634,2185 661,2182 688,2180"/>
                <TextEquiv>
                    <Unicode>Sandreck</Unicode>
                </TextEquiv>
            </TextLine>
            <TextLine id="r1l28" custom="readingOrder {index:27;}">
                <Coords points="482,2232 1433,2200 1510,2188 1508,2150 480,2199"/>
                <Baseline points="491,2231 541,2228 591,2225 642,2224 692,2221 743,2219 793,2217 844,2214 894,2213 945,2210 995,2208 1045,2206 1096,2204 1146,2202 1197,2199 1247,2197 1298,2194 1348,2192 1399,2188 1449,2185 1500,2181"/>
                <TextEquiv>
                    <Unicode>übte auch gestern, wie schon gelegentlich ihres verant</Unicode>
                </TextEquiv>
            </TextLine>
            <TextLine id="r1l29" custom="readingOrder {index:28;}">
                <Coords points="479,2271 1511,2235 1509,2186 478,2246"/>
                <Baseline points="488,2276 538,2273 589,2268 639,2265 690,2262 741,2259 791,2256 842,2254 893,2252 943,2249 994,2247 1045,2245 1095,2244 1146,2242 1197,2240 1247,2238 1298,2236 1349,2233 1399,2231 1450,2228 1501,2226"/>
                <TextEquiv>
                    <Unicode>gegangenen Gasispiels, eine nachhalnige Wirkung an</Unicode>
                </TextEquiv>
            </TextLine>
            <TextLine id="r1l30" custom="readingOrder {index:29;}">
                <Coords points="544,2310 1211,2299 1500,2272 1498,2227 542,2276"/>
                <Baseline points="553,2312 599,2308 646,2305 693,2302 740,2299 787,2297 834,2295 880,2293 927,2291 974,2290 1021,2288 1068,2286 1115,2284 1162,2282 1208,2280 1255,2278 1302,2274 1349,2271 1396,2268 1443,2263 1490,2259"/>
                <TextEquiv>
                    <Unicode>e Hurer. Die Künsilerin, die an Lieblichkert der E¬</Unicode>
                </TextEquiv>
            </TextLine>
            <TextLine id="r1l31" custom="readingOrder {index:30;}">
                <Coords points="493,2354 1493,2319 1525,2315 1523,2269 491,2314"/>
                <Baseline points="502,2350 552,2350 603,2349 653,2347 704,2345 755,2343 805,2341 856,2339 907,2336 957,2333 1008,2330 1059,2327 1109,2325 1160,2321 1211,2319 1261,2316 1312,2313 1363,2311 1413,2309 1464,2307 1515,2306"/>
                <TextEquiv>
                    <Unicode>scheinung anderen Schauspielerinnen nachstehen Ma</Unicode>
                </TextEquiv>
            </TextLine>
            <TextLine id="r1l32" custom="readingOrder {index:31;}">
                <Coords points="498,2389 1548,2361 1545,2306 496,2354"/>
                <Baseline points="506,2390 557,2389 609,2388 660,2387 712,2386 764,2385 815,2383 867,2381 918,2379 970,2376 1022,2374 1073,2371 1125,2368 1176,2365 1228,2362 1280,2359 1331,2355 1383,2352 1434,2348 1486,2344 1538,2340"/>
                <TextEquiv>
                    <Unicode>die im Aussehen vielleicht nicht ganz unserer Ver¬</Unicode>
                </TextEquiv>
            </TextLine>
            <TextLine id="r1l33" custom="readingOrder {index:32;}">
                <Coords points="493,2449 1410,2414 1542,2397 1540,2352 490,2388"/>
                <Baseline points="501,2435 552,2433 604,2431 655,2429 707,2427 759,2424 810,2423 862,2420 913,2419 965,2416 1017,2413 1068,2411 1120,2408 1171,2406 1223,2403 1275,2400 1326,2396 1378,2393 1429,2390 1481,2387 1533,2382"/>
                <TextEquiv>
                    <Unicode>stellung von der vornehmezarten Christine entsprich¬</Unicode>
                </TextEquiv>
            </TextLine>
            <TextLine id="r1l34" custom="readingOrder {index:33;}">
                <Coords points="509,2478 1541,2442 1551,2390 507,2440"/>
                <Baseline points="518,2477 569,2475 620,2472 671,2470 723,2468 774,2465 825,2463 876,2461 928,2459 979,2456 1030,2453 1081,2451 1133,2449 1184,2446 1235,2443 1286,2440 1338,2437 1389,2434 1440,2431 1491,2428 1543,2424"/>
                <TextEquiv>
                    <Unicode>machte dies durch ihr inniges, wahres von echter</Unicode>
                </TextEquiv>
            </TextLine>
            <TextLine id="r1l35" custom="readingOrder {index:34;}">
                <Coords points="497,2521 1282,2500 1473,2482 1471,2435 495,2485"/>
                <Baseline points="506,2519 553,2516 601,2513 649,2512 697,2509 745,2506 793,2505 841,2503 889,2501 937,2498 985,2497 1032,2494 1080,2493 1128,2490 1176,2488 1224,2485 1272,2483 1320,2480 1368,2477 1416,2473 1464,2470"/>
                <TextEquiv>
                    <Unicode>Leidenschaft beseeltes Spiel völlig vergessen.:</Unicode>
                </TextEquiv>
            </TextLine>
            <TextLine id="r1l36" custom="readingOrder {index:35;}">
                <Coords points="757,2553 1543,2509 1523,2470 756,2514"/>
                <Baseline points="766,2544 804,2543 842,2541 881,2539 919,2538 958,2537 996,2535 1034,2534 1073,2533 1111,2531 1150,2529 1188,2528 1226,2526 1265,2525 1303,2522 1342,2521 1380,2519 1418,2516 1457,2513 1495,2510 1534,2507"/>
                <TextEquiv>
                    <Unicode>deitten Act, wo die Darstellerin</Unicode>
                </TextEquiv>
            </TextLine>
            <TextLine id="r1l37" custom="readingOrder {index:36;}">
                <Coords points="512,2561 582,2559 608,2572 657,2551 679,2560 688,2551 702,2550 701,2528 687,2533 652,2515 602,2523 583,2512 566,2522 510,2514"/>
                <Baseline points="522,2560 550,2559 579,2558 608,2555 636,2554 665,2552 694,2551"/>
                <TextEquiv>
                    <Unicode>sonders</Unicode>
                </TextEquiv>
            </TextLine>
            <TextLine id="r1l38" custom="readingOrder {index:37;}">
                <Coords points="505,2606 1437,2574 1549,2556 1547,2511 503,2563"/>
                <Baseline points="514,2596 565,2595 616,2594 667,2592 719,2590 770,2589 821,2587 873,2585 924,2582 975,2580 1027,2577 1078,2575 1129,2572 1180,2569 1232,2567 1283,2564 1334,2562 1386,2558 1437,2556 1488,2554 1540,2552"/>
                <TextEquiv>
                    <Unicode>der seelischen Erschütterung bei der Nachrick</Unicode>
                </TextEquiv>
            </TextLine>
            <TextLine id="r1l39" custom="readingOrder {index:38;}">
                <Coords points="503,2643 1544,2604 1552,2557 501,2609"/>
                <Baseline points="512,2638 563,2637 615,2636 666,2634 718,2632 770,2630 821,2628 873,2625 924,2623 976,2621 1028,2618 1079,2615 1131,2612 1182,2610 1234,2607 1286,2604 1337,2601 1389,2599 1440,2597 1492,2594 1544,2592"/>
                <TextEquiv>
                    <Unicode>von dem tragischen Ausgang des Duells einer</Unicode>
                </TextEquiv>
            </TextLine>
            <TextLine id="r1l40" custom="readingOrder {index:39;}">
                <Coords points="1215,2659 1258,2648 1289,2660 1360,2640 1387,2653 1460,2639 1516,2644 1548,2632 1547,2603 1514,2594 1457,2606 1435,2594 1390,2599 1337,2616 1319,2606 1294,2614 1268,2599 1253,2611 1214,2614"/>
                <Baseline points="1223,2646 1249,2646 1275,2646 1302,2646 1328,2645 1354,2644 1381,2643 1407,2642 1433,2640 1460,2638 1486,2637 1512,2635 1539,2632"/>
                <TextEquiv>
                    <Unicode>wurde Fränlei</Unicode>
                </TextEquiv>
            </TextLine>
            <TextLine id="r1l41" custom="readingOrder {index:40;}">
                <Coords points="1004,2659 1038,2665 1067,2656 1089,2664 1126,2654 1139,2666 1151,2653 1183,2652 1182,2623 1152,2628 1137,2616 1119,2622 1097,2616 1080,2625 1029,2620 1003,2627"/>
                <Baseline points="1013,2655 1039,2656 1066,2655 1093,2653 1120,2652 1147,2651 1174,2650"/>
                <TextEquiv>
                    <Unicode>verlieh,</Unicode>
                </TextEquiv>
            </TextLine>
            <TextLine id="r1l42" custom="readingOrder {index:41;}">
                <Coords points="501,2683 643,2687 786,2668 838,2680 895,2660 944,2674 1008,2654 995,2617 836,2637 801,2624 774,2644 739,2629 499,2644"/>
                <Baseline points="510,2682 535,2681 561,2681 587,2680 612,2679 638,2678 664,2677 690,2675 715,2673 741,2671 767,2669 793,2668 818,2666 844,2665 870,2663 896,2662 921,2661 947,2660 973,2660 999,2659"/>
                <TextEquiv>
                    <Unicode>ergreifenden Ausdruck</Unicode>
                </TextEquiv>
            </TextLine>
            <TextLine id="r1l43" custom="readingOrder {index:42;}">
                <Coords points="517,2721 1507,2690 1559,2679 1557,2631 515,2685"/>
                <Baseline points="526,2721 577,2719 628,2717 679,2716 730,2714 782,2712 833,2709 884,2706 935,2704 986,2702 1038,2699 1089,2697 1140,2694 1191,2692 1242,2690 1294,2686 1345,2684 1396,2681 1447,2679 1498,2676 1550,2674"/>
                <TextEquiv>
                    <Unicode>Sandrock durch lebhaften Beifall und mehrmaligen</Unicode>
                </TextEquiv>
            </TextLine>
            <TextLine id="r1l44" custom="readingOrder {index:43;}">
                <Coords points="507,2748 847,2765 1552,2713 1550,2681 1466,2678 506,2717"/>
                <Baseline points="516,2762 567,2759 618,2757 669,2755 721,2752 772,2751 823,2748 875,2746 926,2744 977,2742 1029,2739 1080,2737 1131,2735 1182,2732 1234,2731 1285,2728 1336,2725 1388,2723 1439,2720 1490,2718 1542,2714"/>
                <TextEquiv>
                    <Unicode>Hervorruf ausgezeichnet. Von den einheimischen Dar¬</Unicode>
                </TextEquiv>
            </TextLine>
            <TextLine id="r1l45" custom="readingOrder {index:44;}">
                <Coords points="518,2803 1548,2767 1544,2718 517,2771"/>
                <Baseline points="527,2803 577,2800 628,2798 678,2796 729,2794 779,2791 830,2789 880,2787 931,2785 981,2783 1032,2781 1083,2779 1133,2777 1184,2775 1234,2773 1285,2770 1335,2768 1386,2765 1436,2762 1487,2759 1538,2756"/>
                <TextEquiv>
                    <Unicode>stellern des „Lessing=Theaters“ wurde der Gast auf's</Unicode>
                </TextEquiv>
            </TextLine>
            <TextLine id="r1l46" custom="readingOrder {index:45;}">
                <Coords points="521,2844 1554,2796 1552,2759 1516,2757 519,2803"/>
                <Baseline points="530,2846 580,2844 631,2842 682,2840 733,2838 784,2835 834,2833 885,2831 936,2827 987,2825 1038,2823 1088,2820 1139,2817 1190,2815 1241,2812 1292,2810 1342,2807 1393,2805 1444,2802 1495,2799 1546,2797"/>
                <TextEquiv>
                    <Unicode>Trefflichste mierstutzt. Insbesondere waren die Dar¬</Unicode>
                </TextEquiv>
            </TextLine>
            <TextLine id="r1l47" custom="readingOrder {index:46;}">
                <Coords points="523,2884 1501,2856 1560,2844 1558,2792 521,2843"/>
                <Baseline points="532,2885 582,2883 633,2881 684,2879 735,2876 786,2874 837,2872 888,2869 939,2866 990,2863 1041,2861 1091,2858 1142,2856 1193,2853 1244,2851 1295,2849 1346,2846 1397,2845 1448,2843 1499,2840 1550,2839"/>
                <TextEquiv>
                    <Unicode>hietungen des Fräuleins Elvira Clemens und des</Unicode>
                </TextEquiv>
            </TextLine>
            <TextLine id="r1l48" custom="readingOrder {index:47;}">
                <Coords points="514,2932 1553,2884 1551,2842 513,2897"/>
                <Baseline points="524,2926 577,2925 631,2924 684,2922 738,2920 792,2918 845,2915 899,2913 953,2910 1006,2907 1060,2904 1113,2901 1167,2899 1221,2896 1274,2893 1328,2890 1382,2887 1435,2885 1489,2882 1543,2879"/>
                <TextEquiv>
                    <Unicode>Herrn Pagay als Mizi und Hans Welring überan¬</Unicode>
                </TextEquiv>
            </TextLine>
            <TextLine id="r1l49" custom="readingOrder {index:48;}">
                <Coords points="529,2963 615,2986 1560,2933 1558,2890 1520,2883 528,2936"/>
                <Baseline points="538,2969 588,2965 639,2962 689,2959 740,2957 790,2955 841,2953 891,2951 942,2949 992,2947 1043,2945 1094,2944 1144,2941 1195,2939 1245,2937 1296,2934 1346,2931 1397,2928 1447,2924 1498,2920 1549,2915"/>
                <TextEquiv>
                    <Unicode>anerkennenswerth. Der abschließende Einacter übte i</Unicode>
                </TextEquiv>
            </TextLine>
            <TextLine id="r1l50" custom="readingOrder {index:49;}">
                <Coords points="1089,2986 1279,2972 1322,2996 1338,2979 1419,2977 1438,2962 1528,2988 1576,2960 1575,2931 1501,2919 1276,2951 1220,2936 1180,2952 1088,2945"/>
                <Baseline points="1097,2977 1123,2977 1149,2976 1175,2976 1201,2975 1227,2974 1254,2974 1280,2973 1306,2972 1332,2972 1358,2971 1384,2970 1411,2969 1437,2968 1463,2967 1489,2966 1515,2966 1541,2965 1568,2964"/>
                <TextEquiv>
                    <Unicode>8 Gastes und des Herri.</Unicode>
                </TextEquiv>
            </TextLine>
            <TextLine id="r1l51" custom="readingOrder {index:50;}">
                <Coords points="528,3000 597,3016 769,3000 807,3011 901,2989 1032,2997 1031,2952 966,2949 742,2958 707,2973 655,2964 618,2983 528,2977"/>
                <Baseline points="538,2998 563,3000 589,3001 614,3001 640,3001 665,3000 691,2999 716,2998 742,2996 767,2996 793,2993 818,2992 844,2991 869,2990 895,2989 920,2989 946,2989 971,2989 997,2990 1023,2992"/>
                <TextEquiv>
                    <Unicode>der virtnosen „Darstellung</Unicode>
                </TextEquiv>
            </TextLine>
            <TextLine id="r1l52" custom="readingOrder {index:51;}">
                <Coords points="525,3062 1329,3028 1327,2990 1278,2971 725,3014 522,3000"/>
                <Baseline points="533,3041 572,3042 611,3042 650,3042 690,3042 729,3040 768,3039 808,3037 847,3035 886,3032 926,3030 965,3027 1004,3025 1043,3022 1083,3020 1122,3018 1161,3017 1201,3015 1240,3015 1279,3014 1319,3015"/>
                <TextEquiv>
                    <Unicode>Jarno die ge Rücingungen.</Unicode>
                </TextEquiv>
            </TextLine>
            <TextLine id="r1l53" custom="readingOrder {index:52;}">
                <Coords points="1377,3051 1397,3053 1409,3060 1415,3055 1422,3060 1429,3058 1438,3067 1458,3064 1479,3080 1501,3083 1500,3019 1484,3020 1474,3015 1465,3021 1418,3021 1409,3014 1398,3023 1377,3025"/>
                <Baseline points="1386,3056 1412,3053 1439,3053 1465,3054 1492,3054"/>
                <TextEquiv>
                    <Unicode>7.50</Unicode>
                </TextEquiv>
            </TextLine>
            <TextLine id="r1l54" custom="readingOrder {index:53;}">
                <Coords points="1523,3076 1571,3070 1598,3080 1623,3072 1634,3079 1647,3073 1668,3081 1702,3075 1701,3036 1690,3034 1682,3041 1658,3026 1631,3025 1622,3031 1609,3022 1565,3043 1522,3024"/>
                <Baseline points="1531,3067 1558,3067 1585,3067 1612,3065 1639,3065 1666,3064 1693,3063"/>
                <TextEquiv>
                    <Unicode>inclusive</Unicode>
                </TextEquiv>
            </TextLine>
            <TextLine id="r1l55" custom="readingOrder {index:54;}">
                <Coords points="322,3107 794,3115 1330,3069 1328,3028 319,3059"/>
                <Baseline points="331,3104 380,3103 429,3101 479,3099 528,3097 578,3095 627,3093 677,3090 726,3087 776,3085 825,3083 874,3080 924,3078 973,3075 1023,3072 1072,3070 1122,3067 1171,3065 1221,3063 1270,3060 1320,3059"/>
                <TextEquiv>
                    <Unicode>Für 5 Zeitungsauschnitte (Artikel oder Notizen) f</Unicode>
                </TextEquiv>
            </TextLine>
            <TextLine id="r1l56" custom="readingOrder {index:55;}">
                <Coords points="1365,3101 1407,3101 1430,3096 1437,3101 1440,3097 1467,3093 1476,3098 1487,3097 1486,3067 1466,3069 1457,3063 1437,3067 1428,3058 1415,3055 1407,3059 1388,3051 1378,3059 1363,3054"/>
                <Baseline points="1374,3096 1400,3093 1426,3092 1452,3092 1478,3090"/>
                <TextEquiv>
                    <Unicode>14.—</Unicode>
                </TextEquiv>
            </TextLine>
            <TextLine id="r1l57" custom="readingOrder {index:56;}">
                <Coords points="1537,3114 1551,3108 1559,3113 1605,3112 1616,3106 1659,3115 1686,3111 1684,3068 1652,3076 1645,3073 1638,3079 1622,3070 1609,3076 1606,3072 1586,3077 1571,3070 1536,3077"/>
                <Baseline points="1545,3107 1571,3105 1597,3105 1623,3104 1649,3103 1676,3102"/>
                <TextEquiv>
                    <Unicode>Porto,</Unicode>
                </TextEquiv>
            </TextLine>
            <TextLine id="r1l58" custom="readingOrder {index:57;}">
                <Coords points="1360,3138 1374,3135 1394,3142 1410,3139 1425,3149 1445,3148 1450,3142 1457,3147 1462,3141 1475,3149 1486,3148 1482,3093 1473,3093 1451,3108 1436,3101 1422,3104 1414,3098 1357,3107"/>
                <Baseline points="1368,3138 1395,3133 1422,3132 1449,3131 1476,3128"/>
                <TextEquiv>
                    <Unicode>25.—</Unicode>
                </TextEquiv>
            </TextLine>
            <TextLine id="r1l59" custom="readingOrder {index:58;}">
                <Coords points="415,3144 427,3141 435,3148 447,3149 454,3141 462,3148 465,3146 471,3151 476,3147 482,3152 505,3128 509,3132 518,3131 515,3094 503,3094 493,3104 485,3103 480,3109 473,3107 454,3120 432,3103 412,3101"/>
                <Baseline points="423,3147 451,3139 480,3139 509,3139"/>
                <TextEquiv>
                    <Unicode>100</Unicode>
                </TextEquiv>
            </TextLine>
            <TextLine id="r1l60" custom="readingOrder {index:59;}">
                <Coords points="1527,3151 1540,3151 1547,3158 1560,3150 1565,3154 1601,3147 1610,3154 1655,3156 1681,3144 1699,3146 1698,3104 1677,3109 1657,3104 1646,3113 1617,3107 1596,3115 1591,3110 1549,3111 1539,3119 1526,3119"/>
                <Baseline points="1536,3146 1561,3144 1587,3143 1613,3142 1638,3142 1664,3141 1690,3140"/>
                <TextEquiv>
                    <Unicode>Zahlbar</Unicode>
                </TextEquiv>
            </TextLine>
            <TextLine id="r1l61" custom="readingOrder {index:60;}">
                <Coords points="1358,3173 1378,3175 1384,3180 1398,3180 1407,3175 1423,3180 1430,3176 1441,3182 1459,3179 1467,3170 1480,3171 1478,3142 1426,3149 1410,3139 1399,3144 1388,3139 1374,3140 1366,3133 1356,3136"/>
                <Baseline points="1366,3172 1392,3170 1418,3168 1444,3167 1471,3165"/>
                <TextEquiv>
                    <Unicode>55.—</Unicode>
                </TextEquiv>
            </TextLine>
            <TextLine id="r1l62" custom="readingOrder {index:61;}">
                <Coords points="413,3196 423,3195 430,3187 454,3191 462,3185 475,3188 487,3183 501,3194 510,3193 504,3139 495,3140 482,3151 476,3146 469,3150 456,3144 449,3149 431,3145 422,3150 408,3149"/>
                <Baseline points="421,3183 447,3182 473,3177 499,3177"/>
                <TextEquiv>
                    <Unicode>200</Unicode>
                </TextEquiv>
            </TextLine>
            <TextLine id="r1l63" custom="readingOrder {index:62;}">
                <Coords points="1302,3230 1429,3233 1454,3214 1489,3221 1516,3195 1590,3208 1646,3195 1673,3210 1706,3198 1700,3144 1556,3160 1512,3148 1455,3180 1365,3178 1340,3196 1298,3195"/>
                <Baseline points="1309,3218 1334,3216 1360,3215 1386,3212 1412,3209 1438,3206 1463,3203 1489,3199 1515,3196 1541,3193 1567,3190 1592,3187 1618,3185 1644,3184 1670,3182 1696,3182"/>
                <TextEquiv>
                    <Unicode>. 100.— im Vorsh.</Unicode>
                </TextEquiv>
            </TextLine>
            <TextLine id="r1l64" custom="readingOrder {index:63;}">
                <Coords points="414,3227 430,3225 436,3228 440,3225 456,3229 459,3224 486,3223 493,3218 507,3229 521,3227 515,3184 500,3190 488,3183 461,3186 458,3190 440,3187 410,3197"/>
                <Baseline points="423,3225 452,3219 481,3215 511,3213"/>
                <TextEquiv>
                    <Unicode>500</Unicode>
                </TextEquiv>
            </TextLine>
            <TextLine id="r1l65" custom="readingOrder {index:64;}">
                <Coords points="362,3281 372,3278 384,3288 398,3285 411,3270 426,3278 445,3265 460,3271 473,3261 526,3271 522,3221 508,3220 503,3226 493,3218 458,3228 425,3225 405,3238 383,3234 369,3243 359,3242"/>
                <Baseline points="370,3268 399,3266 428,3263 457,3260 486,3257 516,3258"/>
                <TextEquiv>
                    <Unicode>„ 1000</Unicode>
                </TextEquiv>
            </TextLine>
            <TextLine id="r1l66" custom="readingOrder {index:65;}">
                <Coords points="462,3334 1698,3258 1696,3220 1638,3212 459,3273"/>
                <Baseline points="469,3315 530,3314 591,3312 652,3310 713,3308 774,3305 835,3302 896,3299 957,3296 1018,3292 1079,3288 1140,3285 1201,3282 1262,3277 1323,3274 1384,3270 1445,3267 1506,3264 1567,3261 1628,3258 1689,3256"/>
                <TextEquiv>
                    <Unicode>Im Gegensatze zu anderen Bureaug für Zeitungsausschnitte istte</Unicode>
                </TextEquiv>
            </TextLine>
            <TextLine id="r1l67" custom="readingOrder {index:66;}">
                <Coords points="337,3363 1641,3317 1696,3304 1694,3255 335,3330"/>
                <Baseline points="346,3361 413,3358 480,3356 547,3353 614,3349 681,3346 748,3343 815,3340 882,3336 949,3333 1016,3329 1083,3326 1150,3323 1217,3319 1284,3315 1351,3312 1418,3309 1485,3305 1552,3302 1619,3299 1687,3295"/>
                <TextEquiv>
                    <Unicode>Abonnement durch keine bestimmte Zeitdauer begrenzt; — auch steht en</Unicode>
                </TextEquiv>
            </TextLine>
            <TextLine id="r1l68" custom="readingOrder {index:67;}">
                <Coords points="337,3427 1452,3371 1611,3350 1643,3304 334,3372"/>
                <Baseline points="345,3400 409,3398 474,3395 538,3393 603,3390 667,3387 732,3383 796,3380 861,3377 925,3373 990,3370 1054,3366 1119,3363 1183,3360 1248,3356 1312,3353 1377,3349 1441,3346 1506,3343 1570,3341 1635,3338"/>
                <TextEquiv>
                    <Unicode>Abonnenten frei die aufgegebenen Themen zu ergänzen odler zu ändern.</Unicode>
                </TextEquiv>
            </TextLine>
            <TextEquiv>
                <Unicode>KE Mhener dnd“
box 10/7
iebelei
5. L 
Telefon 12801.
Unternehmen für Zeitungs-Ausschnitte.
Ausschnitt
„OBSERVER“ Nr. 38
I. österr. behördl. conc. Bureau für Zeitungsberichte u. Persenalnachrichten
Wien, IX/1. Türkenstrasse 17.
 Filiale in Budapest: „Figyelé“-
Vertretungen in Berlin, Chicago, London, Newyork, P’aris, Stockholm.
Ausschnitt aus: Berliner Börsencourier
6/86 8
vom

l#zmeste Rolle ihres Gastspiels haste Adel¬
Sandrok gestern im Lessing=Theater“ de
Christine in Arthur Schnitzler's „Liebelei“ gewähtt.
der sie die Annie in desselben Autors „Abschieds¬
Das dicht besetzte Saus
souper“, folgen ließ.
der Künstlerin nach jedem Aeu¬
bereitere
stürmische Ovationen. Die Kunst, mit der Fränk#
dis Rolle der Christine ausgestaltel,
Sandreck
übte auch gestern, wie schon gelegentlich ihres verant
gegangenen Gasispiels, eine nachhalnige Wirkung an
e Hurer. Die Künsilerin, die an Lieblichkert der E¬
scheinung anderen Schauspielerinnen nachstehen Ma
die im Aussehen vielleicht nicht ganz unserer Ver¬
stellung von der vornehmezarten Christine entsprich¬
machte dies durch ihr inniges, wahres von echter
Leidenschaft beseeltes Spiel völlig vergessen.:
deitten Act, wo die Darstellerin
sonders
der seelischen Erschütterung bei der Nachrick
von dem tragischen Ausgang des Duells einer
wurde Fränlei
verlieh,
ergreifenden Ausdruck
Sandrock durch lebhaften Beifall und mehrmaligen
Hervorruf ausgezeichnet. Von den einheimischen Dar¬
stellern des „Lessing=Theaters“ wurde der Gast auf's
Trefflichste mierstutzt. Insbesondere waren die Dar¬
hietungen des Fräuleins Elvira Clemens und des
Herrn Pagay als Mizi und Hans Welring überan¬
anerkennenswerth. Der abschließende Einacter übte i
8 Gastes und des Herri.
der virtnosen „Darstellung
Jarno die ge Rücingungen.
7.50
inclusive
Für 5 Zeitungsauschnitte (Artikel oder Notizen) f
14.—
Porto,
25.—
100
Zahlbar
55.—
200
. 100.— im Vorsh.
500
„ 1000
Im Gegensatze zu anderen Bureaug für Zeitungsausschnitte istte
Abonnement durch keine bestimmte Zeitdauer begrenzt; — auch steht en
Abonnenten frei die aufgegebenen Themen zu ergänzen odler zu ändern.</Unicode>
            </TextEquiv>
        </TextRegion>
        <TextRegion orientation="0.0" id="r2" custom="readingOrder {index:1;}">
            <Coords points="1775,2898 1775,3286 1905,3286 1905,2898"/>
            <TextLine id="r2l1" custom="readingOrder {index:0;}">
                <Coords points="1772,2987 1799,2983 1812,2988 1826,2975 1835,2976 1843,2969 1872,2963 1870,2898 1861,2898 1856,2904 1852,2900 1844,2910 1838,2908 1817,2925 1808,2921 1799,2927 1788,2916 1770,2917"/>
                <Baseline points="1781,2959 1808,2957 1835,2956 1863,2957"/>
                <TextEquiv>
                    <Unicode>Für</Unicode>
                </TextEquiv>
            </TextLine>
            <TextLine id="r2l2" custom="readingOrder {index:1;}">
                <Coords points="1799,3137 1808,3136 1811,3138 1815,3134 1822,3135 1824,3133 1829,3133 1831,3135 1836,3129 1845,3128 1843,3101 1832,3102 1830,3100 1827,3103 1821,3103 1820,3105 1812,3104 1811,3106 1807,3106 1805,3104 1796,3105"/>
                <Baseline points="1807,3123 1835,3121"/>
                <TextEquiv>
                    <Unicode>„</Unicode>
                </TextEquiv>
            </TextLine>
            <TextLine id="r2l3" custom="readingOrder {index:2;}">
                <Coords points="1776,3217 1789,3215 1800,3222 1817,3222 1823,3217 1857,3222 1860,3218 1868,3225 1878,3222 1884,3227 1898,3220 1914,3223 1914,3184 1902,3184 1887,3173 1871,3182 1858,3175 1853,3179 1846,3172 1803,3181 1792,3170 1776,3170"/>
                <Baseline points="1785,3213 1815,3211 1845,3211 1875,3212 1905,3211"/>
                <TextEquiv>
                    <Unicode>Abonn</Unicode>
                </TextEquiv>
            </TextLine>
            <TextLine id="r2l4" custom="readingOrder {index:3;}">
                <Coords points="1767,3272 1780,3272 1794,3262 1842,3264 1868,3274 1884,3268 1902,3269 1900,3221 1872,3226 1859,3221 1847,3228 1823,3216 1818,3222 1803,3221 1791,3234 1766,3236"/>
                <Baseline points="1775,3257 1804,3252 1834,3251 1863,3252 1893,3251"/>
                <TextEquiv>
                    <Unicode>Abonn</Unicode>
                </TextEquiv>
            </TextLine>
            <TextEquiv>
                <Unicode>Für
„
Abonn
Abonn</Unicode>
            </TextEquiv>
        </TextRegion>
        <TextRegion orientation="0.0" id="r3" custom="readingOrder {index:2;}">
            <Coords points="1748,816 1748,3713 3183,3713 3183,816"/>
            <TextLine id="r3l1" custom="readingOrder {index:0;}">
                <Coords points="2256,836 2351,852 2447,851 2471,837 2487,848 2618,847 2655,835 2656,810 2554,782 2505,808 2446,810 2353,780 2319,794 2294,774 2256,777"/>
                <Baseline points="2264,837 2289,837 2314,837 2340,837 2365,838 2391,838 2416,838 2442,839 2467,839 2493,840 2518,840 2544,840 2569,840 2595,840 2620,840 2646,839"/>
                <TextEquiv>
                    <Unicode>Telefon 12801.</Unicode>
                </TextEquiv>
            </TextLine>
            <TextLine id="r3l2" custom="readingOrder {index:1;}">
                <Coords points="1967,926 2053,966 2978,939 2949,894 2827,880 2542,907 2206,877 1966,909"/>
                <Baseline points="1976,946 2025,944 2075,942 2124,941 2174,940 2224,939 2273,939 2323,939 2373,939 2422,939 2472,939 2522,939 2571,939 2621,939 2671,939 2720,938 2770,937 2820,936 2869,934 2919,931 2969,929"/>
                <TextEquiv>
                    <Unicode>Unternehmen für Zeitungs-Ausschnitte.</Unicode>
                </TextEquiv>
            </TextLine>
            <TextLine id="r3l3" custom="readingOrder {index:2;}">
                <Coords points="2843,983 2854,982 2879,1000 2897,990 2913,1000 2931,1000 2959,985 3029,977 3029,959 3011,960 2972,939 2960,947 2946,940 2910,947 2890,936 2876,948 2867,944 2842,949"/>
                <Baseline points="2851,985 2879,982 2907,980 2936,979 2964,979 2992,979 3021,979"/>
                <TextEquiv>
                    <Unicode>Aussehnitt</Unicode>
                </TextEquiv>
            </TextLine>
            <TextLine id="r3l4" custom="readingOrder {index:3;}">
                <Coords points="2144,1081 2893,1065 2960,1095 3146,1067 3146,1013 3011,981 2859,1031 2668,952 2566,985 2143,995"/>
                <Baseline points="2154,1081 2203,1075 2252,1071 2301,1068 2350,1066 2399,1065 2448,1064 2498,1064 2547,1065 2596,1065 2645,1066 2694,1067 2743,1067 2792,1067 2842,1067 2891,1067 2940,1065 2989,1062 3038,1059 3087,1055 3137,1049"/>
                <TextEquiv>
                    <Unicode>„OBSERVER“ Nr.39</Unicode>
                </TextEquiv>
            </TextLine>
            <TextLine id="r3l5" custom="readingOrder {index:4;}">
                <Coords points="1741,1159 3093,1156 3191,1136 3191,1091 1741,1120"/>
                <Baseline points="1750,1151 1821,1150 1893,1149 1964,1149 2036,1148 2108,1147 2179,1146 2251,1146 2323,1145 2394,1145 2466,1144 2538,1144 2609,1143 2681,1142 2753,1141 2824,1140 2896,1139 2968,1137 3039,1136 3111,1134 3183,1132"/>
                <TextEquiv>
                    <Unicode>L. österr. behördl. oonc. Burtau für Zeitungsberichte u. Personalnachrichten</Unicode>
                </TextEquiv>
            </TextLine>
            <TextLine id="r3l6" custom="readingOrder {index:5;}">
                <Coords points="1939,1236 3025,1231 3024,1188 2945,1162 2537,1194 2488,1167 1938,1180"/>
                <Baseline points="1948,1229 2001,1229 2054,1228 2108,1228 2161,1227 2215,1226 2268,1226 2321,1225 2375,1224 2428,1224 2482,1223 2535,1223 2588,1222 2642,1221 2695,1221 2749,1220 2802,1220 2855,1219 2909,1219 2962,1219 3016,1219"/>
                <TextEquiv>
                    <Unicode>Wien, IX/1, Türkenstrasse 17.</Unicode>
                </TextEquiv>
            </TextLine>
            <TextLine id="r3l7" custom="readingOrder {index:6;}">
                <Coords points="2149,1310 2570,1304 2637,1325 2796,1301 2796,1267 2677,1244 2627,1244 2577,1279 2498,1253 2464,1271 2387,1254 2149,1262"/>
                <Baseline points="2159,1302 2190,1301 2221,1300 2253,1299 2284,1299 2316,1299 2347,1298 2379,1298 2410,1298 2442,1298 2473,1298 2504,1298 2536,1298 2567,1298 2599,1297 2630,1297 2662,1296 2693,1295 2725,1294 2756,1293 2788,1292"/>
                <TextEquiv>
                    <Unicode>Fillale in Budapest: „Figyelö“</Unicode>
                </TextEquiv>
            </TextLine>
            <TextLine id="r3l8" custom="readingOrder {index:7;}">
                <Coords points="1844,1387 3102,1367 3101,1324 2832,1301 2752,1340 1843,1333"/>
                <Baseline points="1852,1378 1914,1378 1976,1377 2038,1376 2100,1375 2162,1374 2224,1373 2286,1372 2348,1370 2410,1369 2472,1368 2534,1367 2596,1366 2658,1365 2720,1364 2782,1363 2844,1362 2906,1362 2968,1361 3030,1361 3092,1361"/>
                <TextEquiv>
                    <Unicode>Vertretungen in Berlin, Chicago, London, Newyork, Paris, Stochholm.</Unicode>
                </TextEquiv>
            </TextLine>
            <TextLine id="r3l9" custom="readingOrder {index:8;}">
                <Coords points="2685,1470 2694,1470 2696,1468 2700,1472 2701,1470 2707,1472 2719,1461 2721,1463 2732,1463 2732,1427 2719,1427 2714,1432 2710,1429 2705,1432 2694,1427 2685,1427"/>
                <Baseline points="2694,1468 2722,1468"/>
                <TextEquiv>
                    <Unicode>„</Unicode>
                </TextEquiv>
            </TextLine>
            <TextLine id="r3l10" custom="readingOrder {index:9;}">
                <Coords points="1739,1506 2913,1528 2968,1521 2969,1453 2662,1485 2521,1439 2426,1467 2344,1437 2275,1478 2205,1445 1739,1450"/>
                <Baseline points="1748,1500 1808,1501 1869,1501 1929,1501 1990,1500 2050,1500 2111,1500 2171,1499 2232,1499 2292,1499 2353,1499 2414,1499 2474,1500 2535,1501 2595,1501 2656,1503 2716,1505 2777,1506 2837,1509 2898,1512 2959,1516"/>
                <TextEquiv>
                    <Unicode>Ausschnitt aus: Das Heins Sburdel (bernn)</Unicode>
                </TextEquiv>
            </TextLine>
            <TextLine id="r3l11" custom="readingOrder {index:10;}">
                <Coords points="1751,1663 1851,1655 1890,1680 1939,1662 1963,1685 1994,1665 2051,1686 2109,1670 2131,1693 2152,1683 2155,1604 1951,1593 1901,1619 1882,1606 1798,1617 1753,1604"/>
                <Baseline points="1761,1648 1786,1646 1812,1645 1837,1645 1863,1646 1888,1646 1914,1648 1939,1650 1965,1652 1990,1654 2016,1656 2041,1657 2067,1658 2092,1659 2118,1659 2144,1658"/>
                <TextEquiv>
                    <Unicode>von 6/5 □)</Unicode>
                </TextEquiv>
            </TextLine>
            <TextLine id="r3l12" custom="readingOrder {index:11;}">
                <Coords points="1956,1779 3010,1768 3046,1762 3045,1705 1955,1741"/>
                <Baseline points="1964,1774 2017,1775 2071,1775 2124,1775 2178,1775 2232,1774 2285,1773 2339,1772 2392,1771 2446,1769 2500,1768 2553,1766 2607,1765 2660,1763 2714,1762 2768,1761 2821,1760 2875,1759 2928,1758 2982,1758 3036,1758"/>
                <TextEquiv>
                    <Unicode>— Lessing=Theater. Wenn die Virtuosen sich zu gewisser¬</Unicode>
                </TextEquiv>
            </TextLine>
            <TextLine id="r3l13" custom="readingOrder {index:12;}">
                <Coords points="1901,1829 3025,1811 3052,1752 1900,1779"/>
                <Baseline points="1909,1820 1965,1820 2022,1819 2079,1819 2136,1818 2192,1817 2249,1816 2306,1814 2363,1813 2419,1812 2476,1810 2533,1809 2590,1807 2646,1806 2703,1805 2760,1803 2817,1802 2873,1801 2930,1800 2987,1799 3044,1798"/>
                <TextEquiv>
                    <Unicode>Jähreszeiten in Bewegung setzen, um die Bühnen gastrollend zu</Unicode>
                </TextEquiv>
            </TextLine>
            <TextLine id="r3l14" custom="readingOrder {index:13;}">
                <Coords points="1897,1866 3063,1825 2872,1799 1896,1830"/>
                <Baseline points="1905,1862 1962,1862 2020,1861 2077,1860 2135,1859 2192,1859 2250,1857 2307,1856 2365,1855 2422,1854 2480,1852 2537,1851 2595,1849 2652,1848 2710,1847 2767,1845 2825,1844 2882,1843 2940,1842 2997,1841 3055,1840"/>
                <TextEquiv>
                    <Unicode>durchqueren, machen sie es sich und dem Publikum ziemlich leicht,</Unicode>
                </TextEquiv>
            </TextLine>
            <TextLine id="r3l15" custom="readingOrder {index:14;}">
                <Coords points="1892,1911 2994,1887 3062,1853 1891,1872"/>
                <Baseline points="1901,1902 1958,1902 2016,1902 2073,1902 2131,1901 2189,1901 2246,1900 2304,1899 2361,1897 2419,1896 2477,1895 2534,1893 2592,1891 2649,1890 2707,1888 2765,1887 2822,1885 2880,1884 2937,1882 2995,1881 3053,1880"/>
                <TextEquiv>
                    <Unicode>indem sie ausschließlich ein altes, allgemein bekanntes Repertoire</Unicode>
                </TextEquiv>
            </TextLine>
            <TextLine id="r3l16" custom="readingOrder {index:15;}">
                <Coords points="1897,1957 2778,1918 3057,1948 3037,1875 1896,1916"/>
                <Baseline points="1905,1940 1962,1940 2019,1941 2076,1940 2133,1940 2190,1940 2247,1939 2305,1938 2362,1937 2419,1935 2476,1934 2533,1933 2590,1931 2647,1929 2705,1928 2762,1926 2819,1924 2876,1922 2933,1921 2990,1919 3048,1917"/>
                <TextEquiv>
                    <Unicode>mit auf die Reise nehmen, Rollen, die sie im Nothfall</Unicode>
                </TextEquiv>
            </TextLine>
            <TextLine id="r3l17" custom="readingOrder {index:16;}">
                <Coords points="1903,1992 3050,1974 3025,1931 2781,1918 1902,1954"/>
                <Baseline points="1912,1986 1968,1984 2024,1983 2081,1981 2137,1980 2194,1978 2250,1977 2306,1975 2363,1974 2419,1972 2476,1971 2532,1970 2588,1968 2645,1967 2701,1966 2758,1965 2814,1964 2870,1962 2927,1962 2983,1960 3040,1960"/>
                <TextEquiv>
                    <Unicode>ohne Hilfe des Souffleurs bewältigen könnten, und Stücke, deren</Unicode>
                </TextEquiv>
            </TextLine>
            <TextLine id="r3l18" custom="readingOrder {index:17;}">
                <Coords points="1905,2039 3052,2010 3015,1964 1904,1991"/>
                <Baseline points="1913,2027 1969,2025 2025,2023 2082,2022 2138,2020 2195,2019 2251,2017 2308,2016 2364,2015 2421,2014 2477,2013 2533,2011 2590,2010 2646,2009 2703,2008 2759,2007 2816,2006 2872,2004 2929,2003 2985,2002 3042,2000"/>
                <TextEquiv>
                    <Unicode>sich das Publikum mehr oder weniger gut erinnert. Das war</Unicode>
                </TextEquiv>
            </TextLine>
            <TextLine id="r3l19" custom="readingOrder {index:18;}">
                <Coords points="1907,2076 2952,2059 3059,2049 3058,2001 1906,2040"/>
                <Baseline points="1916,2070 1972,2067 2029,2065 2086,2063 2143,2061 2199,2059 2256,2057 2313,2056 2370,2054 2426,2053 2483,2052 2540,2050 2597,2049 2653,2048 2710,2047 2767,2046 2824,2045 2880,2044 2937,2042 2994,2041 3051,2040"/>
                <TextEquiv>
                    <Unicode>auch gestern wieder der Fall. Seit man in Frankreich ehescheidet,</Unicode>
                </TextEquiv>
            </TextLine>
            <TextLine id="r3l20" custom="readingOrder {index:19;}">
                <Coords points="1900,2123 3050,2080 3049,2048 2992,2042 1899,2083"/>
                <Baseline points="1908,2108 1964,2107 2021,2106 2077,2104 2134,2103 2191,2101 2247,2100 2304,2099 2361,2097 2417,2095 2474,2094 2531,2092 2587,2091 2644,2089 2701,2087 2757,2086 2814,2084 2871,2082 2927,2081 2984,2079 3041,2077"/>
                <TextEquiv>
                    <Unicode>und das geschieht schon seit geraumer Zeit, ist Sardou's</Unicode>
                </TextEquiv>
            </TextLine>
            <TextLine id="r3l21" custom="readingOrder {index:20;}">
                <Coords points="1903,2158 3069,2108 3044,2071 1902,2122"/>
                <Baseline points="1911,2149 1968,2147 2025,2146 2083,2144 2140,2142 2198,2140 2255,2138 2312,2137 2370,2135 2427,2133 2485,2131 2542,2129 2599,2128 2657,2126 2714,2124 2772,2123 2829,2122 2886,2120 2944,2119 3001,2118 3059,2117"/>
                <TextEquiv>
                    <Unicode>„Cyprienne“ ein geflügelter Name. Von wie vielen Darstellerinnen</Unicode>
                </TextEquiv>
            </TextLine>
            <TextLine id="r3l22" custom="readingOrder {index:21;}">
                <Coords points="1905,2194 3059,2165 3022,2123 1904,2157"/>
                <Baseline points="1914,2190 1970,2188 2027,2186 2084,2184 2141,2183 2198,2181 2254,2180 2311,2178 2368,2177 2425,2176 2482,2174 2538,2173 2595,2171 2652,2170 2709,2169 2766,2167 2822,2166 2879,2164 2936,2163 2993,2161 3050,2160"/>
                <TextEquiv>
                    <Unicode>haben wir diesen Namen seither tragen sehen! Und jede trug und</Unicode>
                </TextEquiv>
            </TextLine>
            <TextLine id="r3l23" custom="readingOrder {index:22;}">
                <Coords points="1908,2237 3058,2224 3061,2164 1907,2196"/>
                <Baseline points="1916,2229 1972,2229 2029,2228 2086,2227 2143,2226 2200,2224 2256,2222 2313,2220 2370,2219 2427,2216 2484,2215 2540,2213 2597,2211 2654,2209 2711,2208 2768,2207 2824,2206 2881,2206 2938,2207 2995,2208 3052,2210"/>
                <TextEquiv>
                    <Unicode>trägt ihn in der Weise, die ihr Talent bedingt. Abele¬</Unicode>
                </TextEquiv>
            </TextLine>
            <TextLine id="r3l24" custom="readingOrder {index:23;}">
                <Coords points="1908,2271 2973,2260 3058,2214 1907,2239"/>
                <Baseline points="1918,2272 1974,2271 2031,2269 2087,2267 2144,2266 2200,2264 2257,2262 2313,2261 2370,2259 2426,2257 2483,2255 2540,2254 2596,2252 2653,2251 2709,2249 2766,2248 2822,2247 2879,2245 2935,2244 2992,2243 3049,2242"/>
                <TextEquiv>
                    <Unicode>Sandnack, die Tragödin ersten Ranges, läßt bewundern,</Unicode>
                </TextEquiv>
            </TextLine>
            <TextLine id="r3l25" custom="readingOrder {index:24;}">
                <Coords points="1904,2313 3022,2296 3065,2232 2960,2265 1903,2272"/>
                <Baseline points="1913,2310 1970,2309 2027,2308 2084,2307 2141,2305 2199,2304 2256,2303 2313,2302 2370,2300 2427,2299 2485,2297 2542,2296 2599,2295 2656,2293 2713,2291 2771,2290 2828,2288 2885,2286 2942,2285 2999,2283 3057,2281"/>
                <TextEquiv>
                    <Unicode>wie sie der jungen Gattin allen Ernst nimmt und aus</Unicode>
                </TextEquiv>
            </TextLine>
            <TextLine id="r3l26" custom="readingOrder {index:25;}">
                <Coords points="1915,2354 3044,2342 3054,2290 1914,2315"/>
                <Baseline points="1924,2352 1980,2351 2036,2350 2092,2349 2148,2348 2204,2346 2260,2344 2316,2343 2372,2341 2428,2340 2485,2338 2541,2336 2597,2334 2653,2332 2709,2331 2765,2329 2821,2328 2877,2326 2933,2325 2989,2324 3046,2323"/>
                <TextEquiv>
                    <Unicode>ihr eine Frau macht, welche lediglich einer Laune felgt, indem</Unicode>
                </TextEquiv>
            </TextLine>
            <TextLine id="r3l27" custom="readingOrder {index:26;}">
                <Coords points="1914,2400 3025,2379 3057,2346 1913,2355"/>
                <Baseline points="1922,2393 1978,2392 2034,2390 2090,2388 2147,2387 2203,2385 2259,2384 2316,2383 2372,2381 2428,2380 2485,2378 2541,2377 2597,2376 2653,2374 2710,2372 2766,2371 2822,2370 2879,2369 2935,2368 2991,2366 3048,2365"/>
                <TextEquiv>
                    <Unicode>sie, ein wenig gelangweilt und ein wenig nach einem unschuldigen</Unicode>
                </TextEquiv>
            </TextLine>
            <TextLine id="r3l28" custom="readingOrder {index:27;}">
                <Coords points="1914,2437 3041,2416 3060,2374 1913,2399"/>
                <Baseline points="1922,2434 1978,2433 2035,2431 2091,2430 2148,2428 2204,2427 2261,2426 2317,2424 2374,2423 2430,2421 2487,2420 2543,2419 2600,2417 2656,2416 2713,2414 2769,2413 2826,2412 2882,2410 2939,2408 2995,2407 3052,2405"/>
                <TextEquiv>
                    <Unicode>Abenteuer suchend, eine kleine Entgleisung fingirt, um ihrem Gatten</Unicode>
                </TextEquiv>
            </TextLine>
            <TextLine id="r3l29" custom="readingOrder {index:28;}">
                <Coords points="1900,2476 3072,2442 3071,2412 2981,2410 1899,2444"/>
                <Baseline points="1909,2475 1966,2473 2024,2472 2081,2470 2139,2469 2197,2468 2254,2466 2312,2465 2370,2463 2427,2462 2485,2461 2543,2459 2600,2458 2658,2456 2716,2455 2773,2453 2831,2452 2889,2450 2946,2448 3004,2446 3062,2444"/>
                <TextEquiv>
                    <Unicode>die leichte Aufgabe zu stellen, sie zur alten Zärtlichkeit zurück¬</Unicode>
                </TextEquiv>
            </TextLine>
            <TextLine id="r3l30" custom="readingOrder {index:29;}">
                <Coords points="1909,2523 3042,2498 3066,2447 1908,2485"/>
                <Baseline points="1919,2518 1975,2516 2032,2514 2089,2511 2146,2510 2203,2507 2260,2506 2317,2504 2374,2503 2431,2501 2488,2500 2544,2498 2601,2497 2658,2496 2715,2494 2772,2492 2829,2491 2886,2489 2943,2488 3000,2486 3057,2484"/>
                <TextEquiv>
                    <Unicode>zuführen. Dieses Unternehmen will nicht tragisch genommen sein und</Unicode>
                </TextEquiv>
            </TextLine>
            <TextLine id="r3l31" custom="readingOrder {index:30;}">
                <Coords points="1912,2565 3064,2526 3009,2492 1911,2524"/>
                <Baseline points="1920,2556 1976,2554 2033,2553 2090,2551 2146,2550 2203,2548 2260,2546 2316,2545 2373,2543 2430,2542 2487,2540 2543,2539 2600,2537 2657,2536 2713,2534 2770,2533 2827,2532 2883,2531 2940,2529 2997,2528 3054,2527"/>
                <TextEquiv>
                    <Unicode>unsere Gattin geht einen Schritt weiter und parodirt es. Das hat</Unicode>
                </TextEquiv>
            </TextLine>
            <TextLine id="r3l32" custom="readingOrder {index:31;}">
                <Coords points="1908,2595 3000,2584 3069,2571 3068,2534 1907,2565"/>
                <Baseline points="1917,2598 1974,2597 2031,2594 2088,2593 2145,2591 2202,2589 2259,2588 2317,2586 2374,2584 2431,2583 2488,2581 2545,2580 2602,2578 2659,2577 2717,2575 2774,2574 2831,2573 2888,2571 2945,2570 3002,2569 3060,2567"/>
                <TextEquiv>
                    <Unicode>ohne Zweifel seine Berechtigung, denn wenn man sich den Vorgang in</Unicode>
                </TextEquiv>
            </TextLine>
            <TextLine id="r3l33" custom="readingOrder {index:32;}">
                <Coords points="1916,2643 3059,2610 3058,2574 1915,2602"/>
                <Baseline points="1924,2636 1980,2635 2036,2634 2092,2632 2149,2631 2205,2630 2261,2628 2318,2627 2374,2625 2430,2623 2487,2622 2543,2621 2599,2619 2655,2617 2712,2616 2768,2615 2824,2613 2881,2612 2937,2610 2993,2609 3050,2608"/>
                <TextEquiv>
                    <Unicode>der Ehe des gar nicht üblen Herren v. Prunelles und seiner</Unicode>
                </TextEquiv>
            </TextLine>
            <TextLine id="r3l34" custom="readingOrder {index:33;}">
                <Coords points="1909,2682 3038,2665 3067,2610 1907,2642"/>
                <Baseline points="1917,2679 1974,2678 2031,2677 2088,2675 2145,2674 2202,2672 2259,2670 2316,2669 2373,2667 2430,2666 2488,2664 2545,2662 2602,2660 2659,2658 2716,2656 2773,2655 2830,2653 2887,2651 2944,2650 3001,2648 3059,2647"/>
                <TextEquiv>
                    <Unicode>Cyprienne genau ansieht, so kommt man dahinter, daß der Titel</Unicode>
                </TextEquiv>
            </TextLine>
            <TextLine id="r3l35" custom="readingOrder {index:34;}">
                <Coords points="1909,2723 2905,2713 3066,2696 3065,2651 1908,2683"/>
                <Baseline points="1918,2722 1975,2720 2032,2718 2089,2716 2146,2713 2203,2712 2260,2710 2317,2708 2374,2707 2431,2705 2488,2704 2545,2702 2602,2701 2659,2700 2716,2698 2773,2697 2830,2695 2887,2694 2944,2692 3001,2690 3058,2689"/>
                <TextEquiv>
                    <Unicode>Lustspiel eine Falschmeldung ist und eigentlich Posse lauten</Unicode>
                </TextEquiv>
            </TextLine>
            <TextLine id="r3l36" custom="readingOrder {index:35;}">
                <Coords points="1904,2759 2974,2751 3072,2726 3071,2689 1903,2727"/>
                <Baseline points="1913,2760 1970,2759 2028,2757 2085,2756 2143,2754 2200,2753 2258,2752 2315,2750 2373,2749 2430,2747 2488,2745 2545,2744 2603,2743 2660,2741 2718,2739 2775,2738 2833,2736 2890,2735 2948,2733 3005,2731 3063,2729"/>
                <TextEquiv>
                    <Unicode>müßte. Adele Sandrock schafft eine sehr lustige</Unicode>
                </TextEquiv>
            </TextLine>
            <TextLine id="r3l37" custom="readingOrder {index:36;}">
                <Coords points="1917,2809 2971,2769 3054,2795 3067,2741 1916,2764"/>
                <Baseline points="1927,2803 1983,2801 2040,2799 2096,2797 2153,2796 2210,2794 2266,2793 2323,2791 2379,2790 2436,2788 2493,2787 2549,2786 2606,2784 2662,2783 2719,2781 2776,2780 2832,2777 2889,2776 2945,2774 3002,2772 3059,2769"/>
                <TextEquiv>
                    <Unicode>Figur. Ihre Cyprienne ist keine leichtsiynige, sondern eine</Unicode>
                </TextEquiv>
            </TextLine>
            <TextLine id="r3l38" custom="readingOrder {index:37;}">
                <Coords points="1911,2845 2876,2838 3074,2802 2921,2776 1910,2806"/>
                <Baseline points="1921,2842 1978,2841 2035,2840 2092,2839 2149,2837 2207,2836 2264,2834 2321,2833 2378,2831 2435,2829 2493,2827 2550,2826 2607,2824 2664,2822 2721,2821 2779,2819 2836,2817 2893,2815 2950,2814 3007,2813 3065,2812"/>
                <TextEquiv>
                    <Unicode>wohlerzogene Frau, die sich einen Spaß leistet. So ist diese</Unicode>
                </TextEquiv>
            </TextLine>
            <TextLine id="r3l39" custom="readingOrder {index:38;}">
                <Coords points="1917,2891 3069,2855 3068,2819 2964,2811 1916,2846"/>
                <Baseline points="1926,2883 1982,2882 2039,2881 2096,2880 2152,2878 2209,2877 2266,2875 2322,2874 2379,2872 2436,2870 2493,2868 2549,2867 2606,2865 2663,2863 2719,2861 2776,2860 2833,2858 2889,2857 2946,2856 3003,2855 3060,2854"/>
                <TextEquiv>
                    <Unicode>Leistung eine mit den liebenswürdigsten heiteren Nuancen</Unicode>
                </TextEquiv>
            </TextLine>
            <TextLine id="r3l40" custom="readingOrder {index:39;}">
                <Coords points="1915,2933 3035,2911 3066,2855 1914,2892"/>
                <Baseline points="1924,2924 1980,2922 2037,2920 2094,2919 2151,2917 2207,2915 2264,2914 2321,2912 2378,2911 2434,2909 2491,2908 2548,2907 2605,2905 2661,2904 2718,2902 2775,2901 2832,2899 2888,2898 2945,2896 3002,2895 3059,2893"/>
                <TextEquiv>
                    <Unicode>ausgestattete, eine Leistung wie die des eben aus der Flasche</Unicode>
                </TextEquiv>
            </TextLine>
            <TextLine id="r3l41" custom="readingOrder {index:40;}">
                <Coords points="1923,2969 3067,2944 3066,2916 2882,2897 1922,2928"/>
                <Baseline points="1932,2963 1988,2962 2044,2961 2100,2959 2157,2958 2213,2957 2269,2955 2325,2953 2382,2952 2438,2950 2494,2949 2550,2947 2607,2946 2663,2944 2719,2943 2775,2941 2832,2940 2888,2938 2944,2937 3000,2936 3057,2935"/>
                <TextEquiv>
                    <Unicode>fließenden Champaguers, schäumend, lebendig, perlend. Die Szene,</Unicode>
                </TextEquiv>
            </TextLine>
            <TextLine id="r3l42" custom="readingOrder {index:41;}">
                <Coords points="1912,3010 3002,2993 3144,2969 3144,2935 1911,2969"/>
                <Baseline points="1920,3006 1980,3003 2041,3001 2102,2999 2163,2997 2224,2995 2284,2994 2345,2993 2406,2991 2467,2991 2528,2989 2588,2988 2649,2987 2710,2985 2771,2984 2832,2982 2892,2980 2953,2977 3014,2975 3075,2972 3136,2968"/>
                <TextEquiv>
                    <Unicode>in welcher Cyprienne ihrem Gatten, der ihr ankündigt, nun käme sive</Unicode>
                </TextEquiv>
            </TextLine>
            <TextLine id="r3l43" custom="readingOrder {index:42;}">
                <Coords points="1910,3049 2973,3034 3123,2983 1910,3020"/>
                <Baseline points="1920,3044 1979,3043 2039,3042 2099,3040 2158,3039 2218,3038 2278,3037 2337,3035 2397,3034 2457,3033 2517,3031 2576,3030 2636,3028 2696,3026 2755,3025 2815,3022 2875,3020 2934,3018 2994,3015 3054,3012 3114,3008"/>
                <TextEquiv>
                    <Unicode>es zur Scheidung, glückselig um den Hals fällt, und die dann 9.</Unicode>
                </TextEquiv>
            </TextLine>
            <TextLine id="r3l44" custom="readingOrder {index:43;}">
                <Coords points="1925,3094 3103,3077 3069,3008 2975,3041 1924,3048"/>
                <Baseline points="1934,3086 1992,3084 2050,3082 2108,3079 2166,3078 2224,3076 2282,3075 2340,3073 2398,3072 2456,3071 2514,3070 2572,3068 2630,3067 2688,3066 2746,3065 2804,3064 2862,3062 2920,3061 2978,3060 3036,3058 3094,3056"/>
                <TextEquiv>
                    <Unicode>folgende, in der ihre Eifersucht erwacht, wurden von</Unicode>
                </TextEquiv>
            </TextLine>
            <TextLine id="r3l45" custom="readingOrder {index:44;}">
                <Coords points="1926,3130 3071,3104 3025,3060 1925,3094"/>
                <Baseline points="1934,3128 1990,3126 2046,3124 2103,3122 2159,3121 2216,3118 2272,3117 2328,3115 2385,3114 2441,3112 2498,3110 2554,3109 2610,3108 2667,3106 2723,3105 2780,3104 2836,3103 2892,3102 2949,3101 3005,3100 3062,3099"/>
                <TextEquiv>
                    <Unicode>verständnißinniger Heiterkeit des Publikums begleitet, sie</Unicode>
                </TextEquiv>
            </TextLine>
            <TextLine id="r3l46" custom="readingOrder {index:45;}">
                <Coords points="1923,3177 3088,3136 3076,3101 1922,3132"/>
                <Baseline points="1931,3170 1988,3169 2045,3167 2103,3165 2160,3163 2217,3161 2275,3159 2332,3158 2389,3156 2447,3155 2504,3153 2561,3152 2619,3151 2676,3149 2733,3148 2791,3146 2848,3145 2905,3143 2963,3141 3020,3140 3078,3138"/>
                <TextEquiv>
                    <Unicode>sind auch in einer ausgelassenen Burleske nicht wirkungs¬</Unicode>
                </TextEquiv>
            </TextLine>
            <TextLine id="r3l47" custom="readingOrder {index:46;}">
                <Coords points="1922,3218 3089,3196 3087,3136 1921,3178"/>
                <Baseline points="1931,3207 1988,3207 2045,3206 2103,3205 2160,3205 2218,3203 2275,3202 2333,3200 2390,3198 2448,3197 2505,3195 2562,3193 2620,3191 2677,3190 2735,3188 2792,3186 2850,3185 2907,3183 2965,3182 3022,3181 3080,3180"/>
                <TextEquiv>
                    <Unicode>voller darzustellen. In der ersterwähnten Szene schien Cyprienne</Unicode>
                </TextEquiv>
            </TextLine>
            <TextLine id="r3l48" custom="readingOrder {index:47;}">
                <Coords points="1924,3250 3077,3221 3076,3187 2975,3186 1924,3214"/>
                <Baseline points="1934,3251 1990,3249 2047,3247 2103,3245 2160,3243 2217,3242 2273,3240 2330,3238 2387,3237 2443,3236 2500,3234 2557,3233 2613,3231 2670,3230 2727,3229 2783,3227 2840,3226 2897,3225 2953,3224 3010,3223 3067,3221"/>
                <TextEquiv>
                    <Unicode>im Interesse dieser Wirkung sogar zu vergessen, daß sie eine Dame</Unicode>
                </TextEquiv>
            </TextLine>
            <TextLine id="r3l49" custom="readingOrder {index:48;}">
                <Coords points="1918,3303 3078,3273 3060,3225 2868,3221 1917,3258"/>
                <Baseline points="1927,3291 1984,3290 2041,3288 2098,3286 2155,3285 2212,3283 2269,3282 2326,3280 2383,3279 2440,3277 2497,3275 2554,3274 2611,3273 2668,3271 2725,3270 2782,3268 2839,3267 2896,3266 2953,3264 3010,3263 3068,3262"/>
                <TextEquiv>
                    <Unicode>sei. Herr Jarno gab das unglückliche Versuchskaninchen, den</Unicode>
                </TextEquiv>
            </TextLine>
            <TextLine id="r3l50" custom="readingOrder {index:49;}">
                <Coords points="1929,3330 3076,3318 3075,3271 1928,3302"/>
                <Baseline points="1938,3332 1994,3331 2050,3329 2107,3328 2163,3326 2220,3324 2276,3322 2332,3321 2389,3319 2445,3318 2502,3315 2558,3314 2614,3313 2671,3311 2727,3310 2784,3308 2840,3307 2896,3306 2953,3305 3009,3305 3066,3304"/>
                <TextEquiv>
                    <Unicode>Gratignan, und auch er faßte seine Aufgabe ausschließlich parodistisch</Unicode>
                </TextEquiv>
            </TextLine>
            <TextLine id="r3l51" custom="readingOrder {index:50;}">
                <Coords points="1923,3381 2930,3362 3048,3353 3085,3311 1922,3343"/>
                <Baseline points="1932,3374 1989,3372 2046,3370 2103,3369 2160,3366 2218,3364 2275,3362 2332,3361 2389,3359 2446,3357 2504,3355 2561,3353 2618,3351 2675,3350 2732,3348 2790,3347 2847,3346 2904,3346 2961,3345 3018,3345 3076,3345"/>
                <TextEquiv>
                    <Unicode>auf, keinen Moment auch nur beklagend, daß er zum Besten gehalten</Unicode>
                </TextEquiv>
            </TextLine>
            <TextLine id="r3l52" custom="readingOrder {index:51;}">
                <Coords points="1919,3423 2969,3408 3083,3396 3082,3362 1917,3377"/>
                <Baseline points="1927,3413 1984,3411 2041,3410 2099,3409 2156,3407 2213,3406 2271,3404 2328,3403 2385,3401 2443,3399 2500,3398 2557,3397 2615,3395 2672,3393 2729,3392 2787,3391 2844,3390 2901,3388 2959,3387 3016,3386 3074,3385"/>
                <TextEquiv>
                    <Unicode>wird. Den Gatten Cyprienne's gab Herr Carl Leisner sehr</Unicode>
                </TextEquiv>
            </TextLine>
            <TextLine id="r3l53" custom="readingOrder {index:52;}">
                <Coords points="1928,3465 3086,3438 3085,3399 3038,3389 1927,3417"/>
                <Baseline points="1937,3455 1996,3453 2056,3451 2116,3449 2176,3448 2236,3446 2296,3444 2356,3443 2416,3441 2476,3440 2536,3439 2596,3437 2656,3436 2716,3435 2776,3434 2836,3432 2896,3431 2956,3430 3016,3429 3076,3427"/>
                <TextEquiv>
                    <Unicode>sympathisch und elegant. Die übrigen Rollen sind keine, und</Unicode>
                </TextEquiv>
            </TextLine>
            <TextLine id="r3l54" custom="readingOrder {index:53;}">
                <Coords points="1922,3498 3035,3481 3081,3451 1921,3467"/>
                <Baseline points="1930,3496 1987,3494 2044,3492 2101,3491 2158,3489 2215,3487 2272,3485 2329,3484 2386,3482 2443,3481 2501,3479 2558,3477 2615,3476 2672,3475 2729,3473 2786,3472 2843,3471 2900,3471 2957,3470 3014,3470 3072,3470"/>
                <TextEquiv>
                    <Unicode>es ist nur zum Lobe der Darsteller und Darstellerinnen zu sagen,</Unicode>
                </TextEquiv>
            </TextLine>
            <TextLine id="r3l55" custom="readingOrder {index:54;}">
                <Coords points="1924,3542 3088,3503 3087,3463 1923,3497"/>
                <Baseline points="1932,3536 1989,3535 2046,3533 2104,3531 2161,3529 2219,3527 2276,3525 2333,3524 2391,3522 2448,3521 2506,3519 2563,3517 2620,3516 2678,3515 2735,3514 2793,3512 2850,3511 2907,3510 2965,3509 3022,3508 3080,3508"/>
                <TextEquiv>
                    <Unicode>daß sie ein gutes Eusemble bildeten. Den Schluß des Abends</Unicode>
                </TextEquiv>
            </TextLine>
            <TextLine id="r3l56" custom="readingOrder {index:55;}">
                <Coords points="1925,3579 3022,3566 3096,3560 3095,3510 1924,3542"/>
                <Baseline points="1935,3576 1992,3574 2050,3572 2107,3571 2165,3569 2222,3568 2280,3566 2337,3565 2395,3564 2452,3563 2510,3562 2568,3560 2625,3559 2683,3558 2740,3557 2798,3555 2855,3554 2913,3552 2970,3550 3028,3548 3086,3545"/>
                <TextEquiv>
                    <Unicode>bildete die geniale Anatolie Schnitzler's: „das Abschieds¬</Unicode>
                </TextEquiv>
            </TextLine>
            <TextLine id="r3l57" custom="readingOrder {index:56;}">
                <Coords points="1925,3631 3057,3602 3092,3555 1923,3573"/>
                <Baseline points="1933,3618 1990,3616 2048,3615 2105,3613 2163,3611 2220,3610 2278,3608 2335,3607 2393,3605 2450,3604 2508,3603 2566,3602 2623,3600 2681,3599 2738,3598 2796,3597 2853,3595 2911,3594 2968,3593 3026,3592 3084,3590"/>
                <TextEquiv>
                    <Unicode>souper“, bei welchem Adele Sandrock schon am vorgestrigen</Unicode>
                </TextEquiv>
            </TextLine>
            <TextLine id="r3l58" custom="readingOrder {index:57;}">
                <Coords points="1935,3668 2740,3639 2819,3672 2910,3634 3068,3657 3105,3600 1934,3623"/>
                <Baseline points="1943,3656 2000,3655 2058,3653 2115,3652 2173,3650 2231,3648 2288,3646 2346,3645 2404,3643 2461,3642 2519,3640 2577,3639 2634,3637 2692,3637 2750,3636 2807,3635 2865,3636 2923,3636 2980,3637 3038,3639 3096,3641"/>
                <TextEquiv>
                    <Unicode>Abend gesessen, deren lustige Leistung an dieser Stelle schon gepriesen,</Unicode>
                </TextEquiv>
            </TextLine>
            <TextLine id="r3l59" custom="readingOrder {index:58;}">
                <Coords points="2897,3682 2920,3688 2934,3684 2982,3700 3022,3689 3054,3699 3063,3692 3079,3696 3080,3644 3066,3645 3051,3634 3042,3643 3019,3648 3007,3639 2974,3635 2954,3649 2938,3636 2924,3643 2897,3636"/>
                <Baseline points="2906,3671 2933,3673 2961,3673 2988,3674 3016,3674 3043,3674 3071,3674"/>
                <TextEquiv>
                    <Unicode>J. St.</Unicode>
                </TextEquiv>
            </TextLine>
            <TextLine id="r3l60" custom="readingOrder {index:59;}">
                <Coords points="1940,3707 1963,3706 1978,3717 2016,3723 2051,3713 2057,3717 2069,3708 2096,3705 2118,3712 2143,3706 2142,3665 2084,3657 2061,3668 2050,3660 2027,3666 2005,3661 1995,3670 1939,3666"/>
                <Baseline points="1949,3703 1975,3701 2001,3701 2027,3700 2054,3699 2080,3699 2106,3699 2133,3699"/>
                <TextEquiv>
                    <Unicode>worden ist.</Unicode>
                </TextEquiv>
            </TextLine>
            <TextEquiv>
                <Unicode>Telefon 12801.
Unternehmen für Zeitungs-Ausschnitte.
Aussehnitt
„OBSERVER“ Nr.39
L. österr. behördl. oonc. Burtau für Zeitungsberichte u. Personalnachrichten
Wien, IX/1, Türkenstrasse 17.
Fillale in Budapest: „Figyelö“
Vertretungen in Berlin, Chicago, London, Newyork, Paris, Stochholm.
„
Ausschnitt aus: Das Heins Sburdel (bernn)
von 6/5 □)
— Lessing=Theater. Wenn die Virtuosen sich zu gewisser¬
Jähreszeiten in Bewegung setzen, um die Bühnen gastrollend zu
durchqueren, machen sie es sich und dem Publikum ziemlich leicht,
indem sie ausschließlich ein altes, allgemein bekanntes Repertoire
mit auf die Reise nehmen, Rollen, die sie im Nothfall
ohne Hilfe des Souffleurs bewältigen könnten, und Stücke, deren
sich das Publikum mehr oder weniger gut erinnert. Das war
auch gestern wieder der Fall. Seit man in Frankreich ehescheidet,
und das geschieht schon seit geraumer Zeit, ist Sardou's
„Cyprienne“ ein geflügelter Name. Von wie vielen Darstellerinnen
haben wir diesen Namen seither tragen sehen! Und jede trug und
trägt ihn in der Weise, die ihr Talent bedingt. Abele¬
Sandnack, die Tragödin ersten Ranges, läßt bewundern,
wie sie der jungen Gattin allen Ernst nimmt und aus
ihr eine Frau macht, welche lediglich einer Laune felgt, indem
sie, ein wenig gelangweilt und ein wenig nach einem unschuldigen
Abenteuer suchend, eine kleine Entgleisung fingirt, um ihrem Gatten
die leichte Aufgabe zu stellen, sie zur alten Zärtlichkeit zurück¬
zuführen. Dieses Unternehmen will nicht tragisch genommen sein und
unsere Gattin geht einen Schritt weiter und parodirt es. Das hat
ohne Zweifel seine Berechtigung, denn wenn man sich den Vorgang in
der Ehe des gar nicht üblen Herren v. Prunelles und seiner
Cyprienne genau ansieht, so kommt man dahinter, daß der Titel
Lustspiel eine Falschmeldung ist und eigentlich Posse lauten
müßte. Adele Sandrock schafft eine sehr lustige
Figur. Ihre Cyprienne ist keine leichtsiynige, sondern eine
wohlerzogene Frau, die sich einen Spaß leistet. So ist diese
Leistung eine mit den liebenswürdigsten heiteren Nuancen
ausgestattete, eine Leistung wie die des eben aus der Flasche
fließenden Champaguers, schäumend, lebendig, perlend. Die Szene,
in welcher Cyprienne ihrem Gatten, der ihr ankündigt, nun käme sive
es zur Scheidung, glückselig um den Hals fällt, und die dann 9.
folgende, in der ihre Eifersucht erwacht, wurden von
verständnißinniger Heiterkeit des Publikums begleitet, sie
sind auch in einer ausgelassenen Burleske nicht wirkungs¬
voller darzustellen. In der ersterwähnten Szene schien Cyprienne
im Interesse dieser Wirkung sogar zu vergessen, daß sie eine Dame
sei. Herr Jarno gab das unglückliche Versuchskaninchen, den
Gratignan, und auch er faßte seine Aufgabe ausschließlich parodistisch
auf, keinen Moment auch nur beklagend, daß er zum Besten gehalten
wird. Den Gatten Cyprienne's gab Herr Carl Leisner sehr
sympathisch und elegant. Die übrigen Rollen sind keine, und
es ist nur zum Lobe der Darsteller und Darstellerinnen zu sagen,
daß sie ein gutes Eusemble bildeten. Den Schluß des Abends
bildete die geniale Anatolie Schnitzler's: „das Abschieds¬
souper“, bei welchem Adele Sandrock schon am vorgestrigen
Abend gesessen, deren lustige Leistung an dieser Stelle schon gepriesen,
J. St.
worden ist.</Unicode>
            </TextEquiv>
        </TextRegion>
    </Page>
</PcGts>
