3436 4256
273 176 682 243 Liebelei
261 167 1243 278 LeheeI box 13/1
615 833 2395 911 dis 1 Meier hohe Böschung hinunter. Von den In= Montreal, 22. apte Kimnten Prrn
619 871 3334 953 sassen wurden eine Frau tödlich und mehrere Per= Flugzeug, das den deulschen Fliegern einen Ersatz=] „Diedeen#lr sie di der Ankunft
606 925 3342 993 sonen erheblich verletzt. Auf eine Mitteilung der propeller, Benzol und Reserveteile nach Greenly Is= der Gattin des Piloten der „Breme
3218 986 3289 1042 M
2660 1041 3319 1107 schamt!“ und in dem ergreifenden,
1613 1044 2670 1114 [rich Bettac mit angenehm weicher Stimme, der
813 1040 1482 1143 Stadttheater Dortmund
1618 1076 3328 1146 milde Vater Weiring von Edgar Kanisch und die zogenen Schlußakt. Der Realismu
1640 1127 3329 1187 gut charakterisierte Nachbarin Martha Hart=ider freilich nicht jedermanns Sache
901 1122 1409 1190 Gastspiel Käthe Dorsch.
1652 1168 3331 1208 manns. Weniger gefielen uns der robuste Theodorum ihr großes Können und war
664 1166 1654 1230 Wir hatten sie im vorigen Frühjahr hier schon kennen
1655 1204 3327 1259 Kaiser Olaf Bachs, die fesche Modistin, Mizzi der Pose, eine unübertreffliche Künstler
613 1219 1646 1274 und bewundern gelernt, in einem nicht eben bedeuten¬
1657 1225 3336 1284 Gretl Bukovics und der „Herr“ aus dem ersten gaben. Diesmal war auch das Stü
609 1260 1643 1327 den, aber ihrem naturhaften Talent angepaßten Stück,
651 1309 3340 1347 — es war „Die Flamme“ von Hans Müller. Diesmaj Akt von Jakob Feldhammer, aus denen sich ker erfaßt und das Ensemble bem#
618 1351 3334 1398 brachte sie uns zwei Schauspiele von wirklichen Dich= doch etwas mehr machen läßt. Der Beifall des sehr um charakteristisches Erfassen. Der pil
614 1339 3346 1432 tern und Dichtern der Wirklichkeit, in denen sie gleich= gut besuchten Hauses wurde nach und nach erst wärmer Edgar Kanisch, der forsche chol
2660 1381 3336 1442 [Olaf Bach, der weichliche, zur Ve
1656 1399 2481 1453 und zeugte zuletzt von großer Ergriffenheit.
622 1402 1669 1452 wohl und noch viel reicher ihre große Begabung lächeln
1697 1420 3345 1485 Der zweite Gastspiel=Abend, am Sonntag, brachte August Keil von Ulrich Bettac
618 1450 1659 1507 und weinen und leuchten lassen konnte. Am Samstag
1658 1457 3338 1521 Gerhart Hauptmanns Schauspiel „Rosekische Streckmann Jakob Feldhc
626 1483 1656 1542 spielte Frau Käthe Dorsch (Berlin) die Christine
1654 1492 3327 1566 [Bernd“ das aus dem Jahr 1903 stammt. Es geht kluge Frau Flamm Martha H
627 1534 1657 1585 in Arthur Schnitzlers hier viel zu wenig be¬
2659 1544 3331 1592 sympathischste Gestalt des tragische
1664 1553 2661 1605 einen starken Schritt weiter, greift tiefer in Leben und
614 1560 1655 1617 kanntem, fast nie gegebenen Schauspiel „Liebelei“
622 1614 3342 1641 (1895). Der Dichter gilt gemeinhin nur als der Ver=Tragik, stellt der Darsteklerin der Titelrolle eine noch alle gaben ihr Bestes. In den Neben
2659 1619 3341 1674 Bukovics, Berta Monnar
620 1616 2674 1686 mittler wienerischer Sentimentalität und Heiterkeit mit schwierigere Aufgabe. Es ist die Tragödie des ver¬
618 1646 3327 1712 dem Unterton des Leichtfertigen; doch das ist entschie= führten Mädchens, das zur Kindesmörderin wird. Diellenko zu nennen; auch wirkten in
620 1700 3336 1752 den ungerecht. Schnitzler zeigt sich im Dramatischen, begeisterten Anhänger des Dichters lieben es, hierbei noch einige hiesige Kräfte aushilfsn
2660 1711 3349 1779 ren Bading, Gaick und Dü
629 1731 2680 1797 wie im Novellistischen, in früherem, wie in vielem spä= Vergleiche mit der Gretchen=Tragödie in Goethes
2661 1768 3334 1816 [Naß und Joeres. Das wiede
2075 1770 2673 1835 Es wird jedoch am besten sein,
1661 1776 2093 1842 „Faust“ zu ziehen ...
623 1788 1663 1839 ter Geschaffenen als feinliniger Künstler und als See¬
1658 1811 3334 1867 wenn man derlei aus dem Wege geht und sich mit dem spendete nach dem dramatischen drit
625 1823 1672 1894 lenkenner. Seine „Liebelei“ zumal ist mehr als eine
1664 1842 3340 1908 Dichter auf den Boden der Wirklichkeit stellt, aus der ders am Schluß lebhafte Zustimmu#
629 1867 1657 1931 zwischen ernster, wahrer Liebe und leichtsinniger, fla¬
2660 1885 3342 1946 deutende Darstellerin mehrmals her
1658 1887 2678 1942 auch dieses Drama folgerichtig und reif emporgewach¬
621 1902 1669 1949 cher Liebelei schwankende Schaukel, die das Leben in
1664 1927 2681 1979 sen ist, ein rein=menschliches, wirkungsvoll gestaltetes
628 1937 1669 2001 Bewegung setzt; es ist ein Volksstück von schlichter
1658 1954 2689 2022 Dokument für die Worte: „Wer hebt den ersten Stein
626 1977 1680 2032 Zeichnung und gemütvoller Art. Es hat einen ethischen
2517 1999 2684 2059 Haupt¬
2925 1986 3337 2075 Burgwalltheat
1660 2002 2417 2060 auf?“ und „Verstehen heißt Verzeihen“.
625 2025 1659 2075 Hintergrund, und wir haben ihm leider nur ganz we¬
1658 2025 2679 2096 mann führt uns in die Nähe eines Dorfes seiner schle¬
623 2058 1670 2130 nige zur Seite zu stellen. Christine liebt Fritz, dem sie
2862 2049 3335 2126 Zum den Male: „P
1660 2087 2690 2137 sischen Heimat. Der hübschen frischen Rose stellen die
631 2087 1672 2142 sich hingibt, aufrichtig und ernst. Doch sie bedeutet ihm
2711 2101 3333 2173 Was ist eine Operette? Oft gen
1660 2122 2690 2179 Männer nach, am meisten Christoph Flamm, den sie
634 2120 1672 2182 nur eine sogenannte „Liebelei“ um loszukommen von
2666 2151 3339 2213 Schmalzbrühe falscher Kulissenlieb
1671 2154 2671 2213 liebt und der an eine kranke Frau gefesselt ist, und Ar¬
636 2166 1673 2227 dem Verhältnis zu einer verheirateten Frau, deren
1664 2202 2678 2250 thur Streckmann, der die beiden beobachtet hat und
2679 2198 3334 2249 Zweideutigkeiten, verdünnt mit ur
634 2195 1671 2273 Gatte es entdeckt hat. Auf dem Weg zu dem Duell mit
2666 2228 3341 2286 gerichtet mit Unmengen himbeer
632 2240 2676 2298 ihm hat Fritz auch von ihr, auch von Christine ge=nun sie zwingt, sich ihm gleichfalls hinzugeben. In
2678 2278 3333 2329 talität, serviert auf einer musikali
627 2292 2674 2335 sprochen, die ihm vielleicht das ersehnte, stille Glück ge= einem vom Zaun gebrochenen Streit mit dem Buchbin¬
2680 2312 3332 2363 kitschig, zusammengestohlen, platt
632 2301 2680 2380 worden wäre. Freund und Freundin, die das Leben der Keil, ihrem Bräutigam, schlägt Streckmann diesem
2677 2355 3342 2400 des Wortes ist — also im ganzene#
626 2349 2683 2425 leichter nehmen, wollen ihr seinen Tod (er ist im Duell ein Auge aus. In der Beleidigungsklage, die der alte
2672 2388 3345 2439 Menschen mundet, deren Geschmac
630 2387 2673 2471 gefallen) schonend beibringen; aber sie errät alles und Bernd nun, um den Ruf seiner Tochter zu retten, vor
2675 2431 3334 2481 wöhnt und auf Leckerbissen eingestc
637 2437 2678 2481 reißt in ihrem Schmerz sich los. Der Vater, ein präch= Gericht bringt kommt alles an den Tag: Flamm, der
639 2456 2687 2531 tig gezeichneter alter Musikant, Geiger am Josephstäd= als Zeuge erschien, ist der Vater ihres Kindes und
2728 2465 3337 2532 Was ist nun aber eine burle#
2679 2497 3341 2567 wir heute abend sahen, etwas wes
633 2484 2670 2572 tischen Theater, dem sie alles anvertraut hat, bricht zu= Rose hat, weil sie sich schämte, einen Meineid geschwo¬
1657 2543 2684 2595 ren. In der Verzweiflung hat sie dann an den Wei¬
2670 2535 3336 2610 benannte sich „Pit Pit“ und war
635 2548 1672 2608 sammen denn er weiß: „Sie kommt nicht wieder“...
1648 2577 2678 2637 den ihr Kind erwürgt; in die Enge getrieben, gesteht
2672 2589 3337 2644 Persiflage auf das, was man s#
637 2590 1594 2660 Er hat sie genauer gekannt als die anderen alle.
1659 2617 2682 2672 sie es ein. Der Vater, der Kirchenvorsteher ist, sagt sich
2683 2632 3315 2674 nennt. — Ein Amerikaner ist Pit
688 2621 1674 2674 Leider ist das liebe Stück, das nicht mehr gibt als
631 2641 2685 2710 es geben will, mit der Zeit doch etwas verblaßt, was von ihr los, und nur der gutmütige, frömmelnde Keil
2674 2644 3313 2715 Filmdichter dazu. Er hungert. B
628 2673 2678 2770 besonders in dem etwas matten zweiten Akt fühlbarl findet die Worte: „Das. Mädel, was muß die gelitten
2674 2690 3326 2747 den Polizeisergeanten der 42. Pol
630 2725 2673 2801 wurde, zumal es auch ganz im Charakter seiner Zeit haben!" Es liegt eine herbe Anklage gegen die Star¬
2680 2740 3332 2793 york, Aida Punch. Lernt den Pol
639 2761 2682 2834 gespielt und nirgends mit stärkeren, wirksameren Far=ken und Mitleid mit den Schwachen in diesen Vorgän¬
2682 2770 3341 2829 nen, in natura Miß Evelyn Car
1667 2800 2684 2855 gen, die sast typisch sein können und durch die Men¬
641 2815 1679 2873 ben aufgetragen wurde. Auch die Christine der Frau
2676 2825 3345 2873 (Wir sind in Amerika!) Sie lieben
1666 2832 2687 2905 schengestaltung und Psychologie des Dichters für sich
2676 2862 3329 2911 natürlich), was aber erst im 3. Akt
636 2849 1677 2921 Käthe Dorsch, um deren stets natürliche, ergrei¬
1674 2888 2678 2930 gewinnen. Fehler des Stückes ist, wie in der „Liebe¬
645 2877 1669 2951 fende Leistung sich alles gruppierte, war für unser
2675 2889 3337 2950 bruch kommt. — Dann ist da noch
1665 2917 2682 2976 lei“, die gewisse Einseitigkeit der Charakterzeichnung
644 2927 1678 2984 Empfinden ein klein wenig zu farblos gehalten. Zwar
2675 2922 3338 2988 weltberühmter Filmschauspieler u
650 2959 2683 3017 war sie rührend in ihrem ungezwungenen Erfassen, und die schleppende Anlage der beschließenden Aufzüge.
2685 2978 3334 3027 mann, eine Amerikanerin mit un
649 2984 2689 3058 weich in Erscheinung und Rede. ganz in dem Gelieb= Das ernste Problem hat seine gefährlichen Tiefen; doch
1673 2997 3349 3086 es kann nichts schaden wenn von Dichterhand daran Und dann eine unglaubliche Mo
642 3038 1686 3096 ten aufgebend, dann ales vergessend in ihrer Ahnung,
1672 3036 3331 3129 gerührt und große Schäden, wie Erschütterungen an= diese Leutchen hineinverwickelt sin
647 3079 1688 3143 ihrem Aufschrei, dem der geöffnete Mund fassungslos,
1670 3083 3336 3166 gebahnt werden. Der Gehalt und Wert auch dieses sches Flugzeugtempo und Schmi
644 3106 1680 3180 lautlos nachsann. Und doch: wie anders noch erschütterte
1679 3127 3338 3195 Stückes kann für denkende, gereifte Menschen mit der Sarophon und Witz und Tempo un
648 3140 1688 3217 Agnes Sorma in der gleichen Rolle, die aus unsäglicher
2673 3169 3338 3217 und — kein Tropfen Sentimentalit#
1677 3181 2039 3250 Zeit nur wachsen.
648 3195 1672 3251 Liebenswürdigkeit in unsagbares Elend sich verzerrte.
2674 3208 3340 3260 ist die „burleske Operette“ Pit Pi
1724 3198 2690 3270 Käthe Dorsch bot hier eine noch weit packendere
653 3216 1694 3297 Es liegt wohl daran, daß das Stück als Ganzes zu
2681 3233 3327 3302 ber ist, als vieles Andere, was
1681 3245 2685 3310 Leistung als am ersten Abend. Ihre Rose Bernd war
651 3267 1679 3331 wenig herausgearbeitet war und daß auch die Mitspie¬
2690 3275 3332 3337 dieses Winters als Operette präse
1682 3282 2685 3351 triebhaft, naturbefangen. Aufflammend, sich wehrend,
639 3298 1687 3362 ler alle auf denselben Ton gestimmt waren, natürlich
642 3361 3328 3402 mi: Absicht und insofern mit gutem Gelingen. Da war unterliegend, bot sie ihr Bestes in dem vierten Aufzugl nug, wenn auch vom Besten seiner
634 3415 3070 3452 der von leichter Wehmut überschattete Fritz von Ul=mit dem wiederholten Geständnis: „Ich hab' mich ge=langweilig war. —
