3532 4224
510 166 873 241 Liebelei
330 147 1467 283 5. L box 12/6
1378 1439 2356 1534 Sensation im guten oder im bösen hängte. Und
1389 1504 2355 1554 wenn Arthür Schnitzler heute feststellen kann, daß das
1385 1556 2358 1607 meiste, was er geschrieben, durch die Zeit nichts von sei¬
1390 1601 2355 1659 ner frischen Wirkungskraft verloren hat, daß auch seine
1392 1638 2363 1688 ersten Werke, vom Anatol angefangen, noch mit
1388 1678 2345 1730 tiefem Genuß ausgenommen werden, so dankt er das
1382 1722 2357 1780 zum Teil auch dem Umstand, daß seine Dichtungen
1385 1767 2358 1818 nie in den heftigsten Partei- und Literatenstreit
1378 1812 1937 1872 mit hineingezogen wurden.
1439 1857 2352 1914 Drei wertvolle Einakter von Schnitzler brachte
1372 1907 2347 1962 am Donnerstag das Neue Theater, davon
1383 1949 2354 2006 zwei „zum ersten Mal“, zu Gehör. Es sind kleine
1384 1996 2344 2059 Schauspiele, die ungemein charakteristisch sind für
555 2019 1090 2106 (Quellanangabe ohne Gewant.)
1376 2026 2354 2090 den Dichter, der mit der tiefsten Einsicht in die
692 2064 1290 2163 rankfurter Nachrichter.
1374 2076 2359 2133 dunkelsten Irrgänge der Seele eine blendende Be¬
1380 2124 2373 2194 herrschung der dramatischen Form besitzt. Die
401 2114 1250 2231 sschnitt außagd Intelligens Bln1,
1387 2177 2362 2225 wundersame Figur des großen Theophrastus
509 2151 1197 2302 ASteWih antiturt u. 91.
1380 2210 2358 2254 erschien zuerst. Während hier Schnitzler sich die
401 2225 505 2278 1:
482 2226 533 2320 —
1385 2250 2358 2311 überraschenden Wirkungen des Hypnotismus, wie
1383 2300 2361 2364 mancher Autor fünften Ranges nach ihm, für den
1389 2341 2362 2403 szenischen Effekt zunutze macht, bietet er dem Zu¬
1393 2390 2366 2443 schauer Worte und Einsichten tiefer Weltweisheit.
412 2372 1002 2481 Schnitzler-Abend
1386 2432 2354 2489 Den hoheitsvollen, fast übermenschlichen Paracel¬
1389 2475 2352 2534 sus stellte Eugen Klöpfer mit eindringlicher
722 2460 1376 2554 —i=Neuer. Theater.
1383 2517 2364 2583 Gewalt dar, ein Schauspieler, der sich zur kräf¬
409 2530 1380 2602 Paracelsus — Die Gefährtin — Der grüne Kakadu.
1385 2558 2343 2607 tigsten Stütze dieses Theaters auswächst und der
1400 2601 2358 2666 auch in den folgenden Stücken die Hauptrollen
463 2597 1384 2669 Arthur Schnitzler ist vielleicht der glücklichste
1389 2653 2357 2709 vertrat. Neben ihm war es Marya Leiko, die,
413 2639 1385 2706 unserer Dramatiker. Nie hat die maßgebende Kri¬
1392 2695 2357 2752 unterstützt durch ihre stille blonde Anmut, die schau¬
422 2699 1387 2749 kik seine Bedeutung verkannt, und wenn sie ihm
1398 2742 2366 2801 spielerische Darstellung auf reiner künstlerischer
402 2740 1387 2813 unter den führenden Dichtern der Gegenwart auch
1392 2763 2373 2838 Höhe festhielt. Während sie im ersten Akt die be¬
404 2796 1380 2846 niemals den allerersten Platz zugesprochen hat, so
1386 2816 2372 2881 scheidene, im Glück gesicherte Bürgersfrau verkör¬
409 2829 1386 2889 doch stets die nächste Anwartschaft darauf. Und
1389 2865 2360 2936 perte, die doch, wie wir zugleich mit ihrem über¬
414 2870 1386 2927 während schroff ablehnende, lärmend schmähende
1392 2915 2362 2975 raschten Gatter sehen dürfen, hinter ihrer frau¬
403 2909 1388 2976 Kritik den Wiener Poeten niemals persönlich an¬
1388 2970 2358 3021 lichen Zucht in ihrer innersten Natur unendliche
413 2957 1383 3009 griff, ist ihm auch das Bühnenglück, von ein paar
1389 3002 2362 3058 Entwicklungsmöglichkeiten verschließt, verwandelte
413 3009 1388 3059 Entgleisungen abgesehen, stets treu geblieben. Die
1389 3048 2367 3107 sie sich zum Schluß in die bestrickende Leocadie des
406 3053 1393 3095 Wandlungen in der Gunst des Publikums und der
1383 3095 2361 3148 wildbewegten Einakters „Der grüne Kakadu“, in
408 3093 1381 3163 Kritik, wie sie u. a. Halbe, Sudermann, und selbst
1397 3135 2362 3191 das zur Dirne geborene Weib, das unbedingt treu¬
420 3139 1377 3197 ein Hauptmann durchzumachen hatten, sind
1393 3160 2368 3235 lose, alle begehrende, von allen begehrte. Marya
420 3184 1388 3241 Schnitzler erspart geblieben. Er hat auf der deut¬
411 3220 2373 3277 schen Bühne seinen stetigen Weg gehey dürfen, ohne Leiko vermochte in beiden Rollen stilgemäß und
414 3262 2427 3344 daß sich an die Aufführungen seinet Werke je die mit feinem Takt ihre Aufgabe zu erfüllen. Befrie=1t
3259 1352 3342 1428 ir
2355 1449 3343 1532 digend wirkte auch Herr Heding im „Paracelsus“
2363 1511 3353 1568 als der selbstsichere, doch endlich in seiner Philister¬
2361 1565 3347 1610 ruhe aufgestörte Cyprian. Frl. Fuchs sollte sich
2369 1594 3345 1655 in solchen Stücken des neckischen Getues enthalten.
2410 1636 3346 1687 Im zweiten Stück „Die Gefährtin“ fesselte
2368 1678 3350 1749 Eugen Klöpfer die Aufmerksamkeit ganz allein auf
2359 1725 3340 1789 sich. Frau Bronsgeest konnte gegen seine in mäch¬
2362 1771 3342 1828 tiger Steigerung anschwellende Gefühlskraft nicht
2360 1816 3348 1889 an. Kurt v. Möllendorf erledigte sich seiner klei¬
2357 1860 3236 1913 nen Aufgabe in angemessen sicherer Haltung.
2409 1882 3347 1966 Das letzte Bild „Der grüne Kakadu“ wurde
2358 1941 3335 2015 hier schon früher, wie überall mit großer Wirkung,
2361 1995 3336 2055 aufgeführt. Wild und aufregend, wie dies Stück
2368 2040 3341 2092 über die Bühne braust, glaubt man darin wie durch
2357 2076 3348 2137 einen schmalen Sehschlitz in die furchtbaren
2364 2122 3349 2169 Wogen der französischen Revolution zu schauen, die
2368 2164 3341 2228 mehr als einen Thron umstürzten, die noch heut eins
2360 2212 3347 2257 der ungeheuersten Erlebnisse der Menschheit bedeuten.
2358 2257 3343 2302 Das Bild kam bei der gestrigen Aufführung zu sehr
2359 2300 3347 2355 starker Wirkung dank der geschickten Inszenierung
2360 2337 3372 2399 durch Direktor Hellmer und recht ansehnliche Ein¬
2363 2383 3356 2442 gelleistungen. Außer den schon erwähnten Künst¬
2362 2423 3340 2481 lern zeichneten sich hier besonders Robert Grü¬
2371 2478 3291 2535 ning, Paul Gewinner und Max Reimann aus.
2419 2512 3339 2572 Das Publikum nahm warmen Ankeil an den
2367 2554 3345 2622 dichterischen Werken und ihrer wüldigen Wieder¬
3147 2608 3318 2674 Fr. S.
2369 2607 2497 2677 gabe.
2403 2651 2906 2759 Lndwig Ganaketm
