<?xml version="1.0" encoding="UTF-8" standalone="yes"?>
<PcGts xmlns="http://schema.primaresearch.org/PAGE/gts/pagecontent/2013-07-15" xmlns:xsi="http://www.w3.org/2001/XMLSchema-instance" xsi:schemaLocation="http://schema.primaresearch.org/PAGE/gts/pagecontent/2013-07-15 http://schema.primaresearch.org/PAGE/gts/pagecontent/2013-07-15/pagecontent.xsd">
    <Metadata>
        <Creator>prov=University of Rostock/Institute of Mathematics/CITlab/Gundram Leifert/gundram.leifert@uni-rostock.de:name=ONB_Newseye_GT_M1+(htr_id=10810)::::v=2.4.2
prov=University of Rostock/Institute of Mathematics/CITlab/Tobias Gruening/tobias.gruening@uni-rostock.de:name=de.uros.citlab.module.baseline2polygon.B2PSeamMultiOriented:v=2.4.2
prov=University of Rostock/Institute of Mathematics/CITlab/Tobias Gruening/tobias.gruening@uni-rostock.de:name=/mnt/transkribus/LA/DEA/URO/LA_news_onb_att.pb:de.uros.citlab.segmentation.CITlab_LA_ML:v=2.4.2
Transkribus</Creator>
        <Created>2019-10-07T12:00:50.691+02:00</Created>
        <LastChange>2019-10-09T15:50:14.237+02:00</LastChange>
        <TranskribusMetadata docId="223992" pageId="9509570" pageNr="1453" tsid="16674540" status="IN_PROGRESS" userId="40391" imgUrl="https://files.transkribus.eu/Get?id=UAQXJLSJGVYOWESFQDUVZWVK&amp;fileType=view" xmlUrl="https://files.transkribus.eu/Get?id=QPDMDOPEWHJFEUXMMQPNFKYH" imageId="6198348"/>
    </Metadata>
    <Page imageFilename="223992_1453.jpeg" imageWidth="3484" imageHeight="4224">
        <ReadingOrder>
            <OrderedGroup id="ro_1711446310157" caption="Regions reading order">
                <RegionRefIndexed index="0" regionRef="r1"/>
                <RegionRefIndexed index="1" regionRef="r2"/>
                <RegionRefIndexed index="2" regionRef="r3"/>
                <RegionRefIndexed index="3" regionRef="r4"/>
            </OrderedGroup>
        </ReadingOrder>
        <TextRegion orientation="0.0" id="r1" custom="readingOrder {index:0;}">
            <Coords points="256,213 256,3336 1633,3336 1633,213"/>
            <TextLine id="r1l1" custom="readingOrder {index:0;}">
                <Coords points="840,228 889,250 1130,241 1166,256 1200,234 1239,245 1296,225 1297,185 1083,173 1042,196 952,198 893,181 866,199 840,192"/>
                <Baseline points="848,235 873,235 899,234 925,234 951,235 977,235 1003,236 1029,237 1055,237 1080,238 1106,238 1132,238 1158,239 1184,239 1210,238 1236,237 1262,236 1288,234"/>
                <TextEquiv>
                    <Unicode>box 12/8</Unicode>
                </TextEquiv>
            </TextLine>
            <TextLine id="r1l2" custom="readingOrder {index:1;}">
                <Coords points="309,245 684,247 682,173 634,205 578,176 528,188 487,175 428,204 391,185 308,195"/>
                <Baseline points="317,243 342,241 368,241 393,239 419,239 445,238 470,238 496,238 522,237 547,237 573,237 599,236 624,236 650,235 676,234"/>
                <TextEquiv>
                    <Unicode>Liebelei</Unicode>
                </TextEquiv>
            </TextLine>
            <TextLine id="r1l3" custom="readingOrder {index:2;}">
                <Coords points="314,275 422,287 551,269 589,282 660,264 740,274 739,227 707,238 631,230 616,242 574,225 513,244 314,244"/>
                <Baseline points="322,262 347,263 373,263 398,263 424,263 449,263 475,262 500,262 526,261 552,261 577,260 603,259 628,259 654,258 679,257 705,256 731,255"/>
                <TextEquiv>
                    <Unicode>e e  en ene ehe</Unicode>
                </TextEquiv>
            </TextLine>
            <TextLine id="r1l4" custom="readingOrder {index:3;}">
                <Coords points="814,1002 884,1016 916,1000 967,1023 1017,1003 1083,1017 1118,1004 1158,1022 1180,1012 1242,1024 1244,964 1169,963 1113,942 982,958 817,916"/>
                <Baseline points="822,989 847,988 873,988 899,987 925,987 951,988 976,988 1002,990 1028,990 1054,992 1080,993 1105,994 1131,996 1157,997 1183,999 1209,1000 1235,1002"/>
                <TextEquiv>
                    <Unicode>#. Snum anme amme </Unicode>
                </TextEquiv>
            </TextLine>
            <TextLine id="r1l5" custom="readingOrder {index:4;}">
                <Coords points="441,1088 1360,1117 1361,1054 1302,1023 991,1039 443,1006"/>
                <Baseline points="450,1069 495,1071 540,1072 585,1074 630,1075 675,1076 720,1078 765,1080 810,1081 855,1083 901,1084 946,1086 991,1087 1036,1088 1081,1089 1126,1090 1171,1091 1216,1091 1261,1091 1306,1091 1352,1090"/>
                <TextEquiv>
                    <Unicode>Arthur Schnitzler: „Liebelei“.</Unicode>
                </TextEquiv>
            </TextLine>
            <TextLine id="r1l6" custom="readingOrder {index:5;}">
                <Coords points="515,1142 730,1188 837,1158 1063,1164 1160,1198 1209,1170 1271,1198 1272,1136 1179,1115 615,1120 516,1096"/>
                <Baseline points="522,1143 559,1145 596,1147 633,1149 670,1151 707,1153 744,1154 781,1155 818,1157 855,1158 893,1159 930,1160 967,1161 1004,1162 1041,1162 1078,1163 1115,1163 1152,1163 1189,1163 1226,1163 1264,1163"/>
                <TextEquiv>
                    <Unicode>Staatliches Schiller=Theater.</Unicode>
                </TextEquiv>
            </TextLine>
            <TextLine id="r1l7" custom="readingOrder {index:6;}">
                <Coords points="338,1219 1502,1247 1471,1179 1215,1207 339,1180"/>
                <Baseline points="346,1207 403,1211 460,1214 518,1216 575,1218 633,1220 690,1221 747,1223 805,1224 862,1225 920,1226 977,1227 1034,1228 1092,1229 1149,1230 1207,1231 1264,1232 1321,1233 1379,1235 1436,1237 1494,1239"/>
                <TextEquiv>
                    <Unicode>Christine, das naiv=gutgläubige Mädel aus dem Volke, das sich</Unicode>
                </TextEquiv>
            </TextLine>
            <TextLine id="r1l8" custom="readingOrder {index:7;}">
                <Coords points="294,1255 1258,1297 1476,1290 1508,1249 295,1217"/>
                <Baseline points="301,1255 364,1257 427,1258 490,1260 553,1262 616,1264 679,1266 742,1267 805,1269 868,1270 932,1272 995,1273 1058,1275 1121,1276 1184,1278 1247,1279 1310,1280 1373,1281 1436,1283 1500,1284"/>
                <TextEquiv>
                    <Unicode>in einen etwas dekadenten Jüngling verliebt, so aufrichtig verliebt,</Unicode>
                </TextEquiv>
            </TextLine>
            <TextLine id="r1l9" custom="readingOrder {index:8;}">
                <Coords points="283,1307 1472,1340 1500,1296 284,1252"/>
                <Baseline points="291,1301 351,1302 411,1303 471,1304 531,1306 591,1307 651,1308 711,1310 771,1311 831,1312 891,1314 951,1315 1011,1316 1071,1317 1131,1318 1191,1320 1251,1320 1311,1321 1371,1322 1431,1323 1492,1323"/>
                <TextEquiv>
                    <Unicode>daß sie, als eben dieser junge Mann im Duell um eine andere Frau</Unicode>
                </TextEquiv>
            </TextLine>
            <TextLine id="r1l10" custom="readingOrder {index:9;}">
                <Coords points="293,1348 1408,1377 1492,1371 1493,1334 294,1310"/>
                <Baseline points="300,1345 359,1346 418,1347 477,1348 537,1349 596,1351 655,1352 714,1353 774,1354 833,1355 892,1357 951,1358 1011,1359 1070,1360 1129,1361 1188,1362 1248,1363 1307,1364 1366,1365 1425,1365 1485,1366"/>
                <TextEquiv>
                    <Unicode>fällt, in der Einfalt ihres Herzens ihm in den Tod nachfolgen will, —</Unicode>
                </TextEquiv>
            </TextLine>
            <TextLine id="r1l11" custom="readingOrder {index:10;}">
                <Coords points="285,1375 1429,1424 1507,1374 286,1347"/>
                <Baseline points="293,1384 353,1386 413,1387 473,1389 534,1390 594,1392 654,1393 715,1394 775,1396 835,1397 896,1398 956,1399 1016,1400 1076,1401 1137,1402 1197,1403 1257,1404 1318,1405 1378,1406 1438,1407 1499,1408"/>
                <TextEquiv>
                    <Unicode>nein, diese Christine hat wohl nie dichterische Aktualität besessen.</Unicode>
                </TextEquiv>
            </TextLine>
            <TextLine id="r1l12" custom="readingOrder {index:11;}">
                <Coords points="283,1429 1478,1468 1502,1429 284,1395"/>
                <Baseline points="291,1425 351,1427 411,1428 471,1430 531,1432 591,1434 651,1435 712,1437 772,1438 832,1440 892,1441 952,1442 1012,1443 1072,1445 1133,1446 1193,1447 1253,1448 1313,1449 1373,1450 1433,1451 1494,1452"/>
                <TextEquiv>
                    <Unicode>Sie lebt in einer Sphäre, die hart ans Märchen grenzt, heute noch</Unicode>
                </TextEquiv>
            </TextLine>
            <TextLine id="r1l13" custom="readingOrder {index:12;}">
                <Coords points="286,1484 1500,1504 1427,1455 287,1437"/>
                <Baseline points="294,1467 353,1470 413,1472 473,1474 533,1477 593,1479 653,1480 713,1482 773,1483 833,1485 893,1486 952,1487 1012,1488 1072,1489 1132,1490 1192,1490 1252,1491 1312,1492 1372,1493 1432,1494 1492,1495"/>
                <TextEquiv>
                    <Unicode>viel mehr als vor dreißig Jahren, da Schnitzlers „Liebelei“ zum</Unicode>
                </TextEquiv>
            </TextLine>
            <TextLine id="r1l14" custom="readingOrder {index:13;}">
                <Coords points="291,1519 1455,1554 1508,1516 291,1486"/>
                <Baseline points="298,1511 358,1514 418,1516 478,1519 538,1521 598,1523 658,1524 718,1526 778,1527 838,1528 898,1530 958,1531 1018,1532 1078,1533 1138,1533 1198,1534 1258,1535 1318,1535 1378,1536 1438,1536 1499,1537"/>
                <TextEquiv>
                    <Unicode>erstenmal gespielt worden ist. Dieser Schnitzler=Abend im staat¬</Unicode>
                </TextEquiv>
            </TextLine>
            <TextLine id="r1l15" custom="readingOrder {index:14;}">
                <Coords points="278,1580 1458,1603 1504,1549 279,1528"/>
                <Baseline points="287,1556 347,1558 407,1560 468,1562 528,1564 589,1565 649,1567 709,1568 770,1570 830,1571 891,1572 951,1573 1011,1574 1072,1576 1132,1577 1193,1578 1253,1579 1313,1581 1374,1582 1434,1583 1495,1584"/>
                <TextEquiv>
                    <Unicode>lichen Schiller=Theater war darum mehr ein Abend der Reminiszen¬</Unicode>
                </TextEquiv>
            </TextLine>
            <TextLine id="r1l16" custom="readingOrder {index:15;}">
                <Coords points="289,1637 572,1607 1228,1640 1290,1601 290,1575"/>
                <Baseline points="297,1606 346,1606 395,1606 444,1607 494,1607 543,1608 592,1609 641,1610 691,1612 740,1612 789,1614 838,1615 888,1616 937,1617 986,1618 1035,1619 1085,1619 1134,1620 1183,1620 1232,1620 1282,1619"/>
                <TextEquiv>
                    <Unicode>zen, mit seinen Schwächen, aber auch mit seinen Reizen.</Unicode>
                </TextEquiv>
            </TextLine>
            <TextLine id="r1l17" custom="readingOrder {index:16;}">
                <Coords points="318,1645 1455,1695 1495,1646 318,1625"/>
                <Baseline points="326,1654 384,1656 442,1657 500,1658 558,1659 616,1661 674,1662 732,1663 790,1665 848,1666 906,1667 964,1669 1022,1670 1080,1671 1138,1672 1196,1674 1254,1675 1312,1677 1370,1678 1428,1679 1486,1680"/>
                <TextEquiv>
                    <Unicode>Letzten Endes ist bei Schnitzler nicht der Vorgang das Primäre,</Unicode>
                </TextEquiv>
            </TextLine>
            <TextLine id="r1l18" custom="readingOrder {index:17;}">
                <Coords points="280,1699 1504,1728 1388,1682 280,1674"/>
                <Baseline points="288,1699 348,1701 408,1702 469,1703 529,1704 590,1706 650,1707 711,1708 771,1710 832,1711 892,1712 952,1713 1013,1715 1073,1715 1134,1717 1194,1718 1255,1719 1315,1720 1376,1721 1436,1722 1497,1722"/>
                <TextEquiv>
                    <Unicode>wesentlich sind vielmehr die Zwischentöne, die atmosphärischen Schattie¬</Unicode>
                </TextEquiv>
            </TextLine>
            <TextLine id="r1l19" custom="readingOrder {index:18;}">
                <Coords points="277,1746 1499,1781 1477,1722 278,1697"/>
                <Baseline points="285,1746 345,1746 405,1747 465,1748 526,1749 586,1750 646,1751 707,1752 767,1754 827,1755 888,1756 948,1758 1008,1759 1068,1760 1129,1761 1189,1762 1249,1763 1310,1764 1370,1765 1430,1765 1491,1765"/>
                <TextEquiv>
                    <Unicode>rungen. Diese „Liebelei", die in der Unberührtheit ihrer dichterischen</Unicode>
                </TextEquiv>
            </TextLine>
            <TextLine id="r1l20" custom="readingOrder {index:19;}">
                <Coords points="275,1793 1411,1834 1508,1798 276,1754"/>
                <Baseline points="283,1788 343,1788 404,1789 465,1791 526,1792 587,1793 647,1795 708,1796 769,1798 830,1799 891,1801 951,1802 1012,1804 1073,1805 1134,1806 1195,1807 1255,1808 1316,1809 1377,1809 1438,1809 1499,1809"/>
                <TextEquiv>
                    <Unicode>Diktion nun wie ein altes Volkslied klingt. besitzt die ganze Zart¬</Unicode>
                </TextEquiv>
            </TextLine>
            <TextLine id="r1l21" custom="readingOrder {index:20;}">
                <Coords points="279,1840 1454,1868 1495,1827 280,1801"/>
                <Baseline points="287,1828 347,1831 407,1833 467,1835 527,1837 587,1838 647,1840 707,1841 767,1842 827,1843 887,1844 947,1845 1007,1846 1067,1846 1127,1847 1187,1848 1247,1849 1307,1850 1367,1851 1427,1853 1487,1854"/>
                <TextEquiv>
                    <Unicode>heit, die ganze Farbenfülle des alten Wien, das wir nur noch aus</Unicode>
                </TextEquiv>
            </TextLine>
            <TextLine id="r1l22" custom="readingOrder {index:21;}">
                <Coords points="276,1865 1495,1908 1496,1869 1318,1850 277,1842"/>
                <Baseline points="283,1870 343,1874 403,1877 463,1879 523,1882 584,1883 644,1885 704,1886 764,1887 824,1888 885,1888 945,1889 1005,1889 1065,1890 1125,1891 1186,1892 1246,1893 1306,1895 1366,1897 1426,1899 1487,1902"/>
                <TextEquiv>
                    <Unicode>Büchern kennen. Es hat sich mancherlei in diesen dreißig Jahren</Unicode>
                </TextEquiv>
            </TextLine>
            <TextLine id="r1l23" custom="readingOrder {index:22;}">
                <Coords points="277,1927 1502,1947 1489,1906 278,1887"/>
                <Baseline points="285,1917 345,1920 405,1922 466,1923 526,1925 587,1926 647,1927 708,1928 768,1929 829,1930 889,1931 949,1931 1010,1932 1070,1933 1131,1934 1191,1934 1252,1935 1312,1936 1373,1938 1433,1939 1494,1941"/>
                <TextEquiv>
                    <Unicode>ereignet, wir haben viel brutalere Schicksale erlebt, darum können</Unicode>
                </TextEquiv>
            </TextLine>
            <TextLine id="r1l24" custom="readingOrder {index:23;}">
                <Coords points="277,1972 1500,2000 1475,1944 278,1928"/>
                <Baseline points="285,1960 345,1962 405,1964 466,1965 526,1967 586,1968 647,1970 707,1971 767,1972 828,1973 888,1974 948,1976 1009,1977 1069,1978 1129,1979 1190,1980 1250,1980 1310,1981 1371,1982 1431,1983 1492,1984"/>
                <TextEquiv>
                    <Unicode>wir Christinens Tragik kaum noch begreifen. Mit leiser Andacht</Unicode>
                </TextEquiv>
            </TextLine>
            <TextLine id="r1l25" custom="readingOrder {index:24;}">
                <Coords points="278,2018 1437,2051 1493,2037 1494,1995 279,1970"/>
                <Baseline points="285,2004 345,2006 405,2007 465,2009 525,2010 585,2012 645,2013 705,2014 765,2015 825,2017 885,2018 945,2020 1005,2021 1065,2022 1125,2024 1185,2025 1245,2027 1305,2028 1365,2029 1425,2031 1485,2033"/>
                <TextEquiv>
                    <Unicode>blicken wir nun auf diese Menschen, die so merkwürdige Erregungen</Unicode>
                </TextEquiv>
            </TextLine>
            <TextLine id="r1l26" custom="readingOrder {index:25;}">
                <Coords points="281,2063 734,2063 812,2085 882,2066 931,2089 1069,2074 1070,2031 282,2018"/>
                <Baseline points="289,2049 327,2050 366,2052 404,2053 443,2054 482,2055 520,2056 559,2056 597,2057 636,2058 675,2059 713,2059 752,2060 790,2060 829,2061 868,2062 906,2062 945,2063 983,2063 1022,2064 1061,2064"/>
                <TextEquiv>
                    <Unicode>und so merkwürdige Leidenschaften besitzen.</Unicode>
                </TextEquiv>
            </TextLine>
            <TextLine id="r1l27" custom="readingOrder {index:26;}">
                <Coords points="317,2102 1488,2128 1488,2094 1203,2071 318,2071"/>
                <Baseline points="325,2104 382,2105 440,2107 498,2108 556,2109 613,2110 671,2111 729,2112 787,2113 844,2114 902,2115 960,2117 1018,2118 1075,2119 1133,2120 1191,2121 1249,2122 1306,2123 1364,2124 1422,2126 1480,2127"/>
                <TextEquiv>
                    <Unicode>Aber auch die Feinheiten der Schnitzlerschen Werke haben sich er¬</Unicode>
                </TextEquiv>
            </TextLine>
            <TextLine id="r1l28" custom="readingOrder {index:27;}">
                <Coords points="271,2159 1499,2170 1237,2122 272,2110"/>
                <Baseline points="279,2148 339,2149 400,2151 460,2152 521,2153 582,2155 642,2156 703,2157 763,2159 824,2160 885,2161 945,2162 1006,2164 1066,2165 1127,2166 1188,2168 1248,2169 1309,2171 1369,2173 1430,2174 1491,2176"/>
                <TextEquiv>
                    <Unicode>halten, sie sind lebendig geblieben als dichterische Spiegelung eines</Unicode>
                </TextEquiv>
            </TextLine>
            <TextLine id="r1l29" custom="readingOrder {index:28;}">
                <Coords points="277,2207 1496,2201 278,2162"/>
                <Baseline points="285,2195 345,2195 405,2196 465,2197 525,2197 585,2199 645,2200 706,2201 766,2203 826,2204 886,2206 946,2208 1006,2209 1066,2211 1127,2212 1187,2214 1247,2215 1307,2217 1367,2217 1427,2218 1488,2219"/>
                <TextEquiv>
                    <Unicode>historisch gewordenen Zeitabschnitts. Hier setzte Jürgen Fehling,</Unicode>
                </TextEquiv>
            </TextLine>
            <TextLine id="r1l30" custom="readingOrder {index:29;}">
                <Coords points="273,2238 1335,2273 1495,2266 1496,2232 273,2209"/>
                <Baseline points="281,2238 341,2239 401,2239 462,2240 522,2241 582,2242 643,2243 703,2244 763,2246 824,2247 884,2249 944,2250 1005,2252 1065,2253 1125,2255 1186,2256 1246,2257 1306,2258 1367,2259 1427,2260 1488,2261"/>
                <TextEquiv>
                    <Unicode>der Spielleiter des Abends, ein, von hier aus entwickelte er das</Unicode>
                </TextEquiv>
            </TextLine>
            <TextLine id="r1l31" custom="readingOrder {index:30;}">
                <Coords points="267,2293 1410,2316 1496,2265 268,2247"/>
                <Baseline points="276,2280 336,2281 397,2281 457,2282 518,2283 579,2284 639,2286 700,2287 760,2289 821,2290 882,2292 942,2293 1003,2294 1063,2295 1124,2297 1185,2298 1245,2298 1306,2299 1366,2299 1427,2299 1488,2299"/>
                <TextEquiv>
                    <Unicode>Milieu der neunziger Jahre. Fehling gibt weniger den Ablauf eines</Unicode>
                </TextEquiv>
            </TextLine>
            <TextLine id="r1l32" custom="readingOrder {index:31;}">
                <Coords points="265,2325 1467,2358 1493,2322 266,2284"/>
                <Baseline points="272,2324 332,2325 393,2326 453,2327 514,2328 575,2329 635,2330 696,2331 757,2333 817,2334 878,2335 939,2336 999,2337 1060,2338 1121,2340 1181,2341 1242,2342 1303,2344 1363,2345 1424,2346 1485,2348"/>
                <TextEquiv>
                    <Unicode>Schicksals, als dessen Ausstrahlungen auf die Umwelt; er drängt die</Unicode>
                </TextEquiv>
            </TextLine>
            <TextLine id="r1l33" custom="readingOrder {index:32;}">
                <Coords points="273,2374 1427,2406 1487,2363 273,2336"/>
                <Baseline points="281,2370 340,2370 400,2371 460,2372 520,2373 580,2373 640,2374 700,2375 760,2376 820,2378 880,2379 939,2380 999,2381 1059,2382 1119,2383 1179,2385 1239,2386 1299,2387 1359,2389 1419,2390 1479,2391"/>
                <TextEquiv>
                    <Unicode>drei Akte nicht zusammen, er schaltet gern Pausen ein, er variiert ein</Unicode>
                </TextEquiv>
            </TextLine>
            <TextLine id="r1l34" custom="readingOrder {index:33;}">
                <Coords points="268,2421 1192,2446 1463,2437 1498,2399 269,2372"/>
                <Baseline points="275,2414 335,2413 396,2413 457,2413 517,2413 578,2414 639,2415 699,2416 760,2418 821,2419 882,2420 942,2422 1003,2424 1064,2425 1124,2427 1185,2428 1246,2430 1306,2431 1367,2432 1428,2433 1489,2433"/>
                <TextEquiv>
                    <Unicode>Thema, zu dem uns heute die innere Beziehung fehlt. Wundervoll</Unicode>
                </TextEquiv>
            </TextLine>
            <TextLine id="r1l35" custom="readingOrder {index:34;}">
                <Coords points="263,2460 1485,2493 1495,2440 263,2418"/>
                <Baseline points="271,2454 331,2455 392,2457 453,2458 514,2459 575,2460 635,2461 696,2462 757,2463 818,2464 879,2464 939,2465 1000,2466 1061,2467 1122,2468 1183,2469 1243,2470 1304,2471 1365,2473 1426,2474 1487,2476"/>
                <TextEquiv>
                    <Unicode>ist die gedämpfte Heiterkeit des ersten Aktes, wundervoll trifft er auch</Unicode>
                </TextEquiv>
            </TextLine>
            <TextLine id="r1l36" custom="readingOrder {index:35;}">
                <Coords points="268,2497 1363,2533 1502,2492 268,2463"/>
                <Baseline points="275,2498 335,2499 396,2500 457,2501 518,2502 579,2503 640,2504 701,2505 762,2506 823,2507 884,2508 944,2509 1005,2510 1066,2511 1127,2513 1188,2514 1249,2515 1310,2517 1371,2518 1432,2519 1493,2521"/>
                <TextEquiv>
                    <Unicode>den tragischen Schatten, den der zweite Akt vorauswirft. Der dritte</Unicode>
                </TextEquiv>
            </TextLine>
            <TextLine id="r1l37" custom="readingOrder {index:36;}">
                <Coords points="262,2544 1441,2582 1485,2529 262,2511"/>
                <Baseline points="269,2542 329,2543 389,2544 450,2545 510,2546 570,2547 631,2548 691,2550 751,2551 812,2552 872,2553 932,2555 993,2555 1053,2557 1113,2558 1174,2559 1234,2561 1294,2562 1355,2564 1415,2565 1476,2567"/>
                <TextEquiv>
                    <Unicode>Akt schwächt die Wirkung ab, weil er zu breit zu überladen ist,</Unicode>
                </TextEquiv>
            </TextLine>
            <TextLine id="r1l38" custom="readingOrder {index:37;}">
                <Coords points="265,2599 1363,2621 1489,2608 1490,2560 265,2550"/>
                <Baseline points="273,2587 333,2588 393,2589 454,2590 514,2591 575,2592 635,2593 695,2594 756,2595 816,2596 877,2596 937,2597 997,2598 1058,2599 1118,2600 1179,2601 1239,2602 1299,2604 1360,2604 1420,2606 1481,2607"/>
                <TextEquiv>
                    <Unicode>obwohl die Christine der Lucie Mannheim hier ihre stärksten</Unicode>
                </TextEquiv>
            </TextLine>
            <TextLine id="r1l39" custom="readingOrder {index:38;}">
                <Coords points="269,2634 1483,2656 1397,2610 270,2599"/>
                <Baseline points="277,2632 336,2633 396,2634 456,2635 516,2636 576,2637 636,2638 696,2638 756,2639 816,2640 876,2641 935,2642 995,2642 1055,2643 1115,2644 1175,2645 1235,2646 1295,2647 1355,2648 1415,2649 1475,2650"/>
                <TextEquiv>
                    <Unicode>Momente hat. Ihre äußere Gestalt deckt sich nicht mit der Vor¬</Unicode>
                </TextEquiv>
            </TextLine>
            <TextLine id="r1l40" custom="readingOrder {index:39;}">
                <Coords points="275,2687 1487,2706 1487,2663 1431,2657 276,2633"/>
                <Baseline points="283,2677 342,2677 402,2677 462,2678 522,2678 582,2679 641,2679 701,2680 761,2681 821,2681 881,2682 940,2683 1000,2684 1060,2685 1120,2686 1180,2688 1239,2689 1299,2691 1359,2692 1419,2694 1479,2696"/>
                <TextEquiv>
                    <Unicode>stellung vom „Wiener süßen Mädel“, es fehlt ihr die schwebende</Unicode>
                </TextEquiv>
            </TextLine>
            <TextLine id="r1l41" custom="readingOrder {index:40;}">
                <Coords points="262,2736 1485,2724 262,2690"/>
                <Baseline points="269,2718 329,2718 389,2719 450,2719 510,2720 571,2721 631,2722 691,2722 752,2723 812,2724 873,2725 933,2726 993,2727 1054,2728 1114,2729 1175,2731 1235,2732 1295,2734 1356,2735 1416,2736 1477,2738"/>
                <TextEquiv>
                    <Unicode>Leichtigkeit der Wiener Atmosphäre, sie spielt con von Beginn an</Unicode>
                </TextEquiv>
            </TextLine>
            <TextLine id="r1l42" custom="readingOrder {index:41;}">
                <Coords points="270,2771 1484,2783 1474,2738 271,2733"/>
                <Baseline points="278,2763 337,2763 397,2763 457,2763 517,2764 577,2764 637,2765 697,2766 757,2767 817,2769 877,2770 936,2771 996,2772 1056,2773 1116,2775 1176,2775 1236,2776 1296,2777 1356,2778 1416,2778 1476,2778"/>
                <TextEquiv>
                    <Unicode>zu stärk betont die tragische Rolle Aber an Ende. da hat sie die</Unicode>
                </TextEquiv>
            </TextLine>
            <TextLine id="r1l43" custom="readingOrder {index:42;}">
                <Coords points="264,2809 1322,2849 1477,2835 1478,2787 264,2780"/>
                <Baseline points="271,2804 330,2805 390,2807 450,2807 510,2808 570,2809 630,2810 690,2810 750,2811 810,2811 870,2812 929,2813 989,2814 1049,2815 1109,2816 1169,2818 1229,2819 1289,2821 1349,2824 1409,2826 1469,2830"/>
                <TextEquiv>
                    <Unicode>Schwermut des enttäuschten Mädels, da ist sie das ewige Kind mit</Unicode>
                </TextEquiv>
            </TextLine>
            <TextLine id="r1l44" custom="readingOrder {index:43;}">
                <Coords points="270,2871 360,2851 441,2869 498,2852 616,2877 658,2859 759,2858 748,2818 271,2813"/>
                <Baseline points="278,2845 304,2848 330,2850 356,2852 383,2854 409,2854 435,2854 461,2854 488,2854 514,2853 540,2853 567,2852 593,2852 619,2851 645,2851 672,2851 698,2852 724,2853 751,2855"/>
                <TextEquiv>
                    <Unicode>dem ewigen &amp; iderherzen.</Unicode>
                </TextEquiv>
            </TextLine>
            <TextLine id="r1l45" custom="readingOrder {index:44;}">
                <Coords points="299,2896 1314,2935 1492,2885 300,2872"/>
                <Baseline points="307,2897 365,2899 424,2901 483,2902 542,2904 601,2906 659,2907 718,2908 777,2909 836,2910 895,2911 953,2912 1012,2913 1071,2913 1130,2914 1189,2914 1247,2915 1306,2915 1365,2915 1424,2916 1483,2916"/>
                <TextEquiv>
                    <Unicode>Gut abschattiert werden um sie die Menschen zweier Gesellschafts¬</Unicode>
                </TextEquiv>
            </TextLine>
            <TextLine id="r1l46" custom="readingOrder {index:45;}">
                <Coords points="256,2943 1485,2964 1469,2923 257,2908"/>
                <Baseline points="263,2942 323,2944 384,2946 445,2948 505,2949 566,2950 627,2952 687,2953 748,2954 809,2955 870,2956 930,2957 991,2957 1052,2958 1112,2959 1173,2960 1234,2960 1294,2961 1355,2962 1416,2963 1477,2964"/>
                <TextEquiv>
                    <Unicode>schichten bewegt. Mizzi Schlager, Modistin, die „fesche Wienerin“ ist</Unicode>
                </TextEquiv>
            </TextLine>
            <TextLine id="r1l47" custom="readingOrder {index:46;}">
                <Coords points="257,2981 1481,3022 1482,2966 258,2960"/>
                <Baseline points="265,2989 325,2990 385,2990 446,2991 506,2992 567,2993 627,2994 688,2995 748,2996 809,2997 869,2998 929,2999 990,3000 1050,3001 1111,3002 1171,3003 1232,3003 1292,3004 1353,3004 1413,3004 1474,3003"/>
                <TextEquiv>
                    <Unicode>Maria Paudler ein immer heiteres Mädel, das nichts von Ernst</Unicode>
                </TextEquiv>
            </TextLine>
            <TextLine id="r1l48" custom="readingOrder {index:47;}">
                <Coords points="248,3039 443,3072 597,3041 1400,3074 1491,3042 1366,3003 249,2994"/>
                <Baseline points="256,3032 317,3034 378,3036 440,3037 501,3038 563,3039 624,3039 685,3040 747,3040 808,3041 870,3041 931,3042 992,3042 1054,3043 1115,3044 1177,3046 1238,3047 1299,3050 1361,3053 1422,3055 1484,3059"/>
                <TextEquiv>
                    <Unicode>und Tragik wisten will. Den umworbenen Duellanten spielt Richard</Unicode>
                </TextEquiv>
            </TextLine>
            <TextLine id="r1l49" custom="readingOrder {index:48;}">
                <Coords points="1353,3285 1388,3278 1436,3300 1481,3296 1498,3281 1568,3294 1607,3266 1642,3272 1643,3239 1623,3245 1596,3221 1549,3217 1503,3237 1482,3221 1410,3260 1355,3255"/>
                <Baseline points="1361,3276 1388,3276 1415,3277 1442,3278 1469,3279 1497,3280 1524,3281 1551,3283 1578,3284 1605,3286 1633,3288"/>
                <TextEquiv>
                    <Unicode>170</Unicode>
                </TextEquiv>
            </TextLine>
            <TextLine id="r1l50" custom="readingOrder {index:49;}">
                <Coords points="677,3290 729,3272 825,3285 936,3345 1079,3349 1224,3315 1228,3232 1179,3251 1147,3220 1061,3282 1024,3244 949,3217 909,3242 813,3200 767,3227 749,3210 708,3237 680,3231"/>
                <Baseline points="686,3270 712,3273 739,3276 765,3281 792,3285 819,3290 845,3295 872,3300 898,3304 925,3308 952,3312 978,3315 1005,3316 1031,3317 1058,3316 1085,3314 1111,3311 1138,3304 1164,3297 1191,3287 1218,3275"/>
                <TextEquiv>
                    <Unicode>L</Unicode>
                </TextEquiv>
            </TextLine>
            <TextLine id="r1l51" custom="readingOrder {index:50;}">
                <Coords points="1313,3334 1328,3327 1357,3337 1413,3330 1437,3335 1442,3329 1497,3336 1491,3268 1438,3299 1420,3287 1404,3291 1387,3277 1360,3286 1337,3271 1308,3272"/>
                <Baseline points="1321,3326 1348,3324 1376,3321 1404,3318 1431,3315 1459,3313 1487,3315"/>
                <TextEquiv>
                    <Unicode>L</Unicode>
                </TextEquiv>
            </TextLine>
            <TextEquiv>
                <Unicode>box 12/8
Liebelei
e e  en ene ehe
#. Snum anme amme 
Arthur Schnitzler: „Liebelei“.
Staatliches Schiller=Theater.
Christine, das naiv=gutgläubige Mädel aus dem Volke, das sich
in einen etwas dekadenten Jüngling verliebt, so aufrichtig verliebt,
daß sie, als eben dieser junge Mann im Duell um eine andere Frau
fällt, in der Einfalt ihres Herzens ihm in den Tod nachfolgen will, —
nein, diese Christine hat wohl nie dichterische Aktualität besessen.
Sie lebt in einer Sphäre, die hart ans Märchen grenzt, heute noch
viel mehr als vor dreißig Jahren, da Schnitzlers „Liebelei“ zum
erstenmal gespielt worden ist. Dieser Schnitzler=Abend im staat¬
lichen Schiller=Theater war darum mehr ein Abend der Reminiszen¬
zen, mit seinen Schwächen, aber auch mit seinen Reizen.
Letzten Endes ist bei Schnitzler nicht der Vorgang das Primäre,
wesentlich sind vielmehr die Zwischentöne, die atmosphärischen Schattie¬
rungen. Diese „Liebelei", die in der Unberührtheit ihrer dichterischen
Diktion nun wie ein altes Volkslied klingt. besitzt die ganze Zart¬
heit, die ganze Farbenfülle des alten Wien, das wir nur noch aus
Büchern kennen. Es hat sich mancherlei in diesen dreißig Jahren
ereignet, wir haben viel brutalere Schicksale erlebt, darum können
wir Christinens Tragik kaum noch begreifen. Mit leiser Andacht
blicken wir nun auf diese Menschen, die so merkwürdige Erregungen
und so merkwürdige Leidenschaften besitzen.
Aber auch die Feinheiten der Schnitzlerschen Werke haben sich er¬
halten, sie sind lebendig geblieben als dichterische Spiegelung eines
historisch gewordenen Zeitabschnitts. Hier setzte Jürgen Fehling,
der Spielleiter des Abends, ein, von hier aus entwickelte er das
Milieu der neunziger Jahre. Fehling gibt weniger den Ablauf eines
Schicksals, als dessen Ausstrahlungen auf die Umwelt; er drängt die
drei Akte nicht zusammen, er schaltet gern Pausen ein, er variiert ein
Thema, zu dem uns heute die innere Beziehung fehlt. Wundervoll
ist die gedämpfte Heiterkeit des ersten Aktes, wundervoll trifft er auch
den tragischen Schatten, den der zweite Akt vorauswirft. Der dritte
Akt schwächt die Wirkung ab, weil er zu breit zu überladen ist,
obwohl die Christine der Lucie Mannheim hier ihre stärksten
Momente hat. Ihre äußere Gestalt deckt sich nicht mit der Vor¬
stellung vom „Wiener süßen Mädel“, es fehlt ihr die schwebende
Leichtigkeit der Wiener Atmosphäre, sie spielt con von Beginn an
zu stärk betont die tragische Rolle Aber an Ende. da hat sie die
Schwermut des enttäuschten Mädels, da ist sie das ewige Kind mit
dem ewigen &amp; iderherzen.
Gut abschattiert werden um sie die Menschen zweier Gesellschafts¬
schichten bewegt. Mizzi Schlager, Modistin, die „fesche Wienerin“ ist
Maria Paudler ein immer heiteres Mädel, das nichts von Ernst
und Tragik wisten will. Den umworbenen Duellanten spielt Richard
170
L
L</Unicode>
            </TextEquiv>
        </TextRegion>
        <TextRegion orientation="0.0" id="r2" custom="readingOrder {index:1;}">
            <Coords points="1863,905 1863,3072 3072,3072 3072,905"/>
            <TextLine id="r2l1" custom="readingOrder {index:0;}">
                <Coords points="2543,934 2608,938 2642,931 2672,945 2699,934 2741,943 2760,934 2791,938 2792,907 2768,905 2755,915 2693,890 2680,899 2656,885 2636,888 2597,867 2558,890 2546,885"/>
                <Baseline points="2552,926 2577,925 2603,926 2629,926 2655,928 2680,930 2706,932 2732,934 2758,934 2784,933"/>
                <TextEquiv>
                    <Unicode>indliche. u.</Unicode>
                </TextEquiv>
            </TextLine>
            <TextLine id="r2l2" custom="readingOrder {index:1;}">
                <Coords points="2507,984 2556,1000 2650,977 2775,1006 2857,983 2918,1002 2949,983 3072,983 3072,944 2981,920 2848,951 2639,931 2507,952"/>
                <Baseline points="2514,969 2541,971 2569,973 2596,973 2624,975 2651,975 2679,976 2706,976 2734,976 2761,976 2789,976 2817,976 2844,977 2872,977 2899,977 2927,977 2954,977 2982,978 3009,979 3037,979 3065,981"/>
                <TextEquiv>
                    <Unicode>och Verfügungel, nort dr</Unicode>
                </TextEquiv>
            </TextLine>
            <TextLine id="r2l3" custom="readingOrder {index:2;}">
                <Coords points="2523,1058 2535,1059 2552,1044 2573,1056 2592,1046 2615,1056 2624,1056 2635,1046 2643,1051 2649,1045 2663,1046 2664,999 2620,995 2615,990 2604,990 2590,1000 2570,990 2555,999 2537,991 2524,995"/>
                <Baseline points="2531,1024 2556,1026 2581,1027 2606,1026 2631,1027 2656,1029"/>
                <TextEquiv>
                    <Unicode></Unicode>
                </TextEquiv>
            </TextLine>
            <TextLine id="r2l4" custom="readingOrder {index:3;}">
                <Coords points="1875,1043 1889,1041 1910,1054 1930,1044 1945,1051 1956,1043 1978,1048 1992,1041 2002,1048 2018,1041 2049,1043 2053,990 2033,982 1989,1001 1956,981 1923,977 1902,984 1880,974"/>
                <Baseline points="1884,1027 1910,1026 1936,1026 1962,1029 1988,1031 2014,1034 2041,1036"/>
                <TextEquiv>
                    <Unicode>genenen</Unicode>
                </TextEquiv>
            </TextLine>
            <TextLine id="r2l5" custom="readingOrder {index:4;}">
                <Coords points="1863,1105 3063,1106 3063,1062 1959,1041 1863,1071"/>
                <Baseline points="1871,1092 1930,1092 1989,1092 2048,1092 2107,1093 2167,1094 2226,1094 2285,1095 2344,1096 2403,1097 2463,1097 2522,1098 2581,1099 2640,1099 2699,1100 2759,1100 2818,1100 2877,1099 2936,1099 2995,1098 3055,1097"/>
                <TextEquiv>
                    <Unicode>Duschinsky, oft noch unsicher im Tonfall, aber mit den Zeichen</Unicode>
                </TextEquiv>
            </TextLine>
            <TextLine id="r2l6" custom="readingOrder {index:5;}">
                <Coords points="1861,1152 3078,1146 3078,1105 3030,1101 1861,1102"/>
                <Baseline points="1868,1133 1928,1135 1988,1136 2048,1137 2108,1138 2168,1139 2228,1140 2288,1140 2348,1141 2408,1141 2469,1142 2529,1142 2589,1142 2649,1142 2709,1142 2769,1142 2829,1142 2889,1141 2949,1141 3009,1140 3070,1140"/>
                <TextEquiv>
                    <Unicode>eines starken Talents für junge Liebhaber; sein Freund ist Heinrich</Unicode>
                </TextEquiv>
            </TextLine>
            <TextLine id="r2l7" custom="readingOrder {index:6;}">
                <Coords points="1876,1181 3071,1187 3039,1144 1876,1146"/>
                <Baseline points="1883,1173 1942,1175 2001,1177 2060,1179 2119,1181 2178,1182 2237,1184 2296,1184 2355,1185 2414,1185 2473,1186 2532,1186 2591,1185 2650,1185 2709,1185 2768,1184 2827,1183 2886,1182 2945,1181 3004,1180 3064,1179"/>
                <TextEquiv>
                    <Unicode>Schnitzler, des Dichters Sohn, ein liebenswerter Kerl, der mit</Unicode>
                </TextEquiv>
            </TextLine>
            <TextLine id="r2l8" custom="readingOrder {index:7;}">
                <Coords points="1866,1218 2927,1243 3070,1234 3071,1189 1866,1187"/>
                <Baseline points="1873,1218 1932,1218 1992,1218 2051,1219 2111,1220 2170,1221 2230,1222 2289,1224 2349,1225 2408,1226 2468,1227 2527,1228 2587,1229 2646,1230 2706,1230 2765,1230 2825,1229 2884,1228 2944,1227 3003,1225 3063,1222"/>
                <TextEquiv>
                    <Unicode>der Wiener Erde verwachsen ist. Jacob Tiedtke, als Christinens</Unicode>
                </TextEquiv>
            </TextLine>
            <TextLine id="r2l9" custom="readingOrder {index:8;}">
                <Coords points="1861,1263 2976,1296 3079,1272 3079,1226 1861,1237"/>
                <Baseline points="1869,1261 1929,1262 1989,1263 2049,1264 2109,1265 2169,1266 2229,1267 2290,1267 2350,1268 2410,1268 2470,1268 2530,1269 2590,1269 2650,1269 2711,1269 2771,1269 2831,1269 2891,1269 2951,1269 3011,1269 3072,1268"/>
                <TextEquiv>
                    <Unicode>Vater, ist echt menschlich im Ausdruck des Leids, #i Mensch voll Güte</Unicode>
                </TextEquiv>
            </TextLine>
            <TextLine id="r2l10" custom="readingOrder {index:9;}">
                <Coords points="1861,1311 1899,1330 1921,1315 2042,1326 2059,1316 2071,1326 2104,1314 2111,1322 2159,1318 2159,1284 2099,1284 2076,1273 2056,1282 1970,1267 1924,1281 1896,1272 1861,1287"/>
                <Baseline points="1868,1306 1893,1307 1919,1307 1945,1307 1971,1308 1997,1308 2022,1308 2048,1308 2074,1308 2100,1308 2126,1308 2152,1308"/>
                <TextEquiv>
                    <Unicode>und Verstehen.</Unicode>
                </TextEquiv>
            </TextLine>
            <TextLine id="r2l11" custom="readingOrder {index:10;}">
                <Coords points="1913,1364 2899,1379 3069,1374 3070,1346 1913,1314"/>
                <Baseline points="1921,1356 1978,1357 2035,1357 2092,1357 2149,1358 2206,1358 2263,1359 2320,1359 2377,1360 2434,1361 2491,1361 2548,1362 2605,1362 2662,1362 2719,1363 2776,1363 2833,1363 2890,1362 2947,1362 3004,1361 3062,1360"/>
                <TextEquiv>
                    <Unicode>Auftakt des Abends waren Schnitzlers „Weihnachtsein¬</Unicode>
                </TextEquiv>
            </TextLine>
            <TextLine id="r2l12" custom="readingOrder {index:11;}">
                <Coords points="1861,1399 3067,1406 2987,1365 1861,1379"/>
                <Baseline points="1868,1399 1927,1400 1987,1401 2046,1403 2106,1404 2165,1405 2225,1406 2284,1407 2344,1408 2403,1409 2463,1410 2523,1410 2582,1411 2642,1411 2701,1411 2761,1411 2820,1411 2880,1410 2939,1410 2999,1408 3059,1407"/>
                <TextEquiv>
                    <Unicode>käufe“ aus dem Anatol=Zyklus. Ein szenischer Dialog mit seinen</Unicode>
                </TextEquiv>
            </TextLine>
            <TextLine id="r2l13" custom="readingOrder {index:12;}">
                <Coords points="1858,1445 3062,1467 3063,1417 1858,1418"/>
                <Baseline points="1865,1446 1924,1446 1984,1446 2043,1447 2103,1447 2162,1448 2222,1449 2281,1449 2341,1450 2400,1451 2460,1452 2519,1453 2579,1453 2638,1454 2698,1454 2757,1454 2817,1454 2876,1454 2936,1454 2995,1453 3055,1452"/>
                <TextEquiv>
                    <Unicode>Reflexionen über Liebe und Leben, ein dialektisches Schmuckstück, das</Unicode>
                </TextEquiv>
            </TextLine>
            <TextLine id="r2l14" custom="readingOrder {index:13;}">
                <Coords points="1872,1512 3071,1496 3071,1463 2986,1449 1873,1451"/>
                <Baseline points="1880,1489 1939,1490 1998,1491 2057,1491 2116,1492 2175,1492 2234,1493 2294,1493 2353,1494 2412,1494 2471,1495 2530,1495 2589,1495 2648,1495 2708,1495 2767,1495 2826,1495 2885,1495 2944,1495 3003,1494 3063,1494"/>
                <TextEquiv>
                    <Unicode>von Lina Lossen und Erwin Faber sehr diskret, sehr einfühlsam</Unicode>
                </TextEquiv>
            </TextLine>
            <TextLine id="r2l15" custom="readingOrder {index:14;}">
                <Coords points="1868,1538 1919,1560 2017,1539 2061,1564 2162,1548 2161,1507 2118,1504 2105,1492 2080,1507 2049,1493 2021,1503 1952,1491 1888,1509 1867,1498"/>
                <Baseline points="1876,1538 1901,1537 1926,1537 1951,1536 1977,1536 2002,1535 2027,1535 2052,1534 2078,1533 2103,1533 2128,1533 2154,1534"/>
                <TextEquiv>
                    <Unicode>gespielt wurde.</Unicode>
                </TextEquiv>
            </TextLine>
            <TextLine id="r2l16" custom="readingOrder {index:15;}">
                <Coords points="2922,1559 2941,1564 2947,1571 2968,1556 2982,1564 3010,1551 3044,1553 3043,1506 3032,1507 3025,1514 3012,1503 2998,1505 2988,1516 2975,1507 2966,1512 2951,1504 2922,1513"/>
                <Baseline points="2930,1542 2956,1540 2983,1539 3009,1539 3036,1540"/>
                <TextEquiv>
                    <Unicode>Bur.</Unicode>
                </TextEquiv>
            </TextLine>
            <TextLine id="r2l17" custom="readingOrder {index:16;}">
                <Coords points="1912,1614 3058,1629 3058,1553 2419,1594 1991,1571 1912,1603"/>
                <Baseline points="1920,1613 1976,1614 2033,1615 2089,1615 2146,1616 2202,1617 2259,1618 2315,1619 2372,1619 2428,1620 2485,1621 2542,1621 2598,1621 2655,1622 2711,1622 2768,1621 2824,1621 2881,1621 2937,1620 2994,1619 3051,1618"/>
                <TextEquiv>
                    <Unicode>X Rektoratsübernahme an der Berliner Universität. Cin</Unicode>
                </TextEquiv>
            </TextLine>
            <TextLine id="r2l18" custom="readingOrder {index:17;}">
                <Coords points="1869,1658 3068,1668 3068,1628 2981,1620 1869,1633"/>
                <Baseline points="1876,1657 1935,1658 1994,1659 2053,1659 2113,1660 2172,1660 2231,1661 2290,1661 2350,1661 2409,1661 2468,1662 2527,1662 2587,1662 2646,1662 2705,1662 2764,1661 2824,1661 2883,1661 2942,1661 3001,1661 3061,1661"/>
                <TextEquiv>
                    <Unicode>Präludium von Bach leitete die Feier in der überfüllten neuen Aula</Unicode>
                </TextEquiv>
            </TextLine>
            <TextLine id="r2l19" custom="readingOrder {index:18;}">
                <Coords points="1859,1713 3044,1722 3065,1664 1859,1670"/>
                <Baseline points="1867,1702 1926,1703 1986,1703 2045,1704 2105,1705 2164,1705 2224,1706 2283,1706 2343,1706 2402,1707 2462,1707 2521,1707 2581,1707 2640,1707 2700,1707 2759,1707 2819,1707 2878,1706 2938,1706 2997,1705 3057,1704"/>
                <TextEquiv>
                    <Unicode>der Universität ein. Rektor Holl, heute zum letztenmal angetan</Unicode>
                </TextEquiv>
            </TextLine>
            <TextLine id="r2l20" custom="readingOrder {index:19;}">
                <Coords points="1873,1743 2922,1766 3070,1746 3070,1708 1873,1713"/>
                <Baseline points="1881,1747 1940,1747 1999,1747 2058,1747 2117,1747 2176,1748 2235,1748 2294,1749 2353,1749 2412,1750 2471,1750 2530,1751 2589,1751 2648,1752 2707,1752 2766,1752 2825,1752 2884,1751 2943,1751 3002,1750 3062,1748"/>
                <TextEquiv>
                    <Unicode>mit den Insignien der Rektorenwürde, ergrif das Wort zu einer</Unicode>
                </TextEquiv>
            </TextLine>
            <TextLine id="r2l21" custom="readingOrder {index:20;}">
                <Coords points="1871,1788 3043,1811 3071,1746 1871,1764"/>
                <Baseline points="1879,1791 1938,1791 1997,1790 2056,1790 2115,1790 2175,1791 2234,1791 2293,1791 2352,1791 2411,1792 2471,1792 2530,1792 2589,1793 2648,1793 2707,1793 2767,1793 2826,1793 2885,1792 2944,1792 3003,1791 3063,1790"/>
                <TextEquiv>
                    <Unicode>längeren Rede, in der er über das abgelaufene Studienjahr Bericht</Unicode>
                </TextEquiv>
            </TextLine>
            <TextLine id="r2l22" custom="readingOrder {index:21;}">
                <Coords points="1871,1829 2914,1851 3066,1802 1871,1809"/>
                <Baseline points="1878,1832 1937,1833 1996,1833 2055,1834 2114,1834 2173,1834 2232,1835 2291,1835 2350,1835 2409,1835 2468,1835 2527,1835 2586,1835 2645,1835 2704,1835 2763,1835 2822,1835 2881,1835 2940,1834 2999,1834 3058,1834"/>
                <TextEquiv>
                    <Unicode>erstattete. Er gedachte besonders des erst vor einigen Tagen ver¬</Unicode>
                </TextEquiv>
            </TextLine>
            <TextLine id="r2l23" custom="readingOrder {index:22;}">
                <Coords points="1864,1877 3007,1894 3073,1840 1864,1844"/>
                <Baseline points="1871,1876 1930,1876 1990,1876 2050,1876 2110,1876 2169,1876 2229,1877 2289,1877 2349,1878 2408,1878 2468,1878 2528,1878 2588,1878 2647,1879 2707,1878 2767,1878 2827,1878 2886,1877 2946,1876 3006,1875 3066,1874"/>
                <TextEquiv>
                    <Unicode>storbenen Professors Dr. Hugo Preuß. Dann hielt der neue Rektor</Unicode>
                </TextEquiv>
            </TextLine>
            <TextLine id="r2l24" custom="readingOrder {index:23;}">
                <Coords points="1866,1910 3066,1924 3066,1875 1866,1879"/>
                <Baseline points="1874,1916 1933,1916 1992,1917 2051,1918 2110,1918 2170,1919 2229,1919 2288,1919 2347,1920 2406,1920 2466,1920 2525,1920 2584,1920 2643,1920 2702,1920 2762,1920 2821,1919 2880,1919 2939,1918 2998,1917 3058,1917"/>
                <TextEquiv>
                    <Unicode>der Berliner Universität, Geheimrat Professor Dr. Josef Pompeckj</Unicode>
                </TextEquiv>
            </TextLine>
            <TextLine id="r2l25" custom="readingOrder {index:24;}">
                <Coords points="1875,1970 3066,1975 3057,1924 1875,1927"/>
                <Baseline points="1883,1960 1941,1960 2000,1961 2059,1961 2118,1961 2176,1961 2235,1962 2294,1962 2353,1962 2411,1962 2470,1963 2529,1963 2588,1963 2646,1963 2705,1963 2764,1963 2823,1963 2881,1962 2940,1962 2999,1962 3058,1961"/>
                <TextEquiv>
                    <Unicode>seine Antrittsrede über das Thema „Umwelt, Anpassung, Beharrung</Unicode>
                </TextEquiv>
            </TextLine>
            <TextLine id="r2l26" custom="readingOrder {index:25;}">
                <Coords points="1872,2010 3073,2022 3073,1982 2987,1967 1872,1969"/>
                <Baseline points="1880,2005 1939,2004 1998,2004 2057,2003 2117,2003 2176,2003 2235,2004 2295,2004 2354,2004 2413,2004 2473,2005 2532,2005 2591,2005 2650,2005 2710,2005 2769,2005 2828,2005 2888,2005 2947,2004 3006,2003 3066,2002"/>
                <TextEquiv>
                    <Unicode>im Lichte erdgeschichtlicher Ueberlieferung“. Für den Gang der Ent¬</Unicode>
                </TextEquiv>
            </TextLine>
            <TextLine id="r2l27" custom="readingOrder {index:26;}">
                <Coords points="1873,2049 3065,2061 3065,2021 2965,2005 1873,2006"/>
                <Baseline points="1880,2048 1938,2048 1997,2047 2056,2047 2115,2047 2174,2047 2233,2048 2292,2048 2351,2048 2410,2048 2469,2048 2527,2048 2586,2048 2645,2048 2704,2048 2763,2048 2822,2048 2881,2047 2940,2047 2999,2047 3058,2047"/>
                <TextEquiv>
                    <Unicode>wickelung ist ihm das allein Entscheidende die geologische Geschichte</Unicode>
                </TextEquiv>
            </TextLine>
            <TextLine id="r2l28" custom="readingOrder {index:27;}">
                <Coords points="1859,2088 3065,2103 3065,2062 2889,2044 1859,2067"/>
                <Baseline points="1867,2088 1926,2089 1986,2089 2045,2089 2105,2090 2164,2090 2224,2090 2283,2090 2343,2091 2402,2091 2462,2091 2521,2091 2581,2091 2640,2091 2700,2091 2759,2091 2819,2091 2878,2091 2938,2091 2997,2091 3057,2091"/>
                <TextEquiv>
                    <Unicode>des Lebens. Die Momente der Anpassung und Beharrung bestimmen</Unicode>
                </TextEquiv>
            </TextLine>
            <TextLine id="r2l29" custom="readingOrder {index:28;}">
                <Coords points="1867,2135 3028,2147 3077,2104 1867,2111"/>
                <Baseline points="1874,2133 1933,2133 1993,2133 2053,2134 2113,2134 2173,2134 2232,2134 2292,2134 2352,2134 2412,2134 2472,2134 2531,2133 2591,2133 2651,2133 2711,2133 2771,2133 2830,2133 2890,2133 2950,2133 3010,2133 3070,2132"/>
                <TextEquiv>
                    <Unicode>den Weg, der aus dem Antrieb durch Aenderung der Umwelt ein¬</Unicode>
                </TextEquiv>
            </TextLine>
            <TextLine id="r2l30" custom="readingOrder {index:29;}">
                <Coords points="1863,2183 3073,2197 3073,2137 1863,2163"/>
                <Baseline points="1870,2180 1929,2179 1989,2178 2049,2178 2109,2177 2169,2177 2228,2177 2288,2177 2348,2177 2408,2177 2468,2178 2527,2178 2587,2178 2647,2178 2707,2178 2767,2178 2826,2177 2886,2177 2946,2176 3006,2175 3066,2174"/>
                <TextEquiv>
                    <Unicode>geleitet wird. Der Mensch unterliegt diesen Gesetzen, er folgt den</Unicode>
                </TextEquiv>
            </TextLine>
            <TextLine id="r2l31" custom="readingOrder {index:30;}">
                <Coords points="1867,2226 3047,2233 3069,2192 1867,2193"/>
                <Baseline points="1875,2219 1934,2219 1993,2219 2052,2219 2112,2220 2171,2220 2230,2220 2290,2220 2349,2221 2408,2221 2468,2221 2527,2222 2586,2222 2645,2222 2705,2222 2764,2222 2823,2221 2883,2221 2942,2221 3001,2220 3061,2219"/>
                <TextEquiv>
                    <Unicode>Einflüssen der Umwelt. Auch im Menschen ist Beharrung ausgedrückt:</Unicode>
                </TextEquiv>
            </TextLine>
            <TextLine id="r2l32" custom="readingOrder {index:31;}">
                <Coords points="1865,2253 3077,2261 3077,2224 1865,2230"/>
                <Baseline points="1872,2261 1931,2261 1991,2262 2051,2262 2111,2262 2171,2262 2231,2262 2290,2263 2350,2263 2410,2263 2470,2263 2530,2264 2590,2264 2650,2264 2709,2264 2769,2264 2829,2263 2889,2263 2949,2263 3009,2262 3069,2262"/>
                <TextEquiv>
                    <Unicode>das konservative Prinzip. Für das Schicksal des Menschen kann aber</Unicode>
                </TextEquiv>
            </TextLine>
            <TextLine id="r2l33" custom="readingOrder {index:32;}">
                <Coords points="1873,2302 3080,2311 3043,2268 1873,2265"/>
                <Baseline points="1880,2308 1939,2307 1999,2307 2058,2307 2118,2307 2178,2307 2237,2307 2297,2306 2356,2306 2416,2306 2476,2306 2535,2306 2595,2306 2654,2306 2714,2306 2774,2306 2833,2306 2893,2306 2952,2306 3012,2306 3072,2305"/>
                <TextEquiv>
                    <Unicode>nur aus dem Zusammenwirken von Anpassung und Beharrung das</Unicode>
                </TextEquiv>
            </TextLine>
            <TextLine id="r2l34" custom="readingOrder {index:33;}">
                <Coords points="1861,2349 3078,2354 3078,2320 2995,2310 1861,2311"/>
                <Baseline points="1869,2352 1929,2351 1989,2351 2049,2351 2109,2350 2169,2350 2229,2350 2289,2350 2349,2351 2409,2351 2470,2351 2530,2351 2590,2351 2650,2351 2710,2351 2770,2351 2830,2351 2890,2351 2950,2351 3010,2351 3071,2350"/>
                <TextEquiv>
                    <Unicode>für die menschliche Gemeinschaft Nutzbringende hervorgebracht werden.</Unicode>
                </TextEquiv>
            </TextLine>
            <TextLine id="r2l35" custom="readingOrder {index:34;}">
                <Coords points="1917,2398 3026,2410 3067,2368 1916,2369"/>
                <Baseline points="1924,2401 1980,2399 2037,2398 2094,2397 2151,2397 2208,2396 2264,2396 2321,2396 2378,2396 2435,2396 2492,2396 2548,2396 2605,2396 2662,2396 2719,2396 2776,2396 2832,2396 2889,2396 2946,2396 3003,2396 3060,2395"/>
                <TextEquiv>
                    <Unicode>X Berliner Vorträge. Otto Bernstein rezitiert in seinem Kleist¬</Unicode>
                </TextEquiv>
            </TextLine>
            <TextLine id="r2l36" custom="readingOrder {index:35;}">
                <Coords points="1860,2426 3019,2442 3076,2402 1860,2405"/>
                <Baseline points="1867,2433 1927,2432 1987,2432 2047,2432 2107,2432 2167,2432 2227,2432 2287,2433 2347,2433 2407,2433 2468,2434 2528,2434 2588,2434 2648,2434 2708,2434 2768,2434 2828,2434 2888,2433 2948,2432 3008,2431 3069,2429"/>
                <TextEquiv>
                    <Unicode>Abend am 20 Oktober, um 8 Uhr, im Meistersaal folgendes Pro¬</Unicode>
                </TextEquiv>
            </TextLine>
            <TextLine id="r2l37" custom="readingOrder {index:36;}">
                <Coords points="1863,2476 3053,2478 3069,2432 1863,2444"/>
                <Baseline points="1871,2469 1930,2467 1990,2466 2049,2466 2109,2465 2168,2465 2228,2465 2287,2466 2347,2466 2406,2467 2466,2467 2525,2468 2585,2468 2644,2469 2704,2469 2763,2468 2823,2468 2882,2467 2942,2465 3001,2463 3061,2461"/>
                <TextEquiv>
                    <Unicode>gramm: Das Erdbeben in Chili. — Die heilige Cäcilie oder die Gewalt</Unicode>
                </TextEquiv>
            </TextLine>
            <TextLine id="r2l38" custom="readingOrder {index:37;}">
                <Coords points="1855,2501 3070,2510 3043,2467 1855,2481"/>
                <Baseline points="1863,2504 1923,2502 1983,2501 2043,2501 2103,2500 2163,2500 2223,2500 2283,2500 2343,2501 2403,2501 2463,2501 2523,2501 2583,2502 2643,2502 2703,2502 2763,2502 2823,2501 2883,2501 2943,2500 3003,2499 3063,2497"/>
                <TextEquiv>
                    <Unicode>der Musik, eine Legende. — Anekdoten. — Der Vortragsabend von Edith</Unicode>
                </TextEquiv>
            </TextLine>
            <TextLine id="r2l39" custom="readingOrder {index:38;}">
                <Coords points="1869,2534 3064,2537 3026,2503 1869,2501"/>
                <Baseline points="1876,2537 1935,2535 1994,2534 2053,2533 2112,2532 2171,2532 2230,2532 2289,2532 2348,2532 2407,2533 2466,2533 2525,2534 2584,2534 2643,2535 2702,2535 2761,2535 2820,2535 2879,2534 2938,2534 2997,2532 3057,2531"/>
                <TextEquiv>
                    <Unicode>Herrnstadt=Oettingen findet am Dienstag, 27. Oktober, abends</Unicode>
                </TextEquiv>
            </TextLine>
            <TextLine id="r2l40" custom="readingOrder {index:39;}">
                <Coords points="1861,2561 3074,2579 3036,2535 1861,2544"/>
                <Baseline points="1868,2573 1931,2571 1994,2569 2057,2568 2120,2568 2183,2567 2246,2567 2309,2567 2372,2568 2435,2568 2499,2568 2562,2569 2625,2569 2688,2569 2751,2569 2814,2568 2877,2568 2940,2567 3003,2565 3067,2563"/>
                <TextEquiv>
                    <Unicode>5 Uhr, im Meistersaal mit Werken von Altenberg, Björnson, Bibel,</Unicode>
                </TextEquiv>
            </TextLine>
            <TextLine id="r2l41" custom="readingOrder {index:40;}">
                <Coords points="1860,2607 3046,2614 3070,2577 1860,2590"/>
                <Baseline points="1868,2606 1927,2605 1987,2604 2047,2603 2107,2603 2166,2602 2226,2602 2286,2602 2346,2602 2405,2602 2465,2602 2525,2602 2585,2602 2644,2602 2704,2602 2764,2602 2824,2602 2883,2601 2943,2600 3003,2600 3063,2599"/>
                <TextEquiv>
                    <Unicode>Ball, Dehmel, v. Molo, Hamel, v. Unruh statt. — Mary Schneider</Unicode>
                </TextEquiv>
            </TextLine>
            <TextLine id="r2l42" custom="readingOrder {index:41;}">
                <Coords points="1863,2638 3067,2646 3067,2608 3006,2600 1863,2603"/>
                <Baseline points="1870,2640 1929,2639 1989,2638 2048,2637 2108,2637 2167,2636 2227,2636 2286,2636 2346,2636 2405,2635 2465,2635 2524,2635 2584,2635 2643,2635 2703,2635 2762,2635 2822,2635 2881,2635 2941,2634 3000,2634 3060,2633"/>
                <TextEquiv>
                    <Unicode>gibt am 28. Oktober, um 8 Uhr, im Klindworth=Scharwenka¬</Unicode>
                </TextEquiv>
            </TextLine>
            <TextLine id="r2l43" custom="readingOrder {index:42;}">
                <Coords points="1866,2668 3069,2667 2991,2635 1866,2642"/>
                <Baseline points="1874,2671 1933,2671 1992,2670 2052,2670 2111,2670 2171,2670 2230,2670 2289,2670 2349,2670 2408,2670 2468,2670 2527,2670 2586,2670 2646,2670 2705,2670 2765,2670 2824,2670 2883,2670 2943,2669 3002,2669 3062,2668"/>
                <TextEquiv>
                    <Unicode>Saal einen Vortragsabend „Rhythmen der Gegenwart“; ein¬</Unicode>
                </TextEquiv>
            </TextLine>
            <TextLine id="r2l44" custom="readingOrder {index:43;}">
                <Coords points="1866,2720 3052,2718 3070,2667 1866,2668"/>
                <Baseline points="1874,2706 1933,2706 1992,2705 2052,2705 2111,2705 2171,2704 2230,2704 2290,2704 2349,2704 2409,2704 2468,2704 2527,2704 2587,2704 2646,2704 2706,2704 2765,2704 2825,2704 2884,2703 2944,2703 3003,2703 3063,2703"/>
                <TextEquiv>
                    <Unicode>leitend spricht sie über „Das Wort in unserer Zeit“. — Im</Unicode>
                </TextEquiv>
            </TextLine>
            <TextLine id="r2l45" custom="readingOrder {index:44;}">
                <Coords points="1864,2746 2979,2751 3075,2743 3075,2708 1864,2719"/>
                <Baseline points="1872,2740 1931,2740 1991,2739 2051,2739 2111,2738 2170,2738 2230,2738 2290,2738 2350,2737 2409,2737 2469,2737 2529,2737 2589,2737 2648,2737 2708,2737 2768,2736 2828,2736 2887,2736 2947,2736 3007,2735 3067,2735"/>
                <TextEquiv>
                    <Unicode>Hörsaal der staatlichen Kunstbibliothek, Prinz=Albrecht=Straße 7a,</Unicode>
                </TextEquiv>
            </TextLine>
            <TextLine id="r2l46" custom="readingOrder {index:45;}">
                <Coords points="1864,2765 3075,2772 2935,2736 1864,2747"/>
                <Baseline points="1872,2774 1931,2774 1991,2774 2051,2773 2111,2773 2170,2773 2230,2772 2290,2772 2350,2772 2409,2771 2469,2771 2529,2770 2589,2770 2648,2769 2708,2769 2768,2768 2828,2768 2887,2767 2947,2767 3007,2766 3067,2765"/>
                <TextEquiv>
                    <Unicode>Hof, finden zehn Vorträge über die Keramik aller Zeiten und Völker vom</Unicode>
                </TextEquiv>
            </TextLine>
            <TextLine id="r2l47" custom="readingOrder {index:46;}">
                <Coords points="1873,2809 3065,2816 3065,2773 1873,2772"/>
                <Baseline points="1880,2808 1938,2807 1997,2806 2056,2806 2115,2805 2174,2805 2233,2805 2291,2805 2350,2805 2409,2805 2468,2805 2527,2804 2586,2804 2645,2804 2703,2804 2762,2804 2821,2803 2880,2803 2939,2802 2998,2801 3057,2800"/>
                <TextEquiv>
                    <Unicode>19. Oktober an, jeden Montag abend um 8 Uhr, statt. — An dem ersten</Unicode>
                </TextEquiv>
            </TextLine>
            <TextLine id="r2l48" custom="readingOrder {index:47;}">
                <Coords points="1873,2843 2950,2849 3066,2815 1872,2808"/>
                <Baseline points="1881,2841 1939,2840 1998,2839 2057,2838 2116,2838 2175,2838 2234,2838 2293,2837 2352,2838 2411,2838 2470,2838 2528,2838 2587,2838 2646,2838 2705,2837 2764,2836 2823,2836 2882,2835 2941,2833 3000,2831 3059,2829"/>
                <TextEquiv>
                    <Unicode>Berliner Autorenabend des Volkskraftbundes am 21. Ok¬</Unicode>
                </TextEquiv>
            </TextLine>
            <TextLine id="r2l49" custom="readingOrder {index:48;}">
                <Coords points="1865,2873 3071,2872 3000,2835 1865,2845"/>
                <Baseline points="1873,2875 1932,2874 1992,2873 2051,2873 2111,2872 2170,2872 2230,2872 2289,2872 2349,2872 2408,2872 2468,2872 2527,2872 2587,2872 2646,2872 2706,2872 2765,2872 2825,2871 2884,2871 2944,2870 3003,2869 3063,2867"/>
                <TextEquiv>
                    <Unicode>tober, um 8 Uhr, in der Aula, Georget traße 30, wird Käthe</Unicode>
                </TextEquiv>
            </TextLine>
            <TextLine id="r2l50" custom="readingOrder {index:49;}">
                <Coords points="1863,2905 2993,2926 3067,2909 3067,2873 1863,2892"/>
                <Baseline points="1871,2909 1930,2908 1989,2907 2049,2906 2108,2906 2168,2905 2227,2905 2286,2905 2346,2905 2405,2905 2465,2906 2524,2906 2583,2906 2643,2906 2702,2906 2762,2906 2821,2906 2880,2905 2940,2905 2999,2904 3059,2903"/>
                <TextEquiv>
                    <Unicode>Hyan aus den „Erlebnissen eines Berliner Kindes“ vor¬</Unicode>
                </TextEquiv>
            </TextLine>
            <TextLine id="r2l51" custom="readingOrder {index:50;}">
                <Coords points="1864,2975 2074,2936 2898,2948 2898,2914 2773,2904 1864,2904"/>
                <Baseline points="1871,2947 1924,2945 1978,2944 2031,2943 2085,2942 2139,2941 2192,2941 2246,2940 2300,2940 2353,2940 2407,2940 2460,2940 2514,2940 2568,2940 2621,2940 2675,2940 2729,2941 2782,2941 2836,2941 2890,2941"/>
                <TextEquiv>
                    <Unicode>tregen und dazu neue reizende Volkslieder zur Laute singen.</Unicode>
                </TextEquiv>
            </TextLine>
            <TextLine id="r2l52" custom="readingOrder {index:51;}">
                <Coords points="1911,2995 3005,3007 3072,2991 3072,2936 1911,2977"/>
                <Baseline points="1918,2990 1975,2990 2032,2990 2089,2989 2147,2989 2204,2989 2261,2989 2319,2988 2376,2988 2433,2988 2491,2988 2548,2988 2605,2988 2662,2989 2720,2989 2777,2989 2834,2989 2892,2990 2949,2990 3006,2991 3064,2991"/>
                <TextEquiv>
                    <Unicode>&amp; Berliner Theaterchronik. Erika Gläßner spielt die weibliche</Unicode>
                </TextEquiv>
            </TextLine>
            <TextLine id="r2l53" custom="readingOrder {index:52;}">
                <Coords points="1875,3037 3067,3032 3049,2995 1875,2992"/>
                <Baseline points="1882,3026 1940,3026 1999,3026 2058,3027 2117,3027 2176,3027 2235,3027 2293,3027 2352,3028 2411,3028 2470,3027 2529,3027 2588,3027 2647,3027 2705,3027 2764,3026 2823,3026 2882,3025 2941,3025 3000,3024 3059,3023"/>
                <TextEquiv>
                    <Unicode>Haut rolle in Verneuils Lustspiel „Kopf oder Adler“ das als</Unicode>
                </TextEquiv>
            </TextLine>
            <TextLine id="r2l54" custom="readingOrder {index:53;}">
                <Coords points="1877,3085 2968,3079 2968,3034 2891,3010 1877,3034"/>
                <Baseline points="1885,3062 1938,3061 1992,3061 2046,3061 2100,3060 2153,3060 2207,3059 2261,3059 2315,3059 2368,3059 2422,3058 2476,3058 2530,3058 2583,3058 2637,3058 2691,3058 2745,3058 2798,3059 2852,3059 2906,3059 2960,3060"/>
                <TextEquiv>
                    <Unicode>nächste Erstaufführung im Komödienhaus vorbereitet wird.</Unicode>
                </TextEquiv>
            </TextLine>
            <TextEquiv>
                <Unicode>indliche. u.
och Verfügungel, nort dr

genenen
Duschinsky, oft noch unsicher im Tonfall, aber mit den Zeichen
eines starken Talents für junge Liebhaber; sein Freund ist Heinrich
Schnitzler, des Dichters Sohn, ein liebenswerter Kerl, der mit
der Wiener Erde verwachsen ist. Jacob Tiedtke, als Christinens
Vater, ist echt menschlich im Ausdruck des Leids, #i Mensch voll Güte
und Verstehen.
Auftakt des Abends waren Schnitzlers „Weihnachtsein¬
käufe“ aus dem Anatol=Zyklus. Ein szenischer Dialog mit seinen
Reflexionen über Liebe und Leben, ein dialektisches Schmuckstück, das
von Lina Lossen und Erwin Faber sehr diskret, sehr einfühlsam
gespielt wurde.
Bur.
X Rektoratsübernahme an der Berliner Universität. Cin
Präludium von Bach leitete die Feier in der überfüllten neuen Aula
der Universität ein. Rektor Holl, heute zum letztenmal angetan
mit den Insignien der Rektorenwürde, ergrif das Wort zu einer
längeren Rede, in der er über das abgelaufene Studienjahr Bericht
erstattete. Er gedachte besonders des erst vor einigen Tagen ver¬
storbenen Professors Dr. Hugo Preuß. Dann hielt der neue Rektor
der Berliner Universität, Geheimrat Professor Dr. Josef Pompeckj
seine Antrittsrede über das Thema „Umwelt, Anpassung, Beharrung
im Lichte erdgeschichtlicher Ueberlieferung“. Für den Gang der Ent¬
wickelung ist ihm das allein Entscheidende die geologische Geschichte
des Lebens. Die Momente der Anpassung und Beharrung bestimmen
den Weg, der aus dem Antrieb durch Aenderung der Umwelt ein¬
geleitet wird. Der Mensch unterliegt diesen Gesetzen, er folgt den
Einflüssen der Umwelt. Auch im Menschen ist Beharrung ausgedrückt:
das konservative Prinzip. Für das Schicksal des Menschen kann aber
nur aus dem Zusammenwirken von Anpassung und Beharrung das
für die menschliche Gemeinschaft Nutzbringende hervorgebracht werden.
X Berliner Vorträge. Otto Bernstein rezitiert in seinem Kleist¬
Abend am 20 Oktober, um 8 Uhr, im Meistersaal folgendes Pro¬
gramm: Das Erdbeben in Chili. — Die heilige Cäcilie oder die Gewalt
der Musik, eine Legende. — Anekdoten. — Der Vortragsabend von Edith
Herrnstadt=Oettingen findet am Dienstag, 27. Oktober, abends
5 Uhr, im Meistersaal mit Werken von Altenberg, Björnson, Bibel,
Ball, Dehmel, v. Molo, Hamel, v. Unruh statt. — Mary Schneider
gibt am 28. Oktober, um 8 Uhr, im Klindworth=Scharwenka¬
Saal einen Vortragsabend „Rhythmen der Gegenwart“; ein¬
leitend spricht sie über „Das Wort in unserer Zeit“. — Im
Hörsaal der staatlichen Kunstbibliothek, Prinz=Albrecht=Straße 7a,
Hof, finden zehn Vorträge über die Keramik aller Zeiten und Völker vom
19. Oktober an, jeden Montag abend um 8 Uhr, statt. — An dem ersten
Berliner Autorenabend des Volkskraftbundes am 21. Ok¬
tober, um 8 Uhr, in der Aula, Georget traße 30, wird Käthe
Hyan aus den „Erlebnissen eines Berliner Kindes“ vor¬
tregen und dazu neue reizende Volkslieder zur Laute singen.
&amp; Berliner Theaterchronik. Erika Gläßner spielt die weibliche
Haut rolle in Verneuils Lustspiel „Kopf oder Adler“ das als
nächste Erstaufführung im Komödienhaus vorbereitet wird.</Unicode>
            </TextEquiv>
        </TextRegion>
        <TextRegion orientation="0.0" id="r3" custom="readingOrder {index:2;}">
            <Coords points="3118,1131 3118,1283 3166,1283 3166,1131"/>
            <TextLine id="r3l1" custom="readingOrder {index:0;}">
                <Coords points="3111,1234 3118,1234 3123,1237 3126,1234 3129,1238 3141,1240 3160,1227 3174,1227 3175,1206 3155,1205 3152,1208 3146,1208 3137,1204 3130,1208 3124,1203 3120,1206 3112,1206"/>
                <Baseline points="3118,1231 3166,1233"/>
                <TextEquiv>
                    <Unicode>al</Unicode>
                </TextEquiv>
            </TextLine>
            <TextEquiv>
                <Unicode>al</Unicode>
            </TextEquiv>
        </TextRegion>
        <TextRegion orientation="0.0" id="r4" custom="readingOrder {index:3;}">
            <Coords points="3102,2973 3102,3142 3230,3142 3230,2973"/>
            <TextLine id="r4l1" custom="readingOrder {index:0;}">
                <Coords points="3097,3115 3118,3107 3136,3117 3150,3097 3162,3096 3179,3074 3224,3079 3237,3073 3230,3029 3216,3030 3198,3022 3170,3034 3152,3027 3144,3035 3135,3028 3103,3022 3084,3027"/>
                <Baseline points="3102,3092 3127,3087 3153,3081 3178,3076 3204,3073 3230,3076"/>
                <TextEquiv>
                    <Unicode></Unicode>
                </TextEquiv>
            </TextLine>
            <TextEquiv>
                <Unicode></Unicode>
            </TextEquiv>
        </TextRegion>
    </Page>
</PcGts>
