3436 4224
429 169 781 236 Tebelei
243 163 816 277 S. 1.—
932 163 1347 258 box 13/2
1014 943 1855 1101 A. Z, um kittag, Beri —
1427 1089 1829 1201 17. NA) 1932
925 1179 1806 1320 „Diehochzeitdes Zigaro“
951 1298 1855 1369 Pfingst=Erfolg der Deutschen Musikbühne
999 1360 1828 1442 Mit gemischten Gefühlen setzt man sich bei
941 1435 1842 1486 strahlendem Sonnenschein in das dämmrige Oval
938 1470 1829 1538 des Rose=Theaters. Doch nach wenigen
945 1513 1842 1577 Takten der Ouvertüre, die dem Orchester unter
948 1568 1837 1624 Hans Oppenheims behutsam=graziöser Leitung
944 1599 1839 1665 einen Extraapplaus einträgt, schlägt die von
948 1634 1847 1704 da Ponte=Mozart heraufbeschworene Rokoko¬
960 1695 1842 1740 Atmosphäre alles in Bann. Eine Fülle junger
999 1733 1854 1793 timmen, starker Schauspielbegabungen, feiner
1040 1770 1842 1835 ieeinfälle beschert uns einen verjüngten
959 1808 1846 1874 „Figaro“, von dem man jedes Wort bei sorg¬
958 1866 1839 1917 fältiger Aussprache und guter Akustik des
954 1896 1569 1976 Hauses versteht (eine Seltenheit!).
1011 1934 1832 2003 Mit impulsivem Beifall bei offener Szene
960 1987 1848 2045 und an den Aktschlüssen danken die Zuschauer
962 2028 1834 2080 allen Mitwirkenden: Regisseur Hubert Franz,
956 2079 1837 2140 Heinz Hamer, Agnes von Spetzler, Gertrud
963 2112 1847 2169 Lungershausen, Gerda Kuntzsch (ein entzückender
970 2167 1841 2211 Page), Hans Müller, Dorothea Schröder, Karl
962 2213 1853 2250 Salomon und dem Erbprinzen Reuß, unter
958 2239 1849 2311 dessen Leitung die von der Gemeinnützigen Ver¬
961 2281 1851 2339 einigung zur Pflege deutscher Kunst geschaffene
970 2330 1865 2386 Deutsche Musikbühne ihren bisherigen Provinz¬
965 2375 1744 2441 erfolgen einen größen Berliner hinzufügt.
1691 2397 1842 2479 gh.
950 2497 1838 2646 „Liebelei“ in Mailand
1361 2614 1834 2711 Mailand, Mitte Mai
1021 2711 1858 2768 Auf das Reinhardt=Gastspiel, das auch eine
964 2763 1855 2828 Goldoni=Renaissance in Italien entzündet hat, ist
969 2803 1862 2864 nun im Philodramatischen Theater eine Auffüh¬
977 2855 1864 2908 rung von Schnitzlers „Liebelei“ ge¬
976 2895 1868 2950 folgt, die in der Uebersetzung „Christine“ genannt
978 2935 1853 2991 wird. Vielleicht der Protagonistin Kiki Palmer
973 2971 1865 3031 zuliebe, womit aber keineswegs gesagt sei, daß
978 3017 1863 3074 die durch den Regisseur Scharoff inszenierte
984 3062 1869 3114 Vorstellung lediglich auf sie eingestellt gewesen
976 3107 1862 3161 wäre. Man erlebt hier etwas Erfreuliches: Die
980 3155 1860 3205 Loslösung vom Staatstheater, das, als Erbmasse
977 3201 1872 3244 aus der „Commedia de l’arte“ her, den Bühnen
983 3244 1866 3298 Italiens bisher im Blute lag; man geht dem
977 3280 1477 3342 Ensembletheater entgegen.
1028 3316 1862 3375 Im Zuge dieser Reform, die jetzt das ganze
975 3359 1879 3421 italienische Theater ergreift, stand auch die
974 3407 1879 3463 Leistung der Schauspieler. Neben der von einer
980 3446 1905 3504 unbestimmten Angst gehetzten Christine der Kiki,
