3436 4224
393 152 737 215 iebeler
198 127 748 258 8. J
895 149 1312 235 box 13/8
1598 321 2420 434 „OBSERVER
1696 415 2386 481 I. österr. behördl. konzessioniertes
1669 454 2420 522 Unternehmen für Zeitungs-Ausschnitte
1748 516 2342 603 WIEN, I., WOLLZEILE 11
1810 577 2284 640 TELEPHON R-23-0-43
1622 716 1988 793 Ausschnitt aus:
1929 863 2719 955 Wien 2. Juli-Ausgabe 19#
1466 893 1901 986 Das Programn
1636 945 2573 1031 Der Mann, der das moderne
1766 1026 2438 1127 Burgtheater schuf.
1674 1109 2559 1168 Am 14. Juli hätte Max Burckhard
1648 1163 2550 1216 seinen achtzigsten Geburtstag feiern können.
1645 1208 2559 1267 Im Mai 1890 wurde er zum Burgtheaterdirektor
1645 1253 2557 1314 ernannt, nicht ein volles Jahrzehnt blieb er
1652 1295 2565 1370 auf seinem Posten. Beinahe ein Dutzend Direk¬
1656 1355 2564 1424 toren sind nach ihm ins Burgtheater einge¬
1654 1409 2565 1461 zogen, darunter auch einige Persönlichkeiten
1642 1450 2560 1509 großen Formats (vor allen Hugo Thimig).
1655 1495 2568 1558 Aber, merkwürdige Tatsache, der Glanz des
1645 1559 2561 1602 neuen Burgtheaters geht von der Aera Burck¬
1644 1592 2559 1668 hard aus. Er hatte den Mut, mit der Tradi¬
1655 1644 2560 1712 tion, dort wo sie an Verkalkung grenzte, zu
1658 1703 2561 1746 brechen. Unbekümmert um gegnerische Pro¬
1648 1754 2573 1797 teste brachte er neue Autoren und neue
1653 1788 2567 1861 Schauspieler. Ibsen, Hauptmann und der
1659 1831 2564 1901 junge Wiener Arzt Arthur Schnitzler
1734 2713 2506 2780 Aus Karl Schönherr's „Sonnwendtag“
1671 2766 2575 2817 Otto Tressler und Frau Hedwig Bleibtreu.
1862 2811 2378 2876 (Rechts Adele Sandrock.)
1665 2888 2567 2948 („Liebelei“) haben unter Max Burckhard sieg¬
1672 2949 2576 3002 reichen Einzug in das Haus am Franzensring
1663 2996 2578 3050 gehalten. Er reengagierte Mitterwurzer
1669 3051 2571 3097 und verpflichtete Josef Kainz. Adele Sand¬
1672 3089 2569 3136 rock war vorübergehend unter seiner Direk¬
1672 3142 2583 3196 tion am Burgtheater tätig. Die Bleibtreu,
1676 3197 2579 3247 Treßler und Lotte Medelsky, Repräsen¬
1670 3235 2582 3299 tanten allerbester edelster Burgtheaterkunst
1678 3298 2585 3345 sind gleichfalls unter Burckhard verpflichtet
1674 3332 2583 3389 worden. Er war es auch, der die ehemalige
1669 3393 2582 3450 Hofbühne im edelsten Sinne des Wortes
1662 3424 2581 3493 zur Volksbühne machte. Auch als Schrift¬
1661 3489 2587 3532 steller ist Burckhard erfolgreich vor die
1674 3521 2578 3593 Oeffentlichkeit getreten, seine Stücke „Kather!“
1675 3573 2582 3622 und „Rat Schrimpf“ haben außerordentlich gut
1675 3631 2582 3695 gefallen, seine gesammelten kritischen Auf¬
1667 3672 2579 3723 sätze (unter dem Titel „Theater“ erschienen)
1679 3731 2578 3777 bedeuten eine wertvollé Bereicherung öster¬
1681 3768 2575 3820 reichischer Theatergeschichte. Arthur Schnitz¬
1676 3811 2595 3872 ler hat seinem ersten Förderer und Freund
1667 3866 2604 3929 Max Burckhard in „Professor Bernhardi“ ein
1676 3913 2285 3984 literarisches Denkmal gesetzt.
