3344 4256
-9 2502 51 2604 a
-25 2599 71 2664 Hilf
-14 2650 77 2709 den
-5 2794 84 2853 arch
-10 2835 92 2911 b
8 2982 76 3052 ni
-5 3044 77 3103 herz
491 175 562 247 16
963 163 1418 274 box 11/2
257 174 838 299 5. Lasbelei
412 1773 3073 1898 hat. Nahe Bande der Verwandtschaft, der Freund= nicht widerstehen konnte, mußte das Groß= seinem Herrn gerade in jenen schwierigen Fragen,
420 1883 3078 1919 schaft und der Bundestreue haben bis zum herzogtum mit einer Kriegs=Kontribution die die Kaiserwürde betrafen, und in denen sich der
431 1890 3085 1991 heutigen Tage den mehr als Achtzigjährigen von sechs Millionen Gulden an Preußen bezahlen. königliche Sieger so unzugänglich zeigte, klug zu
425 1953 3093 2016 mit dem Hause Hohenzollern und dem Reiche Kein Fürst mochte aber im Innern seines Herzens gebrauchen. Der Großherzog war kein Freund
190 1962 445 2063 alten u. a.
435 1993 3082 2077 verbunden. Es gibt wenige unter den Bundes= den Sieg eines Gegners jemals freudiger begrüßt des Fürsten. Fürst Bismarck gab selbst zu, daß
428 2062 3082 2130 fürsten, in deren Herzen von allem Anfange an haben, als der Großherzog den der preußischen er im Jahre 1866 Pläne zu bekämpfen hatte, die
434 2090 3091 2174 der nationale Gedanke in so kräftiger Weise Waffen. Nach dem preußischen Siege in Böhmen auf eine Vergrößerung des Großherzogtums
436 2148 3083 2227 Wurzel geschlagen hat, wie in der Seele dieses und vor allem auch nach der Niederlage der Baden, auf Annexion der bayrischen Pfalz und
441 2197 3095 2277 Fürsten aus dem Hause Zähringen: und es gibt auch badischen Division bei Werbach war übrigens die eine Ausdehnung der unteren Maingegend.
438 2229 3092 2320 wenige Herren in deutschen Landen, denen es be= öffentliche Meinung in Baden gar rasch umge= hinauslaufen sollten. Aber Bismarck wollte
439 2280 3086 2374 schieden war, schwerere Prüfungen durchzukämpfen, schlagen. In einer Adresse des Landtages wurde es vermeiden, „in den künftigen deutschen
440 2336 3083 2417 wie gerade ihm. Aber nach all den Kämpfen der Großherzog alsbald gebeten, den nutzlosen Bundesverhältnissen verstümmelte Besitze zu sehen,
1301 2387 3099 2466 Krieg aufzugeben und den Auschluß an Preußen in denen bei Dynastie und Bevölkerung der Wunsch
447 2413 1249 2487 kamen die Siege, die Erfolge und die Ruhe.
2161 2441 3096 2500 nach Wiedererlangung des früheren Besitzes mit
1307 2455 1666 2529 zu bewerkstelligen.
489 2450 1321 2533 Es war eine schlimme Zeit für das großherzog¬
1360 2473 3097 2546 Im August wurde der Alliancevertrag mit fremder Hilfe meuschlicher Schwäche leicht aufge¬
439 2490 1327 2569 liche von Baden, als der Großherzog ge¬
1322 2542 3085 2612 Preußen geschlossen und als vier Jahre später der baut werden konnte. Es wären dies unzuverlässige
442 2554 1323 2614 legentlich der großen Auseinandersetzung Preußens
1322 2585 3085 2660 große Krieg ausbrach, da war es selbstverständlich, Bundesgenossen geworden.“ Es ist begreiflich, daß
453 2605 1324 2665 mit Oesterreich sich im Widerspruche zu der Mehr¬
1321 2636 3084 2708 daß die badischen Truppen Schulter an Schulter dieser Widerstand gewisse Schatten auf das Verhält¬
439 2657 1320 2714 heit seiner Bevölkerung befand. Er, der Schwie¬
193 2629 405 2732 Hudson.
1324 2702 3090 2751 mit den preußischen kämpften. Die badische nis Bismarcks zu dem Schwiegersohn seines Königs
436 2702 1328 2762 gersohn des Preußen=Königs, war gezwungen,
1324 2735 3086 2810 Division stand# ter dem Oberbefehl des Generals werfen mußte. Als jedoch kleine und doch so große
510 2756 1320 2829 s Schwert gegen diesen zu ziehen.
208 2731 332 2824 ng.
443 2803 3079 2855 Wie ungern er dies tat, wie dies erst von Werder, und die Tage von Straßburg, Dijon, Schwierigkeiten hinsichtlich der Formulierung des
457 2829 3093 2915 geschah, als ihm nach einer Anfrage in Berlin die Nuits und Belfert bilden unverwelkliche Ruhmes=Kaisertitels durch die Einwendungen König Wil¬
186 2844 456 2948 iteratur usw.
440 2861 3090 2962 niederschmetternde Kunde ward, Preußen sei nicht blätter in der Geschichte des badischen Armee. Aber helms sich nicht lösen zu lassen schienen, da war es
439 2923 3093 2991 in der Lage, das Großherzogtum im Falle einer bedeutungsvoller als das Eingreifen der kleinen der Großherzog von Baden, der Bismarck neben
453 2981 3096 3051 etwaigen Okkupation von Seite süddeutscher badischen Militärmacht in die Entscheidungen des dem Krouprinzen, jeder in seiner Weise, auf das
440 3022 3087 3109 Truppen zu schützen, das ist in jeder Schilderung großen Kampfes war die persönliche Rolle, die ehrlichse in dessen Vorschlägen unterstützte, wenn
445 3072 3092 3169 jener historischen Ereignisse zu lesen. Wie späterhin Großhrzog Friedrich von Baden als auch keiner von beiden, wie der erste Kanzler in
636 3114 3083 3198 r im Herzen auf der Seite Schwiegersohn des Königs von Preußen und als seinen „Gedanken und Erinnerungen“ hervorhebt,
445 3149 613 3207 wenig
453 3161 3096 3252 Oesterreichs war, war niemandem fremd, der sich einer der ersten seiner Paladine bei der Errichtung der zurnigen Abneigung des alten Herrn gegen den
1327 3225 3086 3287 des Deutschen Reiches spielte. Neben dem Kron= Charakter=Major offen widersprach. Wis zur
427 3236 1330 3310 daran erinnerte, mit welchem Freimut gerade er
1329 3268 3087 3338 prinzen, dem späteren Kaiser Friedrich, besaß wohl Stunde, die der Feierlichkeit in Versailles voraus¬
190 3279 1323 3350 tion fliegen in drei Jahre vor Ausbruch des Krieges am Fürsten¬
187 3314 3088 3419 ager, auf das tage zu Frankfurt den österreichischen dynastischen kein anderer in so unbeschränktem Maße das Ohr ging, war der alte Herr bekanntlich nicht umzu¬
198 3368 3092 3447 ehrwürdigsten Pläuen entgegen zu treten gewagt hatte. und das Vertrauen des greisen fürstlichen Herrn, stimmen und Bismarck erzählt in seinem Memoiren¬
200 3416 3083 3508 den Groß= Daß Friedrich von Baden der Mehrheit wie er. Fürst Bismarck war dies nicht frem“werk, wie er deshalb vor der Feierlichieit im
204 3450 3098 3569 en, hingestreckt seines Ministeriums und seines Landtages und er wußte den Einfluß des Großherzogs Spiegelsaale den Großherzog von Baden noch
