3484 4192
252 1833 332 1923 9
301 160 666 228 Liebelei
840 150 1264 241 box 13/1
397 549 1090 647 Dr. Max Goldschmidt
404 634 1034 710 Büco für Zeitungsausschnitte
247 676 498 760 BERLIN N4
751 705 1228 770 Telefon: Norden 3051
534 854 1301 971 Osdenische Margennasl, Beuthen
700 963 1051 1043 27 Sen. 492
408 1020 1244 1089 * Thalia=Lichtspiele. Ab heute läuft Authur Schwitz
397 1053 1261 1123 s berühmtes Werk „Liebelei“ als Film. Das Schäll¬
364 1105 1247 1151 preeunzählige Bühnen gegangen ist, hat auch
334 1153 1259 1190 auf der Leinwand einen ganz großen Erfolg erzielt und
334 1174 1264 1220 die Herzen von vielen Tausenden gerührt. Evelyn Holt,
332 1211 1260 1259 ein neuer Star, spielt die schwierige Rolle der Christine
334 1245 1264 1296 Neben ihr sind in den tragenden Rollen Vivian Gibson,
336 1282 1264 1323 Hilde Maroff, Louis Lerch, Robert Scholz und Henry
333 1318 1264 1360 Stuart beschäftigt. Das Publikum und die Presse
327 1354 1257 1399 äußerten sich begeistert über die vortreffliche Uebertra¬
343 1387 1266 1425 gung ins Filmische, bei der nichts von der gedanklichen
337 1423 1249 1461 Tiefe des Dichters und von der feinen, rührenden Stim¬
337 1458 1256 1498 mung verloren gegangen ist. Im Beiprogramm läuft
338 1497 1262 1560 etwas Lustiges und das Neueste vom Tage in der Deulig¬
334 1523 473 1580 Woche.
373 1560 425 1625 00
494 1798 1171 1883 Dr. Max Goldschmict
496 1886 1140 1965 Büro für Zeitungsausschnitte
316 1934 608 2016 BBRLIN N 4
859 1944 1314 2023 Telefon: Norden 3051
646 2050 983 2121 Ausschnitt aus:
576 2105 1066 2202 Tagespost, Graz
713 2267 1138 2386 3Nov. 1927
634 2350 1024 2421 •.—
416 2425 1115 2524 Aus der Welt des Filmes.
350 2522 1234 2581 Union=Kino. Die Direktion bringt ein erst¬
297 2562 1209 2631 klassiges Stück: „Liebele von Artur Schnitzler.
315 2617 1233 2687 Dieses in der Wiener Seele wurzeinde Drama
318 2658 1237 2732 gibt der Film ebenso seelenvoll wieder, und man
317 2719 1236 2790 billigt diesmal die Reklame: „Dieser Film wird
320 2772 1230 2821 Ihnen zum Erlebnis.“ Erlebnis ist vor allem
319 2805 1233 2882 das Spiel der schlichten Evelyn Holt als
314 2867 1232 2927 Christine, die den „Wolterschrei“ im Film er¬
327 2901 1229 2967 funden zu haben scheint. Ihr Aufschrei bei der
315 2963 1237 3028 Bahre ihres Liebsten (Louis Lerch als Fritz Lob¬
317 2996 1236 3058 mayer prächtig!) ist eine mimische Glanzleistung.
323 3045 1232 3109 Sensible Naturen hören diesen stummen Schmer¬
313 3103 1237 3173 zensschrei. Die übrige Darstellung und Regie ist
318 3144 1239 3213 ebenfalls hohe Klasse: Vivian Gibson gibt die
314 3185 1232 3256 tändelnde Salondame, um derentwillen der junge
316 3247 1240 3319 Fritz im Duell erschossen wird, mit dem ganzen
320 3301 1228 3351 Aufgebot ihres katzenhaft schillernden Esprits.
327 3362 1235 3404 Abgesehen von einigen dick aufgetragenen Senti¬
321 3400 1244 3464 mentalitäten dürfte Schnitzler schwer besser ver¬
326 3425 1241 3501 filmt werden können. Auch das Veiprogramm ist
301 3489 1241 3546 vorzüglich. Eine mutige Kajakfahrt auf der Traun
307 3532 1241 3604 wird die Sportler entzücken. Der Grazer Film¬
309 3593 1241 3649 künstler Herr Lötsch zeigt außerdem sehr gut
322 3614 1277 3711 gelungene Aufnahmen von der Flitsch=Feier, die
326 3673 1245 3766 in jedem internationalen Journal Platz finden
1060 3727 1243 3808 h. ar
304 3743 505 3820 könnten.
1799 1525 1912 1626 □
2013 1624 2670 1720 Dr. Max Goldschmidt
2018 1710 2655 1793 Büro für Zeitungsausschnitte
1832 1750 2123 1837 BBRLIN N 4
2373 1776 2819 1860 Telefon: Norden 3051
2156 1879 2502 1948 Ausschnitt aus:
1895 1922 2752 2028 Oeidentsche Morgenpost, Beuthen
2236 2032 2652 2154 26. Nov. 1927.—
2092 2087 2324 2183 Glelwitz
1907 2159 2545 2249 Liebelei“ in der Schauburg
1812 2215 2598 2289 Das gleichnamige Schauspiel ist eines
1751 2276 2633 2322 ersten Werke Schnitzlers. Es ist erfüllt von de
1751 2318 2665 2368 weichsten WieneStimmung. Das eigentliche
1739 2364 2664 2411 Wienertum kommt in seiner feinsinnigsten Form,
1744 2398 2668 2450 wenn auch mitunter recht sentimental, zum Aus¬
1748 2435 2665 2478 druck. Alle Gefühlskraft dieses halb ernsten und
1743 2476 2666 2516 halb heiteren, dieses zärtlichen und melancholischen
1739 2514 2658 2571 Stückes ist in diesem Filmwerk eingefangen, das
1747 2556 2669 2619 zwar mitunter die rein gefühlsmäßige Seite des
1758 2591 2664 2634 Schauspiels übersteigt, aber trotzdem eine außer¬
1748 2622 2670 2703 ordentlich feinsinnige Stimmung schafft, die selbst
1745 2669 2485 2727 in den dramatischen Szenen nachwirkt.
1800 2701 2668 2754 Evelyn Holt und Vivian Gibson sind die
1741 2735 2661 2801 besten Darstellerinnen für diese Stimmung, die
1737 2778 2640 2835 sie ausgezeichnet vermitteln. Robert Schol
1739 2824 2652 2868 und Jaro Fürth verkörpern die beiden Träger
1730 2865 2662 2920 des Liebeserlebnisses von der Eigenart, wie es
1744 2900 2645 2952 Schnitzler gesialtet hat. Ein großer Ausstattungs¬
1745 2940 2650 3015 film „Einmal im Leben einer jeden Frau“ rundet
1730 2979 2378 3050 das Programm wirkungsvoll ab.
1848 3049 2045 3117 M
