3108 4224
2612 99 2864 165 Seite 13.
77 84 321 166 Nr. 63.
598 90 1004 167 Wien, Mittwoch
1159 95 1769 197 Fremden-Blatt.
1927 101 2287 171 4. März 1896.
1477 185 1757 247 obendrein —
1736 159 2880 254 Jungser Immergrin warte auch heute noch schnend.
479 90 1050 300 Fenilleton.
1473 235 2886 305 In dem Werke setzt es viele, zumeist verhaltene Thränen ab, und ein Zug
1472 280 2896 343 wehmüthiger Rührung, der nicht von der Bühne weicht, verschafft allen
1477 333 2893 392 nicht hypersentimentalen Zuhörern den schönsten Gemüthsrheumatismus.
449 305 1100 417 Berliner Theaterbrief.
1467 369 2884 437 Wenn der Vorhang aufgeht, himmelt die Jungfer das Bild ihres
54 364 764 447 Das Theater des Westens.
821 371 1465 467 Schnitzler's „Liebelei“ im
774 388 847 455 —
1479 418 2892 478 Schatzes an und plaudert länglich mit ihm: sie weiß, daß die Tugend
54 425 1464 481 Deutschen Theater. — „Jungfer Immergrün", Schauspiel in 1 Aufzug
58 456 1467 529 und „Der Junge von Hennersdorf“, Volksstück in 2 Aufzügen, beide
1479 464 2889 526 siegen muß und daß sie triumphiren wird über Alle, die ihres frommen
53 500 1470 556 von Ernst v. Wildenbruch. (Lessing=Theater.) — „Der Thron seiner
1477 519 2887 587 Glaubens spotten. Wenn der Vorhang niedergeht, hat Immergrün
60 546 1463 598 Väter", Lustspiel in 4 Aufzügen von Fedor v. Zobeltitz. (Lessing¬
1461 547 2888 632 thatsächlich Recht behalten, Schirmherr und Vogt der Tugend aber
58 581 1464 658 Theater.) — „Hölel zum Freihafen“, Schwank in 3 Aufzügen von
1471 612 2887 682 war Se. Majestät, Friedrich Rez, der nebenbei das Laster gewaltig
377 623 1168 672 Georges Feydeau. (Residenz=Theater.)
1470 659 2890 726 bestraft. Noch Schöneres, Romantischeres und Gerührteres begibt sich im
150 644 1469 718 Von allen Berliner Theatern macht zur Zeit am meisten eins
1462 703 2893 772 zweiten Stücke, dem „Jungen von Hennersdorf“. War einmal ein
48 686 1471 768 von sich reden, das noch gar nicht unter Dach und Fach ist: Das
1469 752 2897 819 Unteroffizier, der leider Gottes bei Hohenfriedberg fiel, so daß er sich
46 749 1463 820 neue „Theater des Westens“, und zwar besorgt es dies Von=sich=reden¬
1464 805 2884 862 genöthigt sah, das seiner geliebten Auguste gegebene Heiratsversprechen
49 805 1469 870 machen ganz einfach durch mehr als ausgiebige Versendung von Wasch¬
1460 842 2883 917 zu brechen. Auguste aber hielt sich vor Gott für seine Frau, und
47 858 1468 917 zetteln aller Größe und Güte. Blaue Wunder werden darin von der
1465 891 2885 963 während ihr Knäblein zu Hennersdorf die Schweine hütete, stand sie,
46 899 1466 955 noch nie dagewesenen Pracht erzählt, die uns in der kommenden
1463 933 2887 1017 bieder und brav, zu Berlin im Dienste eines niederträchtigen Rentiers.
43 945 1467 1016 Saison aus dem jüngsten Musentempel der Reichshauptstadt entgegen¬
1460 985 2880 1058 Nun begab sich zweierlei. Der bübische Rentier war mit einem
40 1004 1461 1066 prunken soll. Garderobe und Buffet sind zu unerhörten Preisen ver¬
1464 1035 2877 1109 schurkischen Kammerdiener bekannt, und Beide faßten den schwarzen
44 1038 1464 1102 pachtet worden, aber wenn der etwaige Besucher dafür auch von den
1454 1077 2888 1143 Plan, Auguste nach Dresden zu verschle##, wo der lustige Sachsen¬
39 1074 1455 1155 Pächtern entspr##nd unerhört geschröpft wird, so bleibt ihm die tröst¬
1463 1135 2876 1194 und Polenfürst urfidelen Hof hielt; Damenbesuch war immer gern
41 1123 1458 1203 liche Gewißheit, daß die Theaterverwaltung „selbst den vom Bahnhof
1458 1181 2885 1240 gesehen. Daneben aber entschloß sich der Alte Fritz, bei Hennersdorf
41 1175 1464 1248 Zoologischer Garten bis zum Hause führenden Weg in reichster Weise
1464 1227 2887 1292 die Sachsen aufs Haupt zu schlagen, und im Interesse aller Betheiligten
39 1235 1466 1295 elektrisch zu beleuchten beabsichtigt". Da jedoch zu Berlin schon mehrere
1462 1273 2875 1326 war es just der Sohn Augustens, der strategisch veranlagte Schweine¬
38 1280 1455 1337 Luxustheater chronisch leer stehen, ist dringend zu wünschen, daß nicht
1460 1327 2876 1390 hirt, der Ziethen's Husaren über Sumpfland den Sachsen in den Rücken
45 1333 1462 1386 nur „die Beleuchtung des Theaters des Westens an Schönheit und
1470 1366 2879 1436 führte. Diese Geschehnisse kombinirt der Poet aufs Erbaulichste. In
36 1375 1467 1444 Lichtfülle alle übrigen Theater Berlins übertrifft“, sondern daß sich
1450 1418 2873 1472 Berlin hat sich die Nachricht von einer Niederlage des Königs ver¬
43 1406 1463 1479 ein Gleiches auch von seinen künstlerischen Darbietungen sagen läßt.
1459 1464 2873 1533 breitet, oben bemeldeter Rentner reißt, um seine Habe fürchtend, nach
42 1462 1462 1535 Ueber diesen Punkt freilich schweigen die Reklamenotizen verlegen
1463 1499 2883 1577 Sachsen aus, wird aber zurückgebracht, und erzählt, daß die Angst vor
40 1508 1461 1581 und mit erstaunlicher Bescheidenheit. Aber alle dekorative Märchen¬
1465 1553 2875 1612 den Panduren ungerechtfertigt sei: Friedrich sei Sieger geblieben.
39 1564 1463 1649 herrlichkeit aus 1001 Nacht gewährleistet einer Bühne noch keine
1468 1609 2871 1658 Jubelgeschrei, Fanfaren: Ziethen kommt daher geritten, den Jungen
49 1607 374 1676 1001 Abende.
1464 1630 2874 1707 von Hennersdorf im Sattel, Auguste wird im Namen „König Fritzekens“.
152 1648 1464 1734 Weniger als das werdende Theater nehmen die fertigen das
1460 1708 2870 1767 für die Frau und Witwe des bei Hohenfriedberg gefallenen Braven
42 1687 1459 1780 öffentliche Interesse in Anspruch. Sogar die Kassa=Rapporte werden
1460 1739 2873 1802 erklärt, eine Witwenpension bleibt nicht aus. Das lärmvolle Stück
41 1749 1451 1814 dem Zeitungsleser nicht mehr zum Morgenkaffee vorgelegt — vielleicht,
1456 1792 2880 1871 verräth nur zuweilen die dramatische Begabung Wildenbruch's; es ist
42 1801 1455 1870 weil sich mit ihnen zur Zeit wirklich nicht renommiren läßt, vielleicht
1448 1842 2882 1909 mit ganz äußerlichen Mitteln gearbeitet, ganz auf grobe Coulissen¬
36 1854 1456 1914 aber auch, weil die Direktionen auch an diesem Lockmittel verzweifeln,
1453 1890 2880 1960 effekte angelegt, aber all' diese Mittel versagten, und all' die patrio¬
44 1881 1458 1968 der stumpfen, zirkusstürmenden und musenhausmeidenden Masse gegen¬
1456 1929 2662 2006 tischen, rührseligen und Bumbum=Trarrah=Effekte verpufften.
44 1947 1464 1994 über. Besser als die Theaterleiter haben es die Männer, die sich an¬
36 1983 1463 2060 aeblich mit Kunstkritik befassen; sie feiern seit Wochen frohe Feste.
1554 1977 2880 2064 Erfolglos blieb im Lessing=Theater auch Fedor v. Zobeltitz'
46 2025 1455 2102 Kein Stück taucht auf, das mit der Kunst auch nur das Geringste zu
1455 2036 2886 2102 Lustspiel „Der Thron seiner Väter“ Herr v. Zobeltitz nimmt
43 2088 1459 2141 thun hat. Schnitzler's Liebelei“ diese reifste Schöpfung der
1460 2076 2880 2148 unterm Berliner Dichteradel nicht den letzten Platz ein; seine No¬
37 2122 1461 2189 soi-disant naturalistischen Moderne, hat in Wien längst die innige
1454 2122 2885 2187 vellistik ist nicht nur beim Familienblatt=Publikum beliebt, und daß
41 2172 1454 2235 Würdigung gefunden, die ihr gebührt. Es scheint, als könne das Deutsche
1451 2176 2871 2232 sein Schauspiel „Ohne Geläut“ zu schönen Hoffnungen anregte, be¬
41 2228 1458 2297 Theater auch mit dem äußeren Erfolg des Werkes zufrieden sein; ein
1450 2225 2881 2295 merkte ich bereits. Aber das neue Lustspiel ließ keine davon in Er¬
39 2263 1449 2338 Schlager im gewöhnlichen Sinne ist es freilich nicht, und es fragt sich
1460 2271 2884 2341 füllung gehen. Dabei ist die Idee keineswegs übel, der Verfasser hätte
38 2319 1458 2375 sehr, ob es ihm gelingen wird, die Zuschauer wieder anzulocken, die
1458 2326 2881 2371 nur nöthig gehabt, sich auf sie zu konzentriren, und ein Sieg wäre
45 2358 1462 2448 durch die dröhnenden Mißerfolge der 'letzten Zeit aus dem Theater
1454 2357 2877 2434 ihm sicher gewesen. Aber die satirische Kraft Zobeltitz' reichte nicht
45 2403 664 2485 Brahm's gejagt worden sinb.
1455 2418 2882 2482 aus, um den Kampf eines jungen Thronerben, der zwischen Krone und
151 2460 1453 2536 Die neuen Darbietungen der übrigen Bühnen stehen außerhalb
1458 2464 2878 2509 Braut wählen muß, lustig zu vertiefen; er blieb an der Oberfläche
45 2509 1452 2564 der Literatur und sind weniger im kritischen Theile einer Zeitung als
1448 2503 2868 2565 haften, sagte wohl manch' komisches Wort und ersann ein paar wirklich
39 2559 1449 2620 in der Rubrik „Vergnügungsschau“ zu besprechen. Dabei sind es doch
1450 2556 2874 2609 drollige Szenen, ohne uns doch den Gegenstand menschlich näher zu
36 2602 1445 2665 zum Theil recht stolze Flaggen unter denen diese „Theaterdichtungen“
1454 2598 2874 2675 rücken. Er half sich durch endlose Wiederholungen, das Karoussel
33 2643 1464 2724 segeln: Ernst von Wildenbruch, Fedor von Zobeltitz — der
1454 2640 2874 2730 drehte sich viermal um dieselbe Achse, und immer huschten dieselben
34 2687 1443 2757 Autor des vielversprechenden, märkischen Schauspieles „Ohne Geläut“
1453 2702 2863 2766 Gedanken vorüber. Weil indeß vier Akte selbst durch die unbarm¬
40 2729 1460 2803 über däs ich Ihnen seiner Zeit eingehend und freudevoll berichtete.
1446 2740 2876 2805 herzigste Ausquetschung der Zitrone nicht genugsam gewürzt werden
37 2788 1454 2861 Wildenbruch hat dem Lessing=Theater zwei Werke überlassen, einen
1445 2793 2869 2864 konnten, mußten die üblichen Lustspielscherze weidlich herhalten. Neben
36 2826 1456 2915 Einakter: „Jungfer Immergrün“, und ein Volksstück in zwei
1446 2841 2877 2911 dem jungen Gardelieutenant, den ein ungeahnter Zufall auf den Thron
46 2879 1449 2954 Aufzügen: Der Junge von Hennersdorf“ Beide Stücke
1445 2885 2876 2965 des Bundesstaates Hegenau hebt, und seinem ihm nun nicht mehr
39 2916 1452 2999 sind eine Huldigung vor den Manen des alten Fritz, aber Huldigungen
1447 2935 2864 3016 ebenbürtigen Cousinchen gibt es noch unterschiedliche andere Liebes¬
42 2975 1452 3035 von der Art, die man besser im einsamen Kämmerlein, nicht vor einem
1443 2988 2863 3057 paare, die sich zum Schluß gleichfalls Alle kriegen. Dann wird auch
37 3022 1450 3088 Parket von Premikregängern vornimmt. Herr v. Wildenbruch hat
1456 3033 2872 3090 die komische, ältliche Dame gegeißelt, die in unserem Falle Vorsitzende
32 3061 1459 3142 eine eigene Manier, vergangene Zeiten zu sehen und zu schildern; er
1455 3061 2875 3155 einer Abtheilung der europäischen Friedensgesellschaft ist und alle Hebe.
37 3106 1451 3186 sieht und schildert sie genau so, wie es dem jeweilig herrschenden
1453 3119 2867 3196 in Bewegung setzt, den Thronfolger Christian mit seinen 28 Mann
39 3148 1463 3237 Geschmacke entspricht. Daß der historische Dichter eigentlich verpflichtet
1446 3174 2866 3252 Kontingent zur Abrüstung zu bewegen. In einem Soldatenstück darf
29 3197 1453 3289 ist, seinen Geschöpfen aus verschollenen Tagen Geist und Blut zu geben,
1447 3230 2867 3291 der unfreiwillig humoristische Einjährig=Freiwillige nicht fehlen, der sich
37 3252 1447 3332 erkennt er nicht an; er behilft sich mit rasch zusammengeborgten
1447 3267 2867 3333 hier besonders dadurch auszeichnet, daß er partout keine Braut bekommt.
41 3309 1451 3375 Maskenkostümen in seinen schwächeren Arbeiten, mit Einwebung neu¬
1449 3315 2869 3371 All diese Handlungen und Wirrungen hat Herr v. Zobeltitz nach bestem
37 3354 1447 3424 zeitlicher Ideen in seinen besseren Schöpfungen. Anachronismen scheinen
1439 3352 2870 3428 Können durcheinander gerührt und so viel Geschichtchen und Mätzchen
34 3379 1447 3472 diese wie jene. „Jungfer Immergrün“ und Der Junge von Henners¬
1451 3412 2868 3479 hinaufgegossen, daß es fast unmöglich ist, festzustellen, wonach das
33 3445 1450 3525 dorf“ sind keine Juwelen in Wildenbruch's Dichterkrone, muthen Einem
1443 3454 2867 3525 Ragont eigentlich schmeckt. Da das Stück in den beiden ersten Akten
27 3489 1447 3557 vielmehr wie schnell hingeschriebene Gelegenheitswerke an, die auf
1447 3510 2868 3575 wesentlich straffer geführt war als gegen Schluß, wo es sich in hundert
31 3532 1455 3618 Gewerbe=Ausstellungen und bei patriotischen Feierlichkeiten ihren Zweck
1445 3554 2879 3635 Einzelheiten zerfaserte, ließ das Interesse bald nach, und Herr v. Zobeltitz:
29 3592 1453 3660 erfüllen mögen, mit dem Theater aber nichts zu schaffen haben.
1447 3607 2867 3672 vermochte nicht die Erbschaft Moser's anzutreten, was er wohl ge¬
35 3638 1452 3711 Jungfer Immergrün ist die Braut eines ewigen Predigtamtskandidaten,
1449 3645 1698 3719 hofft hatte.
37 3690 1447 3761 eines Hans im Unglück, auf den sie nun schon zwanzig Jahre lang
1551 3694 2870 3771 Wenn die Franzosen neuerdings zwar auch davon absehen, ihren
34 3732 1450 3805 sehnend wartet. Aber noch immer ist keine Hoffnung, daß der Pech¬
1449 3738 2859 3827 Schwänken eine einheitliche Idee zugrunde zu legen, so vermeiden sie es
29 3781 1453 3855 vogel endlich zu einer Anstellung und damit in den Besitz seines
1440 3796 2868 3864 doch mit Glück, ihre komische Kraft zu verzetteln. Niemals rauben die
27 3820 1440 3900 Bräutchens gelange. Wäre nicht ein Tückebold von Beamter gewesen,
1445 3839 2869 3921 Nebenfiguren den Hauptrollen Luft und Licht, und drängen sie für
28 3865 1448 3947 der ihn seines aus Nürnberger Batzen bestehenden, kleinen Vermögens
1445 3897 2869 3977 ganze Akte in den Hintergrund zurück. Alles ist dazu auf die Schluß¬
27 3922 1444 3986 beraubte, mit der Motivirung, daß König Friedrich das Geld verboten
1443 3945 2867 4032 pointe zugeschnitten; malt man anfangs auch mit behaglich breitem
34 3974 1444 4036 habe; wäre nicht der König dazu gekommen und hätte dem Kandidaten
1441 3985 1655 4047 Pinsel,
1684 3987 2863 4060 verfeinert sich der Strich sichtbar im letzten Aufzuge.
34 4030 2864 4089 seine Batzen wiedergegeben und die Braut zusammt einer Lehrerstelle 1 G. Feydeau's neuer Schwank „Hotel zum Freihafen“ ist
