<?xml version="1.0" encoding="UTF-8" standalone="yes"?>
<PcGts xmlns="http://schema.primaresearch.org/PAGE/gts/pagecontent/2013-07-15" xmlns:xsi="http://www.w3.org/2001/XMLSchema-instance" xsi:schemaLocation="http://schema.primaresearch.org/PAGE/gts/pagecontent/2013-07-15 http://schema.primaresearch.org/PAGE/gts/pagecontent/2013-07-15/pagecontent.xsd">
    <Metadata>
        <Creator>prov=University of Rostock/Institute of Mathematics/CITlab/Gundram Leifert/gundram.leifert@uni-rostock.de:name=ONB_Newseye_GT_M1+(htr_id=10810)::::v=2.4.2
prov=University of Rostock/Institute of Mathematics/CITlab/Tobias Gruening/tobias.gruening@uni-rostock.de:name=de.uros.citlab.module.baseline2polygon.B2PSeamMultiOriented:v=2.4.2
prov=University of Rostock/Institute of Mathematics/CITlab/Tobias Gruening/tobias.gruening@uni-rostock.de:name=/mnt/transkribus/LA/DEA/URO/LA_news_onb_att.pb:de.uros.citlab.segmentation.CITlab_LA_ML:v=2.4.2
Transkribus</Creator>
        <Created>2019-10-07T11:52:11.054+02:00</Created>
        <LastChange>2019-10-09T03:51:47.183+02:00</LastChange>
        <TranskribusMetadata docId="223992" pageId="9507600" pageNr="453" tsid="16620385" status="IN_PROGRESS" userId="40391" imgUrl="https://files.transkribus.eu/Get?id=KUYFURTOGJHHIPVVLPAUCODH&amp;fileType=view" xmlUrl="https://files.transkribus.eu/Get?id=HJNBVRCPQHMGUDLXJVMGVAGC" imageId="6197269"/>
    </Metadata>
    <Page imageFilename="223992_0453.jpeg" imageWidth="3344" imageHeight="4192">
        <ReadingOrder>
            <OrderedGroup id="ro_1711445839259" caption="Regions reading order">
                <RegionRefIndexed index="0" regionRef="r1"/>
                <RegionRefIndexed index="1" regionRef="r2"/>
            </OrderedGroup>
        </ReadingOrder>
        <TextRegion orientation="0.0" id="r1" custom="readingOrder {index:0;}">
            <Coords points="260,257 260,3985 1776,3985 1776,257"/>
            <TextLine id="r1l1" custom="readingOrder {index:0;}">
                <Coords points="439,293 808,296 808,229 439,230"/>
                <Baseline points="449,289 474,287 499,286 524,285 549,284 574,284 599,284 624,284 649,284 674,284 699,284 724,284 749,283 774,283 800,282"/>
                <TextEquiv>
                    <Unicode>Liebelei</Unicode>
                </TextEquiv>
            </TextLine>
            <TextLine id="r1l2" custom="readingOrder {index:1;}">
                <Coords points="970,296 1093,300 1167,284 1200,301 1221,292 1337,316 1393,276 1418,278 1419,235 1355,224 1316,236 1270,216 1155,248 1093,221 970,240"/>
                <Baseline points="979,285 1004,283 1029,283 1054,283 1080,283 1105,283 1130,284 1156,284 1181,285 1206,286 1231,287 1257,287 1282,287 1307,287 1333,286 1358,285 1383,283 1409,280"/>
                <TextEquiv>
                    <Unicode>bor 10/6</Unicode>
                </TextEquiv>
            </TextLine>
            <TextLine id="r1l3" custom="readingOrder {index:2;}">
                <Coords points="281,298 373,298 450,325 834,326 836,270 796,268 768,291 539,277 508,289 481,286 448,250 284,231"/>
                <Baseline points="290,280 316,285 343,289 370,294 397,297 424,300 450,302 477,304 504,306 531,307 558,308 584,308 611,309 638,309 665,309 692,309 718,308 745,308 772,308 799,307 826,307"/>
                <TextEquiv>
                    <Unicode>5. Knnnn 4</Unicode>
                </TextEquiv>
            </TextLine>
            <TextLine id="r1l4" custom="readingOrder {index:3;}">
                <Coords points="520,562 858,562 858,524 520,524"/>
                <Baseline points="530,550 556,549 583,549 609,549 636,550 662,550 689,550 716,550 742,549 769,549 795,548 822,548 849,547"/>
                <TextEquiv>
                    <Unicode>###an iensesteeaeseneseaueer</Unicode>
                </TextEquiv>
            </TextLine>
            <TextLine id="r1l5" custom="readingOrder {index:4;}">
                <Coords points="861,638 895,637 907,650 1224,644 1226,586 1096,577 862,591"/>
                <Baseline points="870,638 896,639 922,639 949,640 975,640 1002,641 1028,641 1055,642 1081,643 1108,644 1134,645 1161,647 1187,648 1214,651"/>
                <TextEquiv>
                    <Unicode>Telefon 12801.</Unicode>
                </TextEquiv>
            </TextLine>
            <TextLine id="r1l6" custom="readingOrder {index:5;}">
                <Coords points="251,780 1522,744 1474,687 1128,673 327,693 250,733"/>
                <Baseline points="260,756 322,754 385,753 447,751 510,749 573,747 635,745 698,743 760,741 823,739 886,738 948,736 1011,735 1073,733 1136,732 1199,731 1261,731 1324,730 1386,730 1449,731 1512,732"/>
                <TextEquiv>
                    <Unicode>M Unternehmen für Zeitungs-Ausschnitte</Unicode>
                </TextEquiv>
            </TextLine>
            <TextLine id="r1l7" custom="readingOrder {index:6;}">
                <Coords points="1555,745 1606,763 1624,754 1642,758 1663,777 1688,778 1707,769 1735,777 1754,760 1785,755 1786,724 1744,720 1734,710 1690,724 1639,713 1608,725 1556,707"/>
                <Baseline points="1564,748 1590,748 1617,748 1643,748 1670,749 1696,750 1723,751 1749,752 1776,754"/>
                <TextEquiv>
                    <Unicode>Ausschnitt</Unicode>
                </TextEquiv>
            </TextLine>
            <TextLine id="r1l8" custom="readingOrder {index:7;}">
                <Coords points="1498,847 1541,855 1592,848 1663,865 1673,858 1719,866 1738,848 1775,838 1778,791 1743,789 1714,769 1688,779 1657,779 1643,769 1601,782 1567,760 1551,766 1537,755 1502,755"/>
                <Baseline points="1508,835 1533,835 1559,835 1585,837 1611,839 1637,840 1662,842 1688,843 1714,845 1740,845 1766,846"/>
                <TextEquiv>
                    <Unicode>Nr. 15</Unicode>
                </TextEquiv>
            </TextLine>
            <TextLine id="r1l9" custom="readingOrder {index:8;}">
                <Coords points="684,875 924,853 1295,872 1354,851 1353,782 1089,750 682,770"/>
                <Baseline points="693,854 725,853 758,852 790,851 823,850 856,850 888,849 921,849 953,848 986,848 1019,848 1051,848 1084,847 1116,847 1149,847 1182,846 1214,846 1247,845 1279,844 1312,843 1345,843"/>
                <TextEquiv>
                    <Unicode>„OBSERVER“</Unicode>
                </TextEquiv>
            </TextLine>
            <TextLine id="r1l10" custom="readingOrder {index:9;}">
                <Coords points="318,932 1443,947 1711,933 1781,880 318,883"/>
                <Baseline points="327,919 399,919 471,919 543,919 616,919 688,919 760,919 833,918 905,918 977,917 1050,916 1122,916 1194,915 1266,915 1339,914 1411,914 1483,913 1556,913 1628,913 1700,913 1773,914"/>
                <TextEquiv>
                    <Unicode>I. österr. behördl. concess. Bureau für Zeitungsberichte und Personalnachrichten</Unicode>
                </TextEquiv>
            </TextLine>
            <TextLine id="r1l11" custom="readingOrder {index:10;}">
                <Coords points="615,1016 1478,1008 1478,950 1411,941 1266,963 1174,938 615,938"/>
                <Baseline points="624,993 666,995 708,996 750,998 792,998 835,999 877,999 919,999 961,998 1003,998 1046,998 1088,997 1130,997 1172,996 1214,995 1257,995 1299,995 1341,994 1383,994 1425,995 1468,995"/>
                <TextEquiv>
                    <Unicode>Wien, IX/ Türkenstrasse 17.</Unicode>
                </TextEquiv>
            </TextLine>
            <TextLine id="r1l12" custom="readingOrder {index:11;}">
                <Coords points="521,1091 1525,1077 1525,1035 1440,1024 521,1035"/>
                <Baseline points="531,1068 580,1069 629,1070 678,1071 728,1072 777,1072 826,1073 875,1073 925,1073 974,1073 1023,1073 1072,1073 1122,1072 1171,1072 1220,1071 1269,1071 1319,1070 1368,1069 1417,1069 1466,1068 1516,1067"/>
                <TextEquiv>
                    <Unicode>— Filiale in Budapest: „Figyelö“. VIII. Josefsring 31a. —</Unicode>
                </TextEquiv>
            </TextLine>
            <TextLine id="r1l13" custom="readingOrder {index:12;}">
                <Coords points="298,1263 1488,1253 1486,1168 1439,1158 297,1205"/>
                <Baseline points="307,1249 365,1250 424,1250 482,1250 541,1250 600,1249 658,1248 717,1248 775,1246 834,1245 893,1243 951,1241 1010,1239 1068,1238 1127,1236 1186,1234 1244,1231 1303,1230 1361,1228 1420,1226 1479,1225"/>
                <TextEquiv>
                    <Unicode>Ausschnitt aus: Berliner Tageblatt</Unicode>
                </TextEquiv>
            </TextLine>
            <TextLine id="r1l14" custom="readingOrder {index:13;}">
                <Coords points="329,1423 853,1404 853,1348 788,1333 693,1348 329,1336"/>
                <Baseline points="338,1396 363,1398 388,1399 413,1400 439,1402 464,1403 489,1404 515,1404 540,1405 565,1405 591,1405 616,1405 641,1405 666,1404 692,1404 717,1403 742,1402 768,1402 793,1400 818,1400 844,1398"/>
                <TextEquiv>
                    <Unicode>vom 4 1838</Unicode>
                </TextEquiv>
            </TextLine>
            <TextLine id="r1l15" custom="readingOrder {index:14;}">
                <Coords points="611,1517 1660,1507 1659,1455 1207,1482 610,1459"/>
                <Baseline points="619,1516 670,1516 722,1516 773,1516 825,1516 877,1516 928,1515 980,1515 1031,1515 1083,1514 1135,1514 1186,1513 1238,1512 1289,1512 1341,1511 1393,1510 1444,1509 1496,1507 1547,1505 1599,1504 1651,1501"/>
                <TextEquiv>
                    <Unicode>Adele Sandrock ab gestern im Goethe=Theater vor</Unicode>
                </TextEquiv>
            </TextLine>
            <TextLine id="r1l16" custom="readingOrder {index:15;}">
                <Coords points="539,1527 604,1525 602,1480 537,1480"/>
                <Baseline points="548,1515 595,1513"/>
                <TextEquiv>
                    <Unicode>P.</Unicode>
                </TextEquiv>
            </TextLine>
            <TextLine id="r1l17" custom="readingOrder {index:16;}">
                <Coords points="392,1573 1649,1559 1678,1504 392,1517"/>
                <Baseline points="402,1562 465,1560 528,1558 592,1557 655,1556 718,1556 782,1555 845,1555 908,1554 972,1554 1035,1554 1098,1554 1162,1553 1225,1553 1288,1552 1352,1552 1415,1551 1478,1549 1542,1547 1605,1546 1669,1543"/>
                <TextEquiv>
                    <Unicode>einem überfüllten und im kantesten Beifall unermüdlichen Hause zwei</Unicode>
                </TextEquiv>
            </TextLine>
            <TextLine id="r1l18" custom="readingOrder {index:17;}">
                <Coords points="396,1601 1599,1601 1666,1593 1666,1551 396,1572"/>
                <Baseline points="405,1600 467,1600 530,1599 592,1599 655,1599 718,1599 780,1598 843,1598 905,1598 968,1597 1031,1597 1093,1597 1156,1596 1218,1596 1281,1595 1344,1594 1406,1593 1469,1592 1531,1592 1594,1590 1657,1589"/>
                <TextEquiv>
                    <Unicode>Wiener Rollen in zwei Stücken von Arthur Schnitzler. Ihr!</Unicode>
                </TextEquiv>
            </TextLine>
            <TextLine id="r1l19" custom="readingOrder {index:18;}">
                <Coords points="405,1651 1582,1644 1658,1627 1658,1589 404,1602"/>
                <Baseline points="413,1640 474,1641 536,1642 598,1642 660,1643 722,1643 783,1643 845,1643 907,1643 969,1643 1031,1642 1092,1641 1154,1641 1216,1639 1278,1638 1340,1637 1401,1635 1463,1633 1525,1631 1587,1629 1649,1627"/>
                <TextEquiv>
                    <Unicode>Stiet erneute nme wieder die schon gesonnenen Eindrücke. Man fäst</Unicode>
                </TextEquiv>
            </TextLine>
            <TextLine id="r1l20" custom="readingOrder {index:19;}">
                <Coords points="398,1696 1661,1682 1660,1624 398,1639"/>
                <Baseline points="407,1683 469,1684 531,1684 593,1684 655,1684 718,1684 780,1684 842,1684 904,1684 966,1684 1029,1683 1091,1683 1153,1682 1215,1681 1277,1680 1340,1679 1402,1677 1464,1676 1526,1674 1588,1672 1651,1670"/>
                <TextEquiv>
                    <Unicode>nur bestätigt, daß sie eine Künstlerin ersten Ranges sei, die so bedeutend</Unicode>
                </TextEquiv>
            </TextLine>
            <TextLine id="r1l21" custom="readingOrder {index:20;}">
                <Coords points="374,1754 1526,1718 1658,1749 1677,1678 373,1698"/>
                <Baseline points="383,1728 447,1728 511,1728 575,1728 640,1728 704,1727 768,1727 833,1727 897,1726 961,1725 1026,1725 1090,1724 1154,1723 1218,1722 1283,1721 1347,1720 1411,1718 1476,1717 1540,1716 1604,1714 1669,1713"/>
                <TextEquiv>
                    <Unicode>ist, daß sie ihre Rollen ganz falsch, mit herrischer Verachtung des vom</Unicode>
                </TextEquiv>
            </TextLine>
            <TextLine id="r1l22" custom="readingOrder {index:21;}">
                <Coords points="372,1792 1636,1753 1635,1722 1525,1718 371,1754"/>
                <Baseline points="381,1771 443,1771 505,1771 567,1770 630,1769 692,1768 754,1767 817,1765 879,1764 941,1763 1004,1761 1066,1760 1128,1758 1190,1757 1253,1756 1315,1755 1377,1754 1440,1754 1502,1753 1564,1753 1627,1753"/>
                <TextEquiv>
                    <Unicode>Antor gewünschten Gebildes nehmen konn und dech immen die Macht über</Unicode>
                </TextEquiv>
            </TextLine>
            <TextLine id="r1l23" custom="readingOrder {index:22;}">
                <Coords points="373,1810 1641,1814 1658,1759 372,1783"/>
                <Baseline points="381,1813 444,1812 507,1811 571,1810 634,1809 698,1808 761,1808 825,1807 888,1807 952,1806 1015,1806 1078,1805 1142,1804 1205,1803 1269,1802 1332,1801 1396,1799 1459,1797 1523,1794 1586,1791 1650,1788"/>
                <TextEquiv>
                    <Unicode> die Gemüther behält. Diese Christine ir Schnitzlers „Liebelei“</Unicode>
                </TextEquiv>
            </TextLine>
            <TextLine id="r1l24" custom="readingOrder {index:23;}">
                <Coords points="394,1868 1543,1858 1683,1819 1655,1771 1609,1808 1242,1826 393,1810"/>
                <Baseline points="403,1853 466,1852 530,1852 593,1852 657,1851 720,1851 784,1851 847,1850 911,1850 974,1850 1038,1849 1102,1848 1165,1847 1229,1846 1292,1845 1356,1843 1419,1841 1483,1839 1546,1836 1610,1833 1674,1829"/>
                <TextEquiv>
                    <Unicode>ist ein kleines verliebtes Wiener Mädel ohne alle Ahnung ven dem</Unicode>
                </TextEquiv>
            </TextLine>
            <TextLine id="r1l25" custom="readingOrder {index:24;}">
                <Coords points="380,1886 1688,1886 1646,1841 380,1848"/>
                <Baseline points="390,1896 454,1895 518,1894 583,1894 647,1893 712,1893 776,1892 841,1892 905,1891 970,1891 1034,1890 1098,1890 1163,1889 1227,1889 1292,1888 1356,1887 1421,1886 1485,1885 1550,1884 1614,1883 1679,1881"/>
                <TextEquiv>
                    <Unicode>Ernst der Dinge und schon ganz und gur glücklich, wenn sie nur ihr</Unicode>
                </TextEquiv>
            </TextLine>
            <TextLine id="r1l26" custom="readingOrder {index:25;}">
                <Coords points="369,1972 1180,1927 1660,1960 1659,1895 1589,1887 368,1885"/>
                <Baseline points="377,1942 440,1939 504,1936 568,1934 631,1933 695,1932 759,1931 822,1930 886,1930 950,1930 1014,1930 1077,1930 1141,1930 1205,1930 1268,1930 1332,1929 1396,1929 1459,1928 1523,1927 1587,1925 1651,1922"/>
                <TextEquiv>
                    <Unicode>Köpfchen an Fritze. Schulter legen kann. Sie will nur geliebt und</Unicode>
                </TextEquiv>
            </TextLine>
            <TextLine id="r1l27" custom="readingOrder {index:26;}">
                <Coords points="391,1979 1649,1981 1675,1914 1552,1947 391,1966"/>
                <Baseline points="401,1986 464,1984 527,1983 590,1981 654,1980 717,1979 780,1977 843,1976 907,1974 970,1973 1033,1972 1096,1971 1160,1970 1223,1969 1286,1969 1349,1968 1413,1968 1476,1968 1539,1968 1602,1968 1666,1968"/>
                <TextEquiv>
                    <Unicode>geherzt sein, sonst nichts. Sie hat nur einen Lebensbrang: das</Unicode>
                </TextEquiv>
            </TextLine>
            <TextLine id="r1l28" custom="readingOrder {index:27;}">
                <Coords points="838,2030 952,2041 1183,2006 1221,2029 1333,2006 1411,2029 1443,2007 1597,2018 1678,1973 837,1990"/>
                <Baseline points="847,2019 888,2017 929,2017 970,2015 1011,2014 1052,2014 1093,2013 1135,2013 1176,2013 1217,2012 1258,2012 1299,2012 1340,2011 1381,2011 1423,2011 1464,2011 1505,2010 1546,2010 1587,2009 1628,2008 1670,2007"/>
                <TextEquiv>
                    <Unicode>hat nur einen Gott: das ist der</Unicode>
                </TextEquiv>
            </TextLine>
            <TextLine id="r1l29" custom="readingOrder {index:28;}">
                <Coords points="383,2027 412,2016 445,2034 667,2019 714,2030 743,2017 843,2037 843,1988 768,1976 613,1990 383,1980"/>
                <Baseline points="393,2021 418,2020 444,2020 470,2019 496,2019 522,2019 548,2019 574,2019 600,2018 625,2018 651,2019 677,2019 703,2019 729,2019 755,2019 781,2019 807,2019 833,2020"/>
                <TextEquiv>
                    <Unicode>ist die Liebe; sie</Unicode>
                </TextEquiv>
            </TextLine>
            <TextLine id="r1l30" custom="readingOrder {index:29;}">
                <Coords points="967,2066 1627,2060 1661,2043 1661,1998 1533,2022 966,2020"/>
                <Baseline points="975,2051 1008,2052 1042,2054 1076,2055 1110,2056 1144,2056 1178,2056 1212,2056 1246,2056 1280,2055 1314,2054 1347,2053 1381,2053 1415,2051 1449,2050 1483,2049 1517,2047 1551,2046 1585,2045 1619,2044 1653,2042"/>
                <TextEquiv>
                    <Unicode>dem sentimentalen Klavierspiel,</Unicode>
                </TextEquiv>
            </TextLine>
            <TextLine id="r1l31" custom="readingOrder {index:30;}">
                <Coords points="376,2085 575,2064 955,2075 954,2026 903,2019 375,2029"/>
                <Baseline points="385,2073 413,2071 441,2068 469,2067 497,2065 525,2063 553,2062 581,2061 609,2060 637,2059 665,2059 693,2058 721,2057 749,2057 777,2057 805,2056 833,2056 861,2056 889,2056 917,2055 945,2055"/>
                <TextEquiv>
                    <Unicode>halbgrüne Student wit</Unicode>
                </TextEquiv>
            </TextLine>
            <TextLine id="r1l32" custom="readingOrder {index:31;}">
                <Coords points="391,2132 1626,2102 1675,2082 1674,2033 390,2083"/>
                <Baseline points="399,2110 462,2108 525,2106 588,2105 652,2104 715,2103 778,2102 842,2101 905,2101 968,2100 1032,2100 1095,2099 1158,2099 1221,2098 1285,2097 1348,2097 1411,2096 1475,2095 1538,2094 1601,2093 1665,2091"/>
                <TextEquiv>
                    <Unicode>1 Ein bischen tiefer und innerlicher als der Durchschnitt ist sie wohl.!</Unicode>
                </TextEquiv>
            </TextLine>
            <TextLine id="r1l33" custom="readingOrder {index:32;}">
                <Coords points="373,2151 1612,2148 1693,2130 1692,2094 372,2122"/>
                <Baseline points="381,2155 446,2152 511,2150 576,2148 641,2147 706,2146 771,2145 837,2145 902,2144 967,2144 1032,2144 1097,2143 1162,2143 1227,2142 1293,2141 1358,2140 1423,2139 1488,2137 1553,2134 1618,2132 1684,2128"/>
                <TextEquiv>
                    <Unicode>1 Das zeigt der Schluß, der Kraihen laßt. daß sie um ihrer Liebe</Unicode>
                </TextEquiv>
            </TextLine>
            <TextLine id="r1l34" custom="readingOrder {index:33;}">
                <Coords points="387,2218 1633,2189 1691,2180 1692,2131 386,2151"/>
                <Baseline points="395,2197 459,2195 523,2193 588,2192 652,2190 717,2190 781,2189 846,2188 910,2188 975,2187 1039,2187 1103,2186 1168,2186 1232,2186 1297,2185 1361,2184 1426,2183 1490,2181 1555,2179 1619,2177 1684,2175"/>
                <TextEquiv>
                    <Unicode>willen sogar ben Sprung in die Donau wagen könnte. Agnes!</Unicode>
                </TextEquiv>
            </TextLine>
            <TextLine id="r1l35" custom="readingOrder {index:34;}">
                <Coords points="387,2245 1695,2223 1694,2179 1649,2174 387,2207"/>
                <Baseline points="396,2237 460,2236 524,2235 589,2234 653,2233 718,2232 782,2231 847,2231 911,2230 976,2229 1040,2229 1104,2228 1169,2227 1233,2227 1298,2226 1362,2225 1427,2224 1491,2222 1556,2221 1620,2220 1685,2218"/>
                <TextEquiv>
                    <Unicode>1 Sorma, mit ihrem warmen Herzen und ihrer lachenden Weltlust.</Unicode>
                </TextEquiv>
            </TextLine>
            <TextLine id="r1l36" custom="readingOrder {index:35;}">
                <Coords points="378,2312 1662,2285 1699,2234 377,2245"/>
                <Baseline points="387,2283 452,2280 517,2278 582,2276 647,2275 712,2273 777,2272 843,2271 908,2271 973,2270 1038,2270 1103,2269 1168,2269 1233,2268 1299,2268 1364,2267 1429,2266 1494,2265 1559,2263 1624,2261 1690,2258"/>
                <TextEquiv>
                    <Unicode>hat damals im „Deutschen Theater" das Verliebtsein gewiß an¬</Unicode>
                </TextEquiv>
            </TextLine>
            <TextLine id="r1l37" custom="readingOrder {index:36;}">
                <Coords points="386,2320 1667,2311 1592,2266 386,2302"/>
                <Baseline points="395,2325 458,2323 521,2321 584,2320 647,2319 710,2317 773,2316 837,2315 900,2314 963,2313 1026,2312 1089,2311 1152,2310 1215,2310 1279,2309 1342,2308 1405,2307 1468,2306 1531,2305 1594,2304 1658,2303"/>
                <TextEquiv>
                    <Unicode> muthiger gegeben, ganz wie der Wiener Dichter Christinchen gesehen</Unicode>
                </TextEquiv>
            </TextLine>
            <TextLine id="r1l38" custom="readingOrder {index:37;}">
                <Coords points="387,2367 1693,2339 1667,2305 387,2320"/>
                <Baseline points="396,2370 460,2366 524,2363 589,2361 653,2359 717,2358 782,2357 846,2356 910,2356 975,2356 1039,2356 1103,2355 1168,2355 1232,2354 1296,2354 1361,2352 1425,2351 1489,2349 1554,2346 1618,2342 1683,2338"/>
                <TextEquiv>
                    <Unicode>haben mag. Adeie Sandrock aber dichtete sich ihre Christine</Unicode>
                </TextEquiv>
            </TextLine>
            <TextLine id="r1l39" custom="readingOrder {index:38;}">
                <Coords points="378,2415 1477,2415 1615,2403 1699,2340 377,2368"/>
                <Baseline points="387,2411 452,2408 517,2405 582,2403 647,2402 713,2400 778,2399 843,2399 908,2398 973,2398 1039,2398 1104,2398 1169,2397 1234,2397 1299,2396 1365,2396 1430,2394 1495,2393 1560,2391 1625,2388 1691,2385"/>
                <TextEquiv>
                    <Unicode>noch einmal für sich. Streng und groß, im Blick schon!</Unicode>
                </TextEquiv>
            </TextLine>
            <TextLine id="r1l40" custom="readingOrder {index:39;}">
                <Coords points="405,2458 1660,2453 1683,2369 1477,2416 404,2416"/>
                <Baseline points="413,2451 476,2449 539,2448 602,2446 665,2445 728,2443 791,2443 854,2442 917,2441 980,2441 1044,2440 1107,2440 1170,2439 1233,2438 1296,2437 1359,2436 1422,2435 1485,2434 1548,2432 1611,2429 1675,2427"/>
                <TextEquiv>
                    <Unicode>einen Schatten des kommenden tragischen Ereignisses, schreiler</Unicode>
                </TextEquiv>
            </TextLine>
            <TextLine id="r1l41" custom="readingOrder {index:40;}">
                <Coords points="397,2510 1634,2487 1697,2454 396,2434"/>
                <Baseline points="405,2492 469,2491 533,2491 597,2490 661,2489 725,2489 789,2488 853,2487 917,2486 981,2485 1046,2484 1110,2483 1174,2482 1238,2481 1302,2480 1366,2478 1430,2477 1494,2476 1558,2475 1622,2474 1687,2473"/>
                <TextEquiv>
                    <Unicode>####e einher. Ihr ganzes Talent ist ja auf das Kritische gestellt; kein)</Unicode>
                </TextEquiv>
            </TextLine>
            <TextLine id="r1l42" custom="readingOrder {index:41;}">
                <Coords points="386,2558 1690,2541 1689,2474 385,2511"/>
                <Baseline points="394,2535 458,2534 522,2532 587,2531 651,2530 715,2530 780,2529 844,2528 908,2528 973,2527 1037,2527 1101,2526 1166,2525 1230,2525 1294,2524 1359,2522 1423,2521 1487,2519 1552,2517 1616,2515 1681,2512"/>
                <TextEquiv>
                    <Unicode>1 Ton liegt ihr besser als der des Hohnes; ihre „Francillon“ hatte;</Unicode>
                </TextEquiv>
            </TextLine>
            <TextLine id="r1l43" custom="readingOrder {index:42;}">
                <Coords points="419,2585 1681,2552 1680,2509 418,2538"/>
                <Baseline points="427,2574 489,2574 551,2573 613,2573 676,2572 738,2572 800,2571 862,2570 925,2570 987,2569 1049,2568 1111,2567 1174,2566 1236,2565 1298,2564 1360,2562 1423,2561 1485,2559 1547,2557 1609,2554 1672,2552"/>
                <TextEquiv>
                    <Unicode>etwas von der Erinnye an sich. So wächst sie auch als Christine weir!</Unicode>
                </TextEquiv>
            </TextLine>
            <TextLine id="r1l44" custom="readingOrder {index:43;}">
                <Coords points="429,2623 1632,2612 1671,2553 428,2576"/>
                <Baseline points="437,2615 498,2615 559,2615 620,2615 682,2614 743,2614 804,2613 866,2613 927,2612 988,2611 1050,2610 1111,2609 1172,2607 1233,2606 1295,2605 1356,2603 1417,2602 1479,2601 1540,2600 1601,2598 1663,2597"/>
                <TextEquiv>
                    <Unicode>über das Maß der Rolle hinaus. Wie eine finstere Anklägerin stehr!</Unicode>
                </TextEquiv>
            </TextLine>
            <TextLine id="r1l45" custom="readingOrder {index:44;}">
                <Coords points="421,2662 1697,2648 1667,2591 421,2624"/>
                <Baseline points="431,2659 493,2659 556,2659 619,2658 682,2657 745,2657 807,2655 870,2654 933,2653 996,2651 1059,2650 1121,2648 1184,2647 1247,2645 1310,2644 1373,2643 1435,2642 1498,2641 1561,2641 1624,2640 1687,2641"/>
                <TextEquiv>
                    <Unicode>sie da: „oh, ihr jammervollen Männer, die ihr nur liebelt wo wir</Unicode>
                </TextEquiv>
            </TextLine>
            <TextLine id="r1l46" custom="readingOrder {index:45;}">
                <Coords points="408,2716 1698,2695 1697,2648 1578,2640 407,2662"/>
                <Baseline points="417,2699 480,2700 544,2700 607,2700 671,2699 735,2699 798,2698 862,2697 925,2696 989,2695 1053,2694 1116,2692 1180,2690 1243,2689 1307,2688 1371,2686 1434,2685 1498,2684 1561,2684 1625,2683 1689,2683"/>
                <TextEquiv>
                    <Unicode>lieben! Oh, ihr verruchten sozialen Justände, die ihr zwei Herzen;</Unicode>
                </TextEquiv>
            </TextLine>
            <TextLine id="r1l47" custom="readingOrder {index:46;}">
                <Coords points="418,2762 1696,2754 1695,2689 417,2709"/>
                <Baseline points="427,2747 490,2745 553,2744 616,2742 679,2741 742,2739 805,2739 868,2738 931,2737 994,2736 1057,2735 1120,2734 1183,2733 1246,2732 1309,2731 1372,2730 1435,2728 1498,2726 1561,2724 1624,2722 1687,2720"/>
                <TextEquiv>
                    <Unicode>nicht zusammen kommen laßt, die doch zusammen gehören.“ In dieser;</Unicode>
                </TextEquiv>
            </TextLine>
            <TextLine id="r1l48" custom="readingOrder {index:47;}">
                <Coords points="301,2758 344,2755 358,2766 404,2767 405,2700 347,2701 340,2697 302,2700"/>
                <Baseline points="310,2747 338,2747 366,2747 394,2749"/>
                <TextEquiv>
                    <Unicode>Für</Unicode>
                </TextEquiv>
            </TextLine>
            <TextLine id="r1l49" custom="readingOrder {index:48;}">
                <Coords points="466,2793 1473,2785 1684,2768 1684,2739 465,2752"/>
                <Baseline points="475,2778 535,2779 595,2780 655,2780 715,2780 775,2780 835,2780 895,2779 955,2778 1015,2778 1075,2776 1135,2775 1195,2774 1255,2773 1315,2771 1375,2770 1435,2768 1495,2767 1555,2765 1615,2764 1675,2763"/>
                <TextEquiv>
                    <Unicode> Gtils, in buesem hohen geistigen Standpunkt log der de¬1</Unicode>
                </TextEquiv>
            </TextLine>
            <TextLine id="r1l50" custom="readingOrder {index:49;}">
                <Coords points="418,2831 1667,2825 1679,2767 417,2790"/>
                <Baseline points="427,2825 489,2825 551,2824 613,2824 675,2823 738,2823 800,2822 862,2821 924,2820 986,2819 1049,2818 1111,2817 1173,2816 1235,2815 1297,2813 1360,2812 1422,2811 1484,2809 1546,2808 1608,2807 1671,2805"/>
                <TextEquiv>
                    <Unicode>#ängstigende Reiz ihres Spiels. Und dann noch in etwas Anderem,</Unicode>
                </TextEquiv>
            </TextLine>
            <TextLine id="r1l51" custom="readingOrder {index:50;}">
                <Coords points="422,2870 1652,2864 1679,2823 421,2830"/>
                <Baseline points="431,2868 492,2867 554,2866 616,2866 678,2865 740,2864 802,2863 864,2862 926,2862 988,2861 1050,2860 1111,2858 1173,2857 1235,2857 1297,2855 1359,2854 1421,2853 1483,2852 1545,2851 1607,2851 1669,2850"/>
                <TextEquiv>
                    <Unicode>rein Aeußerlichem, was aber den moralischen Inhalt erst</Unicode>
                </TextEquiv>
            </TextLine>
            <TextLine id="r1l52" custom="readingOrder {index:51;}">
                <Coords points="431,2926 1369,2891 1668,2919 1692,2834 1168,2878 430,2868"/>
                <Baseline points="439,2909 501,2908 563,2907 625,2907 687,2906 750,2906 812,2905 874,2905 936,2904 998,2903 1061,2903 1123,2902 1185,2901 1247,2899 1309,2898 1372,2896 1434,2894 1496,2892 1558,2888 1620,2885 1683,2881"/>
                <TextEquiv>
                    <Unicode>klar macht, weil es ihm die rechte Form giebt. Das ist die wunder¬</Unicode>
                </TextEquiv>
            </TextLine>
            <TextLine id="r1l53" custom="readingOrder {index:52;}">
                <Coords points="433,2964 1748,2954 1747,2911 1691,2897 432,2906"/>
                <Baseline points="442,2952 506,2952 571,2951 636,2950 701,2949 766,2948 831,2947 895,2946 960,2945 1025,2944 1090,2942 1155,2941 1220,2940 1285,2939 1349,2938 1414,2937 1479,2936 1544,2936 1609,2935 1674,2935 1739,2935"/>
                <TextEquiv>
                    <Unicode>volle Vorsicht ihres Spiels. Ihr langsames Vorbereiten der großen sas</Unicode>
                </TextEquiv>
            </TextLine>
            <TextLine id="r1l54" custom="readingOrder {index:53;}">
                <Coords points="1674,3001 1688,3001 1712,2980 1723,2986 1737,2986 1745,2979 1756,2980 1756,2954 1735,2957 1728,2950 1719,2950 1710,2942 1706,2942 1699,2949 1675,2954"/>
                <Baseline points="1683,2976 1715,2974 1747,2978"/>
                <TextEquiv>
                    <Unicode>en</Unicode>
                </TextEquiv>
            </TextLine>
            <TextLine id="r1l55" custom="readingOrder {index:54;}">
                <Coords points="316,3003 1671,2983 1670,2931 315,2945"/>
                <Baseline points="325,2995 391,2995 458,2995 525,2994 592,2994 659,2993 725,2992 792,2991 859,2990 926,2989 993,2987 1059,2986 1126,2985 1193,2983 1260,2982 1327,2981 1393,2980 1460,2979 1527,2978 1594,2977 1661,2976"/>
                <TextEquiv>
                    <Unicode>Abon Augenblicke ist unübertrefflich. Sie könnte immer mehr geben als sie</Unicode>
                </TextEquiv>
            </TextLine>
            <TextLine id="r1l56" custom="readingOrder {index:55;}">
                <Coords points="311,3067 1666,3033 1679,2966 310,3002"/>
                <Baseline points="319,3031 386,3033 454,3035 521,3036 589,3036 657,3036 724,3036 792,3035 859,3034 927,3033 995,3031 1062,3029 1130,3027 1197,3025 1265,3024 1332,3022 1400,3021 1468,3020 1535,3019 1603,3018 1671,3018"/>
                <TextEquiv>
                    <Unicode>Abon wirklich giebt, dem Besuv gleich, der zumeist nur irch einen Rauch¬</Unicode>
                </TextEquiv>
            </TextLine>
            <TextLine id="r1l57" custom="readingOrder {index:56;}">
                <Coords points="431,3097 1535,3069 1686,3100 1722,3088 1721,3000 1512,3040 430,3039"/>
                <Baseline points="439,3081 502,3080 566,3080 630,3079 693,3079 757,3078 821,3078 884,3077 948,3077 1012,3076 1076,3076 1139,3075 1203,3074 1267,3074 1330,3072 1394,3071 1458,3070 1521,3069 1585,3067 1649,3065 1713,3064"/>
                <TextEquiv>
                    <Unicode>rrom des verzehrinde Zeuer des Inneren verrath. Aberzwenn erl</Unicode>
                </TextEquiv>
            </TextLine>
            <TextLine id="r1l58" custom="readingOrder {index:57;}">
                <Coords points="691,3133 1705,3154 1690,3098 1475,3105 1415,3071 1370,3097 691,3097"/>
                <Baseline points="700,3130 749,3130 799,3129 849,3129 899,3128 949,3127 998,3127 1048,3126 1098,3125 1148,3124 1198,3123 1247,3123 1297,3122 1347,3122 1397,3122 1447,3122 1496,3123 1546,3124 1596,3125 1646,3128 1696,3130"/>
                <TextEquiv>
                    <Unicode>So war auch die Schlußszene der Sa#### von einer</Unicode>
                </TextEquiv>
            </TextLine>
            <TextLine id="r1l59" custom="readingOrder {index:58;}">
                <Coords points="413,3134 534,3134 572,3146 603,3133 670,3136 688,3133 689,3104 616,3107 597,3095 414,3097"/>
                <Baseline points="423,3128 448,3128 474,3129 499,3129 525,3130 551,3131 576,3131 602,3132 627,3132 653,3132 679,3131"/>
                <TextEquiv>
                    <Unicode>Tubbricht</Unicode>
                </TextEquiv>
            </TextLine>
            <TextLine id="r1l60" custom="readingOrder {index:59;}">
                <Coords points="419,3174 1154,3182 1153,3142 1113,3134 419,3135"/>
                <Baseline points="429,3173 464,3173 500,3174 536,3174 572,3174 608,3174 643,3175 679,3174 715,3174 751,3174 787,3174 822,3173 858,3173 894,3172 930,3172 966,3171 1001,3170 1037,3169 1073,3169 1109,3168 1145,3166"/>
                <TextEquiv>
                    <Unicode>Wuth und Gluth, die alles niederwarf.</Unicode>
                </TextEquiv>
            </TextLine>
            <TextLine id="r1l61" custom="readingOrder {index:60;}">
                <Coords points="492,3230 1686,3227 1686,3178 1345,3150 492,3183"/>
                <Baseline points="501,3218 559,3217 618,3217 677,3216 736,3216 795,3215 853,3214 912,3214 971,3213 1030,3212 1089,3212 1147,3211 1206,3211 1265,3210 1324,3210 1383,3209 1441,3209 1500,3209 1559,3209 1618,3209 1677,3209"/>
                <TextEquiv>
                    <Unicode>Die Wiener Schauspielerin wurde in der ###belei“ von den</Unicode>
                </TextEquiv>
            </TextLine>
            <TextLine id="r1l62" custom="readingOrder {index:61;}">
                <Coords points="428,3266 1676,3270 1675,3226 1625,3210 427,3209"/>
                <Baseline points="437,3261 498,3260 560,3260 621,3259 683,3259 744,3258 806,3258 867,3257 929,3257 990,3256 1052,3256 1113,3255 1175,3255 1236,3255 1298,3254 1359,3254 1421,3254 1482,3253 1544,3253 1605,3253 1667,3252"/>
                <TextEquiv>
                    <Unicode>Herren Stahl, Wehrlin und Helmuth=Bram und von</Unicode>
                </TextEquiv>
            </TextLine>
            <TextLine id="r1l63" custom="readingOrder {index:62;}">
                <Coords points="425,3323 1190,3304 1189,3271 1144,3257 424,3266"/>
                <Baseline points="433,3306 470,3304 507,3304 545,3302 582,3302 620,3301 657,3301 694,3300 732,3300 769,3300 807,3299 844,3299 881,3298 919,3298 956,3297 994,3297 1031,3296 1068,3295 1106,3293 1143,3292 1181,3290"/>
                <TextEquiv>
                    <Unicode>Fräulein Rupricht sehr gut unterstützt¬</Unicode>
                </TextEquiv>
            </TextLine>
            <TextLine id="r1l64" custom="readingOrder {index:63;}">
                <Coords points="474,3361 1704,3348 1679,3298 1421,3312 1272,3274 1148,3309 473,3314"/>
                <Baseline points="483,3349 543,3347 604,3345 664,3343 725,3341 786,3340 846,3339 907,3338 967,3338 1028,3337 1089,3337 1149,3336 1210,3336 1270,3336 1331,3335 1392,3335 1452,3334 1513,3334 1573,3333 1634,3332 1695,3331"/>
                <TextEquiv>
                    <Unicode>In dem folgenden Einakten Abschiedssonper — ebenfalls</Unicode>
                </TextEquiv>
            </TextLine>
            <TextLine id="r1l65" custom="readingOrder {index:64;}">
                <Coords points="470,3397 1682,3390 1682,3356 470,3359"/>
                <Baseline points="479,3391 538,3387 598,3384 658,3381 717,3379 777,3378 837,3377 896,3376 956,3376 1016,3376 1076,3376 1135,3376 1195,3377 1255,3377 1314,3377 1374,3377 1434,3377 1493,3377 1553,3376 1613,3375 1673,3374"/>
                <TextEquiv>
                    <Unicode>onSchnitzler aus eiem Anatolehklus .— halfen ihr Herr.</Unicode>
                </TextEquiv>
            </TextLine>
            <TextLine id="r1l66" custom="readingOrder {index:65;}">
                <Coords points="437,3437 1692,3398 798,3370 437,3399"/>
                <Baseline points="446,3432 507,3429 569,3427 631,3424 693,3423 755,3422 817,3421 878,3421 940,3420 1002,3420 1064,3420 1126,3420 1188,3420 1250,3420 1311,3420 1373,3420 1435,3419 1497,3419 1559,3418 1621,3417 1683,3415"/>
                <TextEquiv>
                    <Unicode>Bira und Herr Grunmald. Das Stückchen ist eine kleine liebens¬</Unicode>
                </TextEquiv>
            </TextLine>
            <TextLine id="r1l67" custom="readingOrder {index:66;}">
                <Coords points="420,3474 1626,3470 1677,3461 1676,3414 419,3435"/>
                <Baseline points="428,3474 490,3472 552,3471 614,3470 676,3469 738,3468 800,3467 862,3466 924,3466 986,3465 1048,3465 1110,3464 1172,3464 1234,3464 1296,3463 1358,3463 1420,3462 1482,3462 1544,3462 1606,3461 1668,3460"/>
                <TextEquiv>
                    <Unicode>würdige Frechheit. Ein Lebemann will seiner Balletdame den Ab¬</Unicode>
                </TextEquiv>
            </TextLine>
            <TextLine id="r1l68" custom="readingOrder {index:67;}">
                <Coords points="429,3522 1563,3524 1673,3505 1673,3460 429,3475"/>
                <Baseline points="438,3513 499,3512 560,3512 621,3511 683,3510 744,3509 805,3509 867,3508 928,3508 989,3507 1051,3507 1112,3507 1173,3506 1234,3506 1296,3505 1357,3505 1418,3505 1480,3504 1541,3504 1602,3503 1664,3503"/>
                <TextEquiv>
                    <Unicode>schied geben. Ihm fällt es schwer, das letzte Wort zu sprechen. Aber</Unicode>
                </TextEquiv>
            </TextLine>
            <TextLine id="r1l69" custom="readingOrder {index:68;}">
                <Coords points="439,3561 1676,3549 1623,3506 438,3521"/>
                <Baseline points="448,3556 512,3554 576,3553 640,3552 704,3552 768,3551 832,3551 897,3550 961,3550 1025,3549 1089,3549 1153,3548 1217,3548 1282,3547 1346,3546 1410,3546 1474,3545 1538,3544 1602,3542 1667,3541"/>
                <TextEquiv>
                    <Unicode>es kommt garnicht dazu. Denn sie selbst, viel kuragirter als er, giebt</Unicode>
                </TextEquiv>
            </TextLine>
            <TextLine id="r1l70" custom="readingOrder {index:69;}">
                <Coords points="414,3616 1633,3596 1678,3555 414,3569"/>
                <Baseline points="423,3598 485,3597 547,3596 610,3595 672,3594 734,3593 797,3592 859,3592 921,3591 984,3591 1046,3590 1108,3589 1171,3589 1233,3588 1295,3587 1358,3587 1420,3586 1482,3584 1545,3583 1607,3582 1670,3580"/>
                <TextEquiv>
                    <Unicode>ihm ihrerseits den Laufpaß, weil sie einen Anderen gesunden hat.</Unicode>
                </TextEquiv>
            </TextLine>
            <TextLine id="r1l71" custom="readingOrder {index:70;}">
                <Coords points="443,3645 1671,3630 1560,3584 442,3607"/>
                <Baseline points="452,3643 512,3640 572,3637 633,3635 693,3634 754,3633 814,3632 875,3631 935,3631 996,3631 1056,3631 1116,3630 1177,3630 1237,3630 1298,3630 1358,3629 1419,3629 1479,3627 1540,3626 1600,3624 1661,3622"/>
                <TextEquiv>
                    <Unicode>Man mochte der Sandrock beinahe böse sein, daß sie ihrer Christine</Unicode>
                </TextEquiv>
            </TextLine>
            <TextLine id="r1l72" custom="readingOrder {index:71;}">
                <Coords points="437,3684 1672,3684 1672,3644 436,3644"/>
                <Baseline points="445,3679 505,3678 566,3677 627,3676 688,3675 749,3675 810,3674 871,3673 932,3673 993,3672 1054,3672 1114,3671 1175,3671 1236,3670 1297,3670 1358,3669 1419,3669 1480,3668 1541,3667 1602,3666 1663,3665"/>
                <TextEquiv>
                    <Unicode>der himmlischen Liebe, die irhische Liebe Annies folgen ließ. Das war ein</Unicode>
                </TextEquiv>
            </TextLine>
            <TextLine id="r1l73" custom="readingOrder {index:72;}">
                <Coords points="427,3721 1680,3718 1599,3670 427,3674"/>
                <Baseline points="436,3722 497,3720 559,3719 621,3718 683,3717 744,3716 806,3715 868,3715 930,3715 991,3715 1053,3715 1115,3715 1177,3714 1238,3714 1300,3714 1362,3713 1424,3713 1485,3712 1547,3711 1609,3709 1671,3708"/>
                <TextEquiv>
                    <Unicode>bischen Virtnosenthum, nur um zu zeigen, was alles man spielen</Unicode>
                </TextEquiv>
            </TextLine>
            <TextLine id="r1l74" custom="readingOrder {index:73;}">
                <Coords points="432,3768 1675,3745 1607,3713 432,3730"/>
                <Baseline points="441,3763 502,3762 563,3760 624,3759 686,3759 747,3758 808,3757 869,3756 931,3756 992,3755 1053,3755 1114,3754 1176,3754 1237,3753 1298,3753 1359,3752 1421,3751 1482,3750 1543,3749 1604,3748 1666,3746"/>
                <TextEquiv>
                    <Unicode>kann. Und sie spielt das kleine Laster mit der Naivetät einer Ver¬</Unicode>
                </TextEquiv>
            </TextLine>
            <TextLine id="r1l75" custom="readingOrder {index:74;}">
                <Coords points="440,3806 551,3806 583,3817 724,3802 813,3816 813,3760 679,3764 646,3777 592,3760 567,3771 440,3768"/>
                <Baseline points="449,3792 474,3792 499,3792 525,3792 550,3792 575,3791 601,3791 626,3791 651,3791 677,3791 702,3791 727,3791 753,3791 778,3791 804,3792"/>
                <TextEquiv>
                    <Unicode>#necenhatt die Lauta</Unicode>
                </TextEquiv>
            </TextLine>
            <TextLine id="r1l76" custom="readingOrder {index:75;}">
                <Coords points="843,3806 1678,3807 1678,3749 843,3768"/>
                <Baseline points="851,3792 891,3791 932,3790 973,3790 1014,3790 1055,3790 1096,3791 1137,3792 1178,3793 1219,3794 1260,3795 1300,3796 1341,3796 1382,3796 1423,3796 1464,3795 1505,3794 1546,3793 1587,3790 1628,3786 1669,3782"/>
                <TextEquiv>
                    <Unicode>nfeits pan 4n## und Mosorsteht, sohr amnsant.</Unicode>
                </TextEquiv>
            </TextLine>
            <TextLine id="r1l77" custom="readingOrder {index:76;}">
                <Coords points="421,3876 1645,3846 1677,3806 420,3798"/>
                <Baseline points="430,3846 495,3845 560,3842 625,3841 690,3840 756,3839 821,3838 886,3837 951,3836 1016,3836 1082,3835 1147,3835 1212,3835 1277,3835 1342,3835 1408,3834 1473,3834 1538,3834 1603,3834 1669,3834"/>
                <TextEquiv>
                    <Unicode>über das könne viele andere auch und vielleicht noch humordoller.</Unicode>
                </TextEquiv>
            </TextLine>
            <TextLine id="r1l78" custom="readingOrder {index:77;}">
                <Coords points="420,3920 763,3883 1584,3896 1678,3887 1678,3841 721,3838 419,3875"/>
                <Baseline points="428,3890 490,3888 552,3886 614,3885 676,3884 738,3883 800,3882 862,3881 924,3881 986,3881 1048,3880 1110,3880 1172,3880 1234,3880 1296,3880 1358,3879 1420,3879 1482,3879 1544,3878 1606,3878 1669,3877"/>
                <TextEquiv>
                    <Unicode>Wir wüßten and#re Nollen für sie: Medea, Sappho und Aehnliches.</Unicode>
                </TextEquiv>
            </TextLine>
            <TextLine id="r1l79" custom="readingOrder {index:78;}">
                <Coords points="439,3937 1691,3947 1690,3893 1642,3881 439,3889"/>
                <Baseline points="448,3930 509,3928 571,3926 633,3924 694,3923 756,3922 818,3922 879,3921 941,3921 1003,3921 1065,3921 1126,3921 1188,3921 1250,3921 1311,3921 1373,3921 1435,3921 1496,3921 1558,3921 1620,3920 1682,3920"/>
                <TextEquiv>
                    <Unicode>Wie es heißt, wird die die Hero spielen, vorher aber die „Eva“ vos¬</Unicode>
                </TextEquiv>
            </TextLine>
            <TextLine id="r1l80" custom="readingOrder {index:79;}">
                <Coords points="419,4005 1260,3998 1260,3929 1171,3921 815,3944 419,3929"/>
                <Baseline points="429,3975 470,3974 511,3972 552,3971 593,3970 634,3969 675,3969 716,3969 757,3969 798,3969 840,3969 881,3969 922,3969 963,3969 1004,3969 1045,3968 1086,3968 1127,3967 1168,3966 1209,3965 1251,3963"/>
                <TextEquiv>
                    <Unicode>Nichard Boß und zwar am nächsten Dienstag.</Unicode>
                </TextEquiv>
            </TextLine>
            <TextEquiv>
                <Unicode>Liebelei
bor 10/6
5. Knnnn 4
###an iensesteeaeseneseaueer
Telefon 12801.
M Unternehmen für Zeitungs-Ausschnitte
Ausschnitt
Nr. 15
„OBSERVER“
I. österr. behördl. concess. Bureau für Zeitungsberichte und Personalnachrichten
Wien, IX/ Türkenstrasse 17.
— Filiale in Budapest: „Figyelö“. VIII. Josefsring 31a. —
Ausschnitt aus: Berliner Tageblatt
vom 4 1838
Adele Sandrock ab gestern im Goethe=Theater vor
P.
einem überfüllten und im kantesten Beifall unermüdlichen Hause zwei
Wiener Rollen in zwei Stücken von Arthur Schnitzler. Ihr!
Stiet erneute nme wieder die schon gesonnenen Eindrücke. Man fäst
nur bestätigt, daß sie eine Künstlerin ersten Ranges sei, die so bedeutend
ist, daß sie ihre Rollen ganz falsch, mit herrischer Verachtung des vom
Antor gewünschten Gebildes nehmen konn und dech immen die Macht über
 die Gemüther behält. Diese Christine ir Schnitzlers „Liebelei“
ist ein kleines verliebtes Wiener Mädel ohne alle Ahnung ven dem
Ernst der Dinge und schon ganz und gur glücklich, wenn sie nur ihr
Köpfchen an Fritze. Schulter legen kann. Sie will nur geliebt und
geherzt sein, sonst nichts. Sie hat nur einen Lebensbrang: das
hat nur einen Gott: das ist der
ist die Liebe; sie
dem sentimentalen Klavierspiel,
halbgrüne Student wit
1 Ein bischen tiefer und innerlicher als der Durchschnitt ist sie wohl.!
1 Das zeigt der Schluß, der Kraihen laßt. daß sie um ihrer Liebe
willen sogar ben Sprung in die Donau wagen könnte. Agnes!
1 Sorma, mit ihrem warmen Herzen und ihrer lachenden Weltlust.
hat damals im „Deutschen Theater" das Verliebtsein gewiß an¬
 muthiger gegeben, ganz wie der Wiener Dichter Christinchen gesehen
haben mag. Adeie Sandrock aber dichtete sich ihre Christine
noch einmal für sich. Streng und groß, im Blick schon!
einen Schatten des kommenden tragischen Ereignisses, schreiler
####e einher. Ihr ganzes Talent ist ja auf das Kritische gestellt; kein)
1 Ton liegt ihr besser als der des Hohnes; ihre „Francillon“ hatte;
etwas von der Erinnye an sich. So wächst sie auch als Christine weir!
über das Maß der Rolle hinaus. Wie eine finstere Anklägerin stehr!
sie da: „oh, ihr jammervollen Männer, die ihr nur liebelt wo wir
lieben! Oh, ihr verruchten sozialen Justände, die ihr zwei Herzen;
nicht zusammen kommen laßt, die doch zusammen gehören.“ In dieser;
Für
 Gtils, in buesem hohen geistigen Standpunkt log der de¬1
#ängstigende Reiz ihres Spiels. Und dann noch in etwas Anderem,
rein Aeußerlichem, was aber den moralischen Inhalt erst
klar macht, weil es ihm die rechte Form giebt. Das ist die wunder¬
volle Vorsicht ihres Spiels. Ihr langsames Vorbereiten der großen sas
en
Abon Augenblicke ist unübertrefflich. Sie könnte immer mehr geben als sie
Abon wirklich giebt, dem Besuv gleich, der zumeist nur irch einen Rauch¬
rrom des verzehrinde Zeuer des Inneren verrath. Aberzwenn erl
So war auch die Schlußszene der Sa#### von einer
Tubbricht
Wuth und Gluth, die alles niederwarf.
Die Wiener Schauspielerin wurde in der ###belei“ von den
Herren Stahl, Wehrlin und Helmuth=Bram und von
Fräulein Rupricht sehr gut unterstützt¬
In dem folgenden Einakten Abschiedssonper — ebenfalls
onSchnitzler aus eiem Anatolehklus .— halfen ihr Herr.
Bira und Herr Grunmald. Das Stückchen ist eine kleine liebens¬
würdige Frechheit. Ein Lebemann will seiner Balletdame den Ab¬
schied geben. Ihm fällt es schwer, das letzte Wort zu sprechen. Aber
es kommt garnicht dazu. Denn sie selbst, viel kuragirter als er, giebt
ihm ihrerseits den Laufpaß, weil sie einen Anderen gesunden hat.
Man mochte der Sandrock beinahe böse sein, daß sie ihrer Christine
der himmlischen Liebe, die irhische Liebe Annies folgen ließ. Das war ein
bischen Virtnosenthum, nur um zu zeigen, was alles man spielen
kann. Und sie spielt das kleine Laster mit der Naivetät einer Ver¬
#necenhatt die Lauta
nfeits pan 4n## und Mosorsteht, sohr amnsant.
über das könne viele andere auch und vielleicht noch humordoller.
Wir wüßten and#re Nollen für sie: Medea, Sappho und Aehnliches.
Wie es heißt, wird die die Hero spielen, vorher aber die „Eva“ vos¬
Nichard Boß und zwar am nächsten Dienstag.</Unicode>
            </TextEquiv>
        </TextRegion>
        <TextRegion orientation="0.0" id="r2" custom="readingOrder {index:1;}">
            <Coords points="1856,161 1856,4191 3342,4191 3342,161"/>
            <TextLine id="r2l1" custom="readingOrder {index:0;}">
                <Coords points="2175,193 2189,192 2197,199 2199,200 2202,197 2210,203 2212,201 2221,201 2217,154 2201,155 2199,157 2190,154 2187,158 2172,159"/>
                <Baseline points="2184,184 2211,182"/>
                <TextEquiv>
                    <Unicode>al</Unicode>
                </TextEquiv>
            </TextLine>
            <TextLine id="r2l2" custom="readingOrder {index:1;}">
                <Coords points="1846,371 2575,372 2776,421 2996,400 2998,313 2295,292 1847,324"/>
                <Baseline points="1856,367 1912,362 1969,357 2025,356 2082,354 2139,354 2195,355 2252,357 2308,360 2365,362 2422,366 2478,369 2535,372 2591,375 2648,378 2705,380 2761,381 2818,382 2874,382 2931,381 2988,378"/>
                <TextEquiv>
                    <Unicode>Ausschnitt aus Norddenische al'demeine Ztg.</Unicode>
                </TextEquiv>
            </TextLine>
            <TextLine id="r2l3" custom="readingOrder {index:2;}">
                <Coords points="2951,471 3000,468 3007,474 3028,460 3045,478 3062,467 3080,471 3100,487 3137,483 3142,433 3121,427 3097,432 3075,414 3048,422 3034,404 3013,399 2983,418 2957,410"/>
                <Baseline points="2962,451 2990,454 3018,457 3046,460 3074,462 3102,465 3130,467"/>
                <TextEquiv>
                    <Unicode>21| 4</Unicode>
                </TextEquiv>
            </TextLine>
            <TextLine id="r2l4" custom="readingOrder {index:3;}">
                <Coords points="3183,484 3204,492 3223,480 3264,487 3277,477 3304,483 3316,496 3325,489 3349,501 3351,445 3338,448 3303,414 3283,406 3276,413 3269,406 3232,412 3223,420 3212,413 3185,412"/>
                <Baseline points="3192,463 3221,464 3251,463 3281,462 3311,465 3341,472"/>
                <TextEquiv>
                    <Unicode>78</Unicode>
                </TextEquiv>
            </TextLine>
            <TextLine id="r2l5" custom="readingOrder {index:4;}">
                <Coords points="1866,523 1891,522 1907,531 1943,525 1951,531 1961,522 1971,522 1983,531 1994,520 2021,514 2021,487 2007,485 1999,491 1974,474 1961,478 1931,471 1904,484 1885,475 1866,475"/>
                <Baseline points="1875,517 1902,514 1929,513 1957,514 1984,514 2012,516"/>
                <TextEquiv>
                    <Unicode>vom</Unicode>
                </TextEquiv>
            </TextLine>
            <TextLine id="r2l6" custom="readingOrder {index:5;}">
                <Coords points="2106,660 3235,658 3235,611 3177,599 2511,629 2399,592 2106,604"/>
                <Baseline points="2116,660 2171,660 2227,660 2282,660 2338,660 2393,659 2449,659 2504,659 2560,659 2615,658 2671,658 2726,657 2782,657 2837,656 2893,655 2948,654 3004,654 3059,653 3115,651 3170,650 3226,649"/>
                <TextEquiv>
                    <Unicode>G. Z. Frl. Sandrock hat am Mittwoch und Donners¬</Unicode>
                </TextEquiv>
            </TextLine>
            <TextLine id="r2l7" custom="readingOrder {index:6;}">
                <Coords points="2014,699 3237,697 3223,655 2013,669"/>
                <Baseline points="2023,705 2083,706 2143,706 2203,706 2264,706 2324,706 2384,705 2444,705 2505,704 2565,704 2625,703 2685,702 2746,702 2806,701 2866,700 2926,699 2987,698 3047,696 3107,695 3167,694 3228,693"/>
                <TextEquiv>
                    <Unicode>tag ihr Gastspiel am Goethe=Theater mit einem Erfolge</Unicode>
                </TextEquiv>
            </TextLine>
            <TextLine id="r2l8" custom="readingOrder {index:7;}">
                <Coords points="2026,753 3249,746 3228,700 3065,687 2025,708"/>
                <Baseline points="2035,750 2095,751 2155,751 2215,751 2275,751 2336,751 2396,751 2456,750 2516,750 2576,749 2637,748 2697,748 2757,747 2817,746 2877,745 2938,744 2998,744 3058,743 3118,742 3178,741 3239,740"/>
                <TextEquiv>
                    <Unicode>fortgesetzt, den man märchenhaft nennen kann. Sowohl in der</Unicode>
                </TextEquiv>
            </TextLine>
            <TextLine id="r2l9" custom="readingOrder {index:8;}">
                <Coords points="2021,791 3255,788 3254,753 3102,737 2609,772 2021,753"/>
                <Baseline points="2030,792 2090,793 2151,793 2212,793 2273,793 2334,793 2394,793 2455,793 2516,792 2577,791 2638,791 2698,790 2759,789 2820,788 2881,787 2942,786 3002,785 3063,785 3124,784 3185,783 3246,782"/>
                <TextEquiv>
                    <Unicode>Vorstellung von „Maria Stuart“ wie in Schnitzlers.</Unicode>
                </TextEquiv>
            </TextLine>
            <TextLine id="r2l10" custom="readingOrder {index:9;}">
                <Coords points="2018,856 3250,838 3199,795 2947,786 2018,820"/>
                <Baseline points="2027,843 2087,840 2148,838 2208,837 2269,835 2330,834 2390,834 2451,833 2512,832 2572,832 2633,832 2694,831 2754,831 2815,831 2876,830 2936,829 2997,829 3058,827 3118,826 3179,825 3240,822"/>
                <TextEquiv>
                    <Unicode>„Liebelei“ und „Abschiedssouper“ war das Haus aus¬</Unicode>
                </TextEquiv>
            </TextLine>
            <TextLine id="r2l11" custom="readingOrder {index:10;}">
                <Coords points="2032,891 3249,867 3219,826 2031,854"/>
                <Baseline points="2040,885 2103,882 2166,881 2229,879 2292,878 2355,877 2418,877 2481,877 2544,876 2607,876 2671,876 2734,875 2797,875 2860,875 2923,874 2986,873 3049,872 3112,871 3175,869 3239,866"/>
                <TextEquiv>
                    <Unicode>verkauft, und ausverkaufte Häuser im Goethe=Theater am</Unicode>
                </TextEquiv>
            </TextLine>
            <TextLine id="r2l12" custom="readingOrder {index:11;}">
                <Coords points="2024,926 3217,926 3250,893 2734,870 2023,904"/>
                <Baseline points="2032,926 2092,925 2152,924 2213,923 2273,922 2334,922 2394,921 2454,921 2515,921 2575,920 2636,920 2696,920 2756,920 2817,919 2877,919 2938,918 2998,917 3058,916 3119,915 3179,913 3240,911"/>
                <TextEquiv>
                    <Unicode>Schluß der Saison: das sind drei Dirge, die man erlebt</Unicode>
                </TextEquiv>
            </TextLine>
            <TextLine id="r2l13" custom="readingOrder {index:12;}">
                <Coords points="2030,980 3247,966 3246,926 3179,914 2029,934"/>
                <Baseline points="2038,970 2101,969 2164,968 2227,967 2290,966 2353,965 2416,964 2479,963 2542,963 2605,962 2669,961 2732,960 2795,960 2858,959 2921,958 2984,958 3047,958 3110,958 3173,957 3237,957"/>
                <TextEquiv>
                    <Unicode>haben muß, um sie zi glauben. Und wie sich das für ein</Unicode>
                </TextEquiv>
            </TextLine>
            <TextLine id="r2l14" custom="readingOrder {index:13;}">
                <Coords points="2018,998 3250,998 3163,957 2018,973"/>
                <Baseline points="2028,1014 2088,1012 2149,1011 2209,1010 2270,1009 2331,1008 2391,1007 2452,1006 2512,1006 2573,1005 2634,1005 2694,1004 2755,1004 2815,1003 2876,1003 2937,1002 2997,1001 3058,1000 3118,999 3179,998 3240,997"/>
                <TextEquiv>
                    <Unicode>ausverkauftes Haus zlemt, war der Beifall an beiden Abenden</Unicode>
                </TextEquiv>
            </TextLine>
            <TextLine id="r2l15" custom="readingOrder {index:14;}">
                <Coords points="2030,1067 2414,1066 2452,1034 3146,1060 3255,1028 3254,997 2030,1025"/>
                <Baseline points="2040,1058 2100,1056 2160,1055 2220,1054 2281,1053 2341,1052 2401,1051 2461,1050 2522,1050 2582,1049 2642,1048 2702,1048 2763,1047 2823,1046 2883,1046 2943,1045 3004,1044 3064,1043 3124,1043 3184,1042 3245,1041"/>
                <TextEquiv>
                    <Unicode>stürmisch, „frenetisch“. Wir sind so ketzerisch, diesem Erfolge</Unicode>
                </TextEquiv>
            </TextLine>
            <TextLine id="r2l16" custom="readingOrder {index:15;}">
                <Coords points="2033,1110 3249,1089 3248,1056 3162,1046 2033,1068"/>
                <Baseline points="2043,1099 2102,1098 2162,1096 2222,1096 2282,1095 2342,1094 2401,1094 2461,1094 2521,1093 2581,1093 2641,1093 2700,1093 2760,1092 2820,1092 2880,1092 2940,1091 2999,1090 3059,1089 3119,1088 3179,1087 3239,1086"/>
                <TextEquiv>
                    <Unicode>einfach rathlos gegenüber zu stehen, da wir seine Berechtigung</Unicode>
                </TextEquiv>
            </TextLine>
            <TextLine id="r2l17" custom="readingOrder {index:16;}">
                <Coords points="2028,1151 3053,1154 3245,1136 3245,1087 2027,1104"/>
                <Baseline points="2037,1141 2096,1140 2156,1139 2216,1138 2276,1137 2336,1137 2396,1137 2456,1137 2516,1137 2576,1137 2636,1137 2695,1136 2755,1136 2815,1136 2875,1135 2935,1134 2995,1133 3055,1131 3115,1129 3175,1127 3235,1124"/>
                <TextEquiv>
                    <Unicode>absolut nicht einsehen können. Ist es der Reiz des Auswärti¬</Unicode>
                </TextEquiv>
            </TextLine>
            <TextLine id="r2l18" custom="readingOrder {index:17;}">
                <Coords points="2029,1202 3252,1193 3232,1132 2029,1152"/>
                <Baseline points="2039,1187 2099,1186 2159,1185 2219,1184 2279,1184 2340,1183 2400,1183 2460,1183 2520,1183 2580,1182 2641,1182 2701,1181 2761,1181 2821,1180 2881,1179 2942,1178 3002,1177 3062,1175 3122,1173 3182,1171 3243,1169"/>
                <TextEquiv>
                    <Unicode>gen, ist es der Wunsch, die in letzter Zeit so viel genannte</Unicode>
                </TextEquiv>
            </TextLine>
            <TextLine id="r2l19" custom="readingOrder {index:18;}">
                <Coords points="2032,1240 3233,1235 3249,1177 2032,1202"/>
                <Baseline points="2041,1233 2104,1232 2167,1230 2230,1229 2293,1228 2356,1227 2419,1227 2482,1226 2545,1226 2608,1225 2672,1225 2735,1224 2798,1224 2861,1223 2924,1222 2987,1220 3050,1219 3113,1217 3176,1215 3240,1212"/>
                <TextEquiv>
                    <Unicode>Künstlerin persönlich kennen zu lernen, der so zahl¬</Unicode>
                </TextEquiv>
            </TextLine>
            <TextLine id="r2l20" custom="readingOrder {index:19;}">
                <Coords points="2985,1272 3003,1266 3066,1278 3091,1259 3115,1271 3157,1265 3173,1274 3229,1262 3242,1275 3262,1276 3261,1217 3248,1215 3225,1234 3214,1225 3187,1231 3176,1220 3136,1231 3118,1214 3077,1232 3051,1224 3033,1233 2984,1230"/>
                <Baseline points="2993,1260 3019,1262 3045,1263 3071,1263 3097,1263 3123,1262 3149,1261 3175,1260 3201,1259 3227,1259 3253,1259"/>
                <TextEquiv>
                    <Unicode>wir wissen</Unicode>
                </TextEquiv>
            </TextLine>
            <TextLine id="r2l21" custom="readingOrder {index:20;}">
                <Coords points="2038,1277 2805,1287 2874,1278 2922,1234 2038,1241"/>
                <Baseline points="2046,1274 2089,1273 2132,1272 2176,1271 2219,1271 2262,1270 2306,1270 2349,1269 2392,1269 2436,1269 2479,1269 2522,1269 2566,1268 2609,1268 2652,1268 2696,1268 2739,1267 2782,1267 2826,1266 2869,1266 2913,1265"/>
                <TextEquiv>
                    <Unicode>reiche Besucher in dieses Theater zieht</Unicode>
                </TextEquiv>
            </TextLine>
            <TextLine id="r2l22" custom="readingOrder {index:21;}">
                <Coords points="2037,1318 3230,1319 3252,1270 2557,1295 2036,1265"/>
                <Baseline points="2046,1316 2105,1315 2165,1315 2225,1315 2285,1315 2345,1314 2405,1314 2464,1314 2524,1313 2584,1313 2644,1313 2704,1312 2764,1312 2824,1311 2883,1310 2943,1309 3003,1308 3063,1307 3123,1306 3183,1305 3243,1303"/>
                <TextEquiv>
                    <Unicode>es nicht: aber irgend eine starke Suggestion ist hier</Unicode>
                </TextEquiv>
            </TextLine>
            <TextLine id="r2l23" custom="readingOrder {index:22;}">
                <Coords points="2032,1355 3233,1366 3253,1314 2032,1317"/>
                <Baseline points="2042,1365 2102,1364 2162,1362 2222,1361 2282,1360 2342,1359 2402,1359 2462,1358 2522,1358 2582,1357 2643,1357 2703,1357 2763,1356 2823,1356 2883,1355 2943,1355 3003,1354 3063,1354 3123,1353 3183,1351 3244,1350"/>
                <TextEquiv>
                    <Unicode>wirksam und besticht das gesunde Urtheil. Es ist nöthig,</Unicode>
                </TextEquiv>
            </TextLine>
            <TextLine id="r2l24" custom="readingOrder {index:23;}">
                <Coords points="2037,1408 3084,1415 3230,1408 3252,1357 2036,1360"/>
                <Baseline points="2046,1408 2105,1407 2165,1405 2225,1404 2285,1403 2345,1402 2405,1402 2464,1401 2524,1401 2584,1400 2644,1400 2704,1399 2764,1399 2824,1398 2883,1398 2943,1397 3003,1396 3063,1395 3123,1394 3183,1393 3243,1391"/>
                <TextEquiv>
                    <Unicode>das zu sagen, denn es ist ein Unrecht gegen unsere heimischen</Unicode>
                </TextEquiv>
            </TextLine>
            <TextLine id="r2l25" custom="readingOrder {index:24;}">
                <Coords points="2038,1451 3152,1455 3262,1410 2037,1408"/>
                <Baseline points="2046,1452 2106,1451 2166,1449 2227,1448 2287,1448 2348,1447 2408,1446 2468,1446 2529,1445 2589,1444 2650,1444 2710,1443 2770,1443 2831,1442 2891,1441 2952,1440 3012,1439 3072,1438 3133,1437 3193,1435 3254,1433"/>
                <TextEquiv>
                    <Unicode>Künstler, eine Fremde so über Gebühr zu feiern. Wir nehmen</Unicode>
                </TextEquiv>
            </TextLine>
            <TextLine id="r2l26" custom="readingOrder {index:25;}">
                <Coords points="2034,1496 3167,1497 3248,1482 3248,1440 2034,1469"/>
                <Baseline points="2044,1494 2103,1492 2163,1491 2223,1490 2283,1489 2342,1489 2402,1488 2462,1488 2522,1488 2581,1487 2641,1487 2701,1487 2761,1486 2820,1486 2880,1485 2940,1485 3000,1483 3059,1482 3119,1481 3179,1479 3239,1476"/>
                <TextEquiv>
                    <Unicode>uns also die Freiheit zu gestehen, daß Fräulein Sandrocks Maria</Unicode>
                </TextEquiv>
            </TextLine>
            <TextLine id="r2l27" custom="readingOrder {index:26;}">
                <Coords points="2028,1538 3249,1521 3227,1485 2028,1504"/>
                <Baseline points="2036,1533 2096,1533 2156,1534 2216,1534 2276,1533 2337,1533 2397,1533 2457,1533 2517,1532 2577,1532 2638,1531 2698,1531 2758,1530 2818,1529 2878,1528 2939,1527 2999,1527 3059,1525 3119,1525 3179,1523 3240,1522"/>
                <TextEquiv>
                    <Unicode>Stuart uns als eine durchaus nicht hervorragende Leistung er¬</Unicode>
                </TextEquiv>
            </TextLine>
            <TextLine id="r2l28" custom="readingOrder {index:27;}">
                <Coords points="2032,1578 3258,1583 3258,1532 2031,1553"/>
                <Baseline points="2041,1582 2101,1580 2161,1579 2222,1577 2282,1577 2342,1576 2403,1575 2463,1575 2523,1575 2584,1575 2644,1575 2704,1575 2765,1574 2825,1574 2885,1574 2946,1573 3006,1572 3066,1571 3127,1569 3187,1567 3248,1565"/>
                <TextEquiv>
                    <Unicode>scheint. Das Organ der Darstellerin, das in der Mittellage so</Unicode>
                </TextEquiv>
            </TextLine>
            <TextLine id="r2l29" custom="readingOrder {index:28;}">
                <Coords points="2038,1627 3084,1630 3225,1621 3259,1583 2038,1586"/>
                <Baseline points="2047,1623 2107,1623 2167,1622 2227,1622 2287,1621 2348,1621 2408,1620 2468,1620 2528,1619 2588,1619 2649,1618 2709,1618 2769,1617 2829,1617 2889,1616 2950,1615 3010,1614 3070,1613 3130,1611 3190,1610 3251,1608"/>
                <TextEquiv>
                    <Unicode>süßen Wohllauts fähig ist und die denkbar reichste Modulation</Unicode>
                </TextEquiv>
            </TextLine>
            <TextLine id="r2l30" custom="readingOrder {index:29;}">
                <Coords points="2032,1675 3262,1653 3261,1613 2032,1652"/>
                <Baseline points="2041,1666 2101,1666 2162,1666 2222,1666 2283,1666 2344,1666 2404,1665 2465,1665 2525,1665 2586,1664 2647,1664 2707,1663 2768,1663 2828,1662 2889,1661 2950,1661 3010,1660 3071,1659 3131,1658 3192,1658 3253,1657"/>
                <TextEquiv>
                    <Unicode>verspricht, versagte im Affekt durchaus: es klang heiser, keifend,</Unicode>
                </TextEquiv>
            </TextLine>
            <TextLine id="r2l31" custom="readingOrder {index:30;}">
                <Coords points="2038,1708 3210,1716 3263,1672 2038,1691"/>
                <Baseline points="2048,1710 2108,1709 2168,1709 2228,1709 2289,1709 2349,1709 2409,1708 2469,1708 2530,1708 2590,1708 2650,1708 2710,1708 2771,1707 2831,1707 2891,1707 2951,1706 3012,1705 3072,1705 3132,1704 3192,1703 3253,1702"/>
                <TextEquiv>
                    <Unicode>unedel in der Gartenszene, und es ließ durchaus den Klang</Unicode>
                </TextEquiv>
            </TextLine>
            <TextLine id="r2l32" custom="readingOrder {index:31;}">
                <Coords points="2032,1773 3102,1770 3258,1748 3257,1699 2031,1739"/>
                <Baseline points="2040,1756 2100,1755 2160,1755 2221,1755 2281,1754 2342,1754 2402,1754 2462,1753 2523,1753 2583,1752 2644,1752 2704,1751 2764,1751 2825,1750 2885,1749 2946,1748 3006,1747 3066,1746 3127,1745 3187,1744 3248,1742"/>
                <TextEquiv>
                    <Unicode>edlen, hoheitsvollen Stolzes vermissen im ersten Akte bei der</Unicode>
                </TextEquiv>
            </TextLine>
            <TextLine id="r2l33" custom="readingOrder {index:32;}">
                <Coords points="2037,1801 3262,1783 3261,1747 2037,1769"/>
                <Baseline points="2046,1797 2106,1797 2166,1797 2227,1797 2287,1797 2347,1798 2408,1798 2468,1798 2528,1798 2589,1798 2649,1798 2709,1798 2770,1797 2830,1796 2890,1796 2951,1795 3011,1793 3071,1792 3132,1790 3192,1787 3253,1785"/>
                <TextEquiv>
                    <Unicode>wundervollen Erwiderung auf Burleighs Eröffnungen. Es ist</Unicode>
                </TextEquiv>
            </TextLine>
            <TextLine id="r2l34" custom="readingOrder {index:33;}">
                <Coords points="1981,1854 3262,1829 3182,1787 1981,1823"/>
                <Baseline points="1991,1852 2054,1849 2117,1847 2180,1846 2243,1844 2306,1843 2369,1842 2432,1842 2495,1842 2558,1841 2621,1841 2684,1841 2747,1840 2810,1840 2873,1839 2936,1839 2999,1838 3062,1837 3125,1836 3188,1834 3252,1832"/>
                <TextEquiv>
                    <Unicode>#0 möglich, obgleich uns von kundigen Leuten das Gegentheil</Unicode>
                </TextEquiv>
            </TextLine>
            <TextLine id="r2l35" custom="readingOrder {index:34;}">
                <Coords points="1974,1909 3260,1898 3260,1843 1974,1862"/>
                <Baseline points="1983,1897 2046,1895 2109,1893 2173,1891 2236,1889 2300,1888 2363,1887 2426,1886 2490,1886 2553,1885 2617,1885 2680,1884 2743,1884 2807,1883 2870,1883 2934,1882 2997,1882 3060,1881 3124,1879 3187,1878 3251,1876"/>
                <TextEquiv>
                    <Unicode>100 versichert ist, daß Fräulein Sandrock mit einer augenblicklichen</Unicode>
                </TextEquiv>
            </TextLine>
            <TextLine id="r2l36" custom="readingOrder {index:35;}">
                <Coords points="1976,1949 3253,1943 3264,1901 1976,1907"/>
                <Baseline points="1985,1937 2048,1936 2112,1934 2175,1933 2239,1932 2302,1931 2366,1930 2429,1930 2493,1929 2556,1928 2620,1928 2683,1927 2747,1927 2810,1926 2874,1926 2937,1925 3001,1925 3064,1925 3128,1924 3191,1924 3255,1923"/>
                <TextEquiv>
                    <Unicode>200 Heiserkeit zu kämpfen hatte. Wir bemerkten im ersten Akte,</Unicode>
                </TextEquiv>
            </TextLine>
            <TextLine id="r2l37" custom="readingOrder {index:36;}">
                <Coords points="1973,1983 3176,1983 3261,1925 1973,1945"/>
                <Baseline points="1982,1978 2045,1976 2108,1975 2172,1974 2235,1974 2299,1973 2362,1973 2426,1973 2489,1972 2553,1972 2616,1972 2679,1972 2743,1972 2806,1972 2870,1971 2933,1971 2997,1970 3060,1969 3124,1967 3187,1966 3251,1964"/>
                <TextEquiv>
                    <Unicode>500 daß sie einige Male einen Hustenreiz zu unterdrücken versuchte.</Unicode>
                </TextEquiv>
            </TextLine>
            <TextLine id="r2l38" custom="readingOrder {index:37;}">
                <Coords points="1956,2022 3285,2028 3321,1973 1956,1984"/>
                <Baseline points="1965,2015 2032,2016 2099,2018 2167,2018 2234,2019 2301,2019 2369,2019 2436,2019 2503,2019 2571,2018 2638,2018 2705,2017 2773,2016 2840,2015 2907,2015 2975,2014 3042,2014 3109,2014 3177,2014 3244,2014 3312,2014"/>
                <TextEquiv>
                    <Unicode>1000 Ein anderer Mangel ihrer Maria aber ist sicher nicht auf das</Unicode>
                </TextEquiv>
            </TextLine>
            <TextLine id="r2l39" custom="readingOrder {index:38;}">
                <Coords points="1997,2073 3299,2070 3325,2023 1997,2037"/>
                <Baseline points="2007,2061 2072,2062 2137,2062 2203,2063 2268,2063 2334,2063 2399,2063 2464,2063 2530,2063 2595,2063 2661,2063 2726,2062 2791,2062 2857,2061 2922,2060 2988,2059 3053,2058 3118,2057 3184,2056 3249,2054 3315,2053"/>
                <TextEquiv>
                    <Unicode>naugenblickliche Indisposition zurückzuführen, der Mangel an jen</Unicode>
                </TextEquiv>
            </TextLine>
            <TextLine id="r2l40" custom="readingOrder {index:39;}">
                <Coords points="2328,2108 3234,2111 3255,2055 2327,2084"/>
                <Baseline points="2337,2107 2382,2106 2428,2105 2473,2104 2519,2104 2564,2103 2610,2103 2655,2103 2701,2103 2746,2103 2792,2103 2837,2104 2883,2104 2928,2103 2974,2103 3019,2103 3065,2102 3110,2101 3156,2099 3201,2098 3247,2096"/>
                <TextEquiv>
                    <Unicode>Wir sind keinen Augenblick das Gefühl</Unicode>
                </TextEquiv>
            </TextLine>
            <TextLine id="r2l41" custom="readingOrder {index:40;}">
                <Coords points="1895,2110 2222,2124 2244,2111 2267,2120 2323,2109 2323,2076 2196,2064 2130,2079 2043,2067 2021,2080 1965,2084 1929,2068 1894,2081"/>
                <Baseline points="1904,2108 1929,2107 1955,2107 1981,2107 2006,2107 2032,2107 2058,2107 2083,2107 2109,2108 2135,2108 2160,2108 2186,2108 2212,2107 2237,2106 2263,2105 2289,2104 2315,2102"/>
                <TextEquiv>
                    <Unicode>Abonnen Innerlichkeit.</Unicode>
                </TextEquiv>
            </TextLine>
            <TextLine id="r2l42" custom="readingOrder {index:41;}">
                <Coords points="1896,2138 3273,2174 3224,2102 1896,2109"/>
                <Baseline points="1906,2144 1973,2146 2041,2147 2109,2149 2177,2149 2245,2150 2313,2150 2381,2150 2449,2149 2517,2149 2585,2148 2652,2147 2720,2147 2788,2146 2856,2146 2924,2146 2992,2146 3060,2146 3128,2147 3196,2148 3264,2149"/>
                <TextEquiv>
                    <Unicode>####nerlos geworden, einer Virtuosin der Ausdrucksmittel,</Unicode>
                </TextEquiv>
            </TextLine>
            <TextLine id="r2l43" custom="readingOrder {index:42;}">
                <Coords points="2051,2208 3256,2190 3255,2145 2051,2150"/>
                <Baseline points="2060,2199 2119,2198 2178,2197 2238,2196 2297,2196 2356,2195 2416,2195 2475,2194 2534,2194 2594,2194 2653,2193 2712,2193 2772,2192 2831,2192 2890,2191 2950,2190 3009,2189 3068,2188 3128,2187 3187,2185 3247,2183"/>
                <TextEquiv>
                    <Unicode>einer genauen Berechnung der Wirkung statt dem unmittel¬</Unicode>
                </TextEquiv>
            </TextLine>
            <TextLine id="r2l44" custom="readingOrder {index:43;}">
                <Coords points="2041,2246 3128,2246 3260,2230 3260,2194 2041,2212"/>
                <Baseline points="2050,2243 2110,2242 2170,2241 2230,2241 2290,2240 2350,2240 2410,2239 2470,2239 2530,2239 2590,2238 2650,2238 2710,2238 2770,2237 2830,2236 2890,2236 2950,2235 3010,2234 3070,2232 3130,2231 3190,2229 3251,2226"/>
                <TextEquiv>
                    <Unicode>baren Ausdruck einer erlebten Empfindung gegenüberzustehen.</Unicode>
                </TextEquiv>
            </TextLine>
            <TextLine id="r2l45" custom="readingOrder {index:44;}">
                <Coords points="2044,2293 3265,2269 3214,2234 2043,2248"/>
                <Baseline points="2053,2289 2113,2287 2173,2286 2233,2285 2293,2284 2353,2284 2413,2283 2474,2283 2534,2282 2594,2282 2654,2282 2714,2281 2774,2281 2834,2280 2895,2280 2955,2279 3015,2278 3075,2277 3135,2276 3195,2275 3256,2273"/>
                <TextEquiv>
                    <Unicode>Tritt man an diese Maria mit dem allein erlaubten Meß¬</Unicode>
                </TextEquiv>
            </TextLine>
            <TextLine id="r2l46" custom="readingOrder {index:45;}">
                <Coords points="2056,2340 3273,2319 3188,2279 2056,2291"/>
                <Baseline points="2066,2332 2125,2331 2185,2330 2245,2329 2305,2328 2365,2327 2425,2327 2485,2326 2545,2325 2605,2325 2665,2324 2724,2323 2784,2322 2844,2321 2904,2321 2964,2320 3024,2319 3084,2318 3144,2317 3204,2315 3264,2314"/>
                <TextEquiv>
                    <Unicode>stabe heran, ob dieser Ton, diese Geste, dieser Accent aus der</Unicode>
                </TextEquiv>
            </TextLine>
            <TextLine id="r2l47" custom="readingOrder {index:46;}">
                <Coords points="2053,2373 3151,2377 3279,2360 3279,2324 2053,2344"/>
                <Baseline points="2062,2377 2122,2376 2182,2375 2243,2374 2303,2372 2364,2372 2424,2371 2484,2370 2545,2369 2605,2369 2666,2368 2726,2367 2786,2367 2847,2366 2907,2365 2968,2364 3028,2363 3088,2362 3149,2361 3209,2359 3270,2357"/>
                <TextEquiv>
                    <Unicode>Situation und aus dem jeweiligen Seelenzustande heraus er¬</Unicode>
                </TextEquiv>
            </TextLine>
            <TextLine id="r2l48" custom="readingOrder {index:47;}">
                <Coords points="2051,2432 3203,2424 3269,2371 2050,2387"/>
                <Baseline points="2059,2419 2119,2417 2179,2417 2239,2416 2299,2415 2359,2415 2419,2414 2479,2413 2539,2413 2599,2412 2659,2412 2719,2411 2779,2411 2839,2410 2899,2410 2959,2409 3019,2408 3079,2408 3139,2407 3199,2406 3260,2405"/>
                <TextEquiv>
                    <Unicode>klärlich und berechtigt ist, so wird man mit Erstaunen wahr¬</Unicode>
                </TextEquiv>
            </TextLine>
            <TextLine id="r2l49" custom="readingOrder {index:48;}">
                <Coords points="2047,2453 3277,2445 3247,2409 2046,2435"/>
                <Baseline points="2055,2465 2115,2463 2176,2462 2236,2461 2297,2460 2358,2459 2418,2458 2479,2458 2539,2458 2600,2457 2661,2457 2721,2457 2782,2457 2842,2456 2903,2456 2964,2455 3024,2454 3085,2453 3145,2451 3206,2449 3267,2447"/>
                <TextEquiv>
                    <Unicode>nehmen, wie oft Fräulein Sandrock um der augenblicklichen</Unicode>
                </TextEquiv>
            </TextLine>
            <TextLine id="r2l50" custom="readingOrder {index:49;}">
                <Coords points="2060,2514 3193,2508 3274,2497 3274,2446 2060,2475"/>
                <Baseline points="2069,2509 2128,2507 2188,2506 2248,2505 2308,2504 2368,2504 2427,2503 2487,2503 2547,2503 2607,2503 2667,2503 2726,2503 2786,2503 2846,2503 2906,2502 2966,2502 3025,2500 3085,2499 3145,2497 3205,2495 3265,2491"/>
                <TextEquiv>
                    <Unicode>Wirkung willen das oberste künstlerische Gebot der inneren</Unicode>
                </TextEquiv>
            </TextLine>
            <TextLine id="r2l51" custom="readingOrder {index:50;}">
                <Coords points="2905,2543 2965,2549 2992,2536 3110,2558 3151,2554 3164,2541 3253,2557 3271,2549 3270,2497 3257,2495 3209,2496 3191,2509 3140,2498 3104,2510 3062,2496 3030,2507 2905,2508"/>
                <Baseline points="2915,2538 2941,2541 2968,2542 2994,2544 3021,2544 3048,2545 3074,2544 3101,2544 3127,2543 3154,2542 3181,2540 3207,2539 3234,2538 3261,2537"/>
                <TextEquiv>
                    <Unicode>der Angelpunkt</Unicode>
                </TextEquiv>
            </TextLine>
            <TextLine id="r2l52" custom="readingOrder {index:51;}">
                <Coords points="2638,2542 2682,2559 2711,2554 2729,2566 2738,2557 2769,2555 2796,2534 2837,2560 2892,2540 2891,2508 2875,2511 2855,2501 2823,2504 2814,2514 2761,2505 2743,2514 2683,2505 2638,2511"/>
                <Baseline points="2648,2542 2674,2543 2700,2543 2726,2543 2752,2543 2778,2543 2804,2542 2830,2542 2856,2542 2883,2542"/>
                <TextEquiv>
                    <Unicode>aber ist</Unicode>
                </TextEquiv>
            </TextLine>
            <TextLine id="r2l53" custom="readingOrder {index:52;}">
                <Coords points="2048,2551 2143,2573 2204,2551 2625,2554 2625,2513 2541,2503 2469,2528 2435,2508 2222,2524 2191,2508 2048,2511"/>
                <Baseline points="2057,2555 2085,2553 2113,2551 2141,2551 2169,2550 2197,2549 2225,2549 2253,2548 2281,2548 2309,2548 2337,2548 2365,2548 2393,2548 2421,2548 2449,2548 2477,2548 2505,2547 2533,2546 2561,2546 2589,2544 2617,2543"/>
                <TextEquiv>
                    <Unicode>Wahrheit verletzt. Hier</Unicode>
                </TextEquiv>
            </TextLine>
            <TextLine id="r2l54" custom="readingOrder {index:53;}">
                <Coords points="2050,2589 3168,2606 3282,2581 3282,2543 2050,2549"/>
                <Baseline points="2060,2598 2120,2596 2181,2593 2241,2592 2302,2591 2363,2590 2423,2590 2484,2590 2544,2590 2605,2590 2666,2590 2726,2590 2787,2590 2847,2590 2908,2589 2969,2589 3029,2587 3090,2586 3150,2584 3211,2581 3272,2578"/>
                <TextEquiv>
                    <Unicode>für die Beurtheilung einec schauspielerischen Dar¬</Unicode>
                </TextEquiv>
            </TextLine>
            <TextLine id="r2l55" custom="readingOrder {index:54;}">
                <Coords points="2060,2639 3229,2632 3228,2588 3188,2585 2923,2618 2778,2587 2060,2594"/>
                <Baseline points="2070,2643 2127,2641 2184,2640 2242,2638 2299,2637 2357,2637 2414,2636 2472,2636 2529,2636 2587,2636 2644,2636 2701,2636 2759,2636 2816,2636 2874,2636 2931,2634 2989,2634 3046,2632 3104,2630 3161,2628 3219,2624"/>
                <TextEquiv>
                    <Unicode>bietung: Alles Andere mag subjektio sein, hier is</Unicode>
                </TextEquiv>
            </TextLine>
            <TextLine id="r2l56" custom="readingOrder {index:55;}">
                <Coords points="2060,2682 3220,2688 3285,2658 3273,2628 2060,2640"/>
                <Baseline points="2070,2686 2130,2684 2190,2682 2250,2680 2311,2679 2371,2678 2431,2678 2491,2678 2552,2678 2612,2678 2672,2678 2732,2678 2793,2678 2853,2678 2913,2677 2973,2676 3034,2675 3094,2674 3154,2671 3214,2669 3275,2665"/>
                <TextEquiv>
                    <Unicode>ein objektives Moment für die Kritik. Uns verletzt es aufs</Unicode>
                </TextEquiv>
            </TextLine>
            <TextLine id="r2l57" custom="readingOrder {index:56;}">
                <Coords points="2061,2735 3277,2717 3276,2677 3157,2668 2061,2682"/>
                <Baseline points="2070,2731 2129,2730 2189,2728 2249,2727 2309,2726 2369,2726 2429,2725 2489,2725 2549,2724 2609,2724 2669,2724 2728,2723 2788,2723 2848,2722 2908,2721 2968,2721 3028,2720 3088,2718 3148,2717 3208,2715 3268,2713"/>
                <TextEquiv>
                    <Unicode>Tiefste, wenn wir inmitten eines anscheinend unmittelbaren</Unicode>
                </TextEquiv>
            </TextLine>
            <TextLine id="r2l58" custom="readingOrder {index:57;}">
                <Coords points="3182,2769 3192,2769 3200,2764 3207,2767 3212,2762 3230,2771 3232,2769 3238,2775 3263,2769 3281,2771 3281,2728 3263,2728 3247,2735 3232,2720 3214,2729 3182,2728"/>
                <Baseline points="3190,2760 3217,2760 3244,2760 3272,2760"/>
                <TextEquiv>
                    <Unicode>ien,</Unicode>
                </TextEquiv>
            </TextLine>
            <TextLine id="r2l59" custom="readingOrder {index:58;}">
                <Coords points="2058,2766 2998,2775 3016,2728 2057,2737"/>
                <Baseline points="2066,2774 2113,2772 2160,2771 2207,2770 2254,2769 2301,2768 2348,2767 2395,2767 2442,2766 2489,2766 2536,2765 2583,2765 2630,2765 2677,2764 2724,2764 2771,2764 2818,2764 2865,2764 2912,2764 2959,2764 3007,2763"/>
                <TextEquiv>
                    <Unicode>Gefühlsausbruchs einer kühl ausgeklügelten Nüan</Unicode>
                </TextEquiv>
            </TextLine>
            <TextLine id="r2l60" custom="readingOrder {index:59;}">
                <Coords points="2047,2799 2100,2828 2962,2819 2962,2768 2902,2763 2047,2774"/>
                <Baseline points="2057,2816 2101,2816 2146,2815 2191,2814 2236,2814 2281,2813 2326,2812 2370,2812 2415,2811 2460,2811 2505,2810 2550,2810 2595,2810 2640,2809 2684,2809 2729,2809 2774,2808 2819,2808 2864,2808 2909,2807 2954,2807"/>
                <TextEquiv>
                    <Unicode>und daran läßt es Fräulein Sandrock nicht fel</Unicode>
                </TextEquiv>
            </TextLine>
            <TextLine id="r2l61" custom="readingOrder {index:60;}">
                <Coords points="2057,2872 2386,2849 2856,2862 2885,2820 2056,2820"/>
                <Baseline points="2066,2860 2106,2859 2147,2859 2187,2859 2228,2859 2268,2858 2309,2858 2349,2858 2390,2857 2430,2857 2471,2856 2511,2856 2552,2855 2592,2855 2633,2854 2673,2854 2714,2853 2754,2853 2795,2852 2835,2852 2876,2851"/>
                <TextEquiv>
                    <Unicode>wenn sie dem oherflächlichen Beurtheilen</Unicode>
                </TextEquiv>
            </TextLine>
            <TextLine id="r2l62" custom="readingOrder {index:61;}">
                <Coords points="2064,2902 2668,2914 2851,2901 2851,2856 2064,2864"/>
                <Baseline points="2074,2905 2112,2903 2150,2902 2189,2901 2227,2900 2266,2900 2304,2899 2342,2899 2381,2899 2419,2899 2458,2899 2496,2899 2534,2899 2573,2899 2611,2899 2650,2898 2688,2898 2726,2897 2765,2896 2803,2896 2842,2895"/>
                <TextEquiv>
                    <Unicode>erscheint. Ein selbstsicheres „qualis artifé</Unicode>
                </TextEquiv>
            </TextLine>
            <TextLine id="r2l63" custom="readingOrder {index:62;}">
                <Coords points="2119,2957 2866,2935 2866,2906 2797,2898 2119,2903"/>
                <Baseline points="2128,2948 2164,2946 2200,2944 2237,2944 2273,2943 2310,2942 2346,2942 2383,2942 2419,2942 2456,2942 2492,2942 2528,2943 2565,2943 2601,2943 2638,2943 2674,2943 2711,2943 2747,2942 2784,2941 2820,2940 2857,2938"/>
                <TextEquiv>
                    <Unicode>sammten Persönlichkeit, das aber ist</Unicode>
                </TextEquiv>
            </TextLine>
            <TextLine id="r2l64" custom="readingOrder {index:63;}">
                <Coords points="2136,2999 2831,2985 2907,3014 2945,2995 2945,2950 2856,2934 2704,2959 2136,2947"/>
                <Baseline points="2145,2992 2184,2991 2224,2990 2263,2989 2303,2989 2342,2988 2382,2988 2421,2988 2461,2988 2500,2989 2540,2989 2579,2989 2619,2989 2658,2989 2698,2989 2737,2989 2777,2988 2816,2988 2856,2986 2895,2985 2935,2983"/>
                <TextEquiv>
                    <Unicode>stlerischen Wirkung auf den empfängliche</Unicode>
                </TextEquiv>
            </TextLine>
            <TextLine id="r2l65" custom="readingOrder {index:64;}">
                <Coords points="2144,3039 2951,3035 2950,2996 2699,2983 2507,2989 2486,3011 2316,2989 2144,3007"/>
                <Baseline points="2154,3036 2193,3034 2232,3033 2272,3032 2311,3031 2350,3031 2390,3030 2429,3030 2468,3030 2508,3030 2547,3030 2586,3029 2626,3029 2665,3029 2704,3029 2744,3029 2783,3028 2822,3028 2862,3027 2901,3026 2941,3025"/>
                <TextEquiv>
                    <Unicode>,daß der Mangel an Junerlichkeit i 16</Unicode>
                </TextEquiv>
            </TextLine>
            <TextLine id="r2l66" custom="readingOrder {index:65;}">
                <Coords points="2147,3074 2979,3082 2968,3030 2147,3038"/>
                <Baseline points="2157,3069 2197,3071 2238,3072 2278,3073 2319,3073 2360,3074 2400,3074 2441,3074 2482,3074 2522,3074 2563,3073 2604,3073 2644,3072 2685,3072 2726,3071 2766,3071 2807,3070 2848,3070 2888,3070 2929,3070 2970,3070"/>
                <TextEquiv>
                    <Unicode>istine Weiring in Schnitzlers#e</Unicode>
                </TextEquiv>
            </TextLine>
            <TextLine id="r2l67" custom="readingOrder {index:66;}">
                <Coords points="2051,3118 2839,3136 2962,3128 3004,3088 2050,3090"/>
                <Baseline points="2059,3118 2105,3118 2152,3118 2199,3117 2246,3117 2292,3116 2339,3116 2386,3115 2433,3114 2479,3114 2526,3113 2573,3112 2620,3112 2666,3111 2713,3111 2760,3111 2807,3110 2853,3110 2900,3111 2947,3111 2994,3112"/>
                <TextEquiv>
                    <Unicode>Darbietung des Gastes am Himmelfagtstage,</Unicode>
                </TextEquiv>
            </TextLine>
            <TextLine id="r2l68" custom="readingOrder {index:67;}">
                <Coords points="2051,3172 3261,3167 3260,3124 3197,3108 2050,3118"/>
                <Baseline points="2060,3166 2119,3164 2179,3162 2238,3161 2298,3160 2358,3159 2417,3158 2477,3157 2536,3157 2596,3156 2656,3156 2715,3156 2775,3156 2834,3155 2894,3155 2954,3155 3013,3154 3073,3154 3132,3154 3192,3153 3252,3152"/>
                <TextEquiv>
                    <Unicode>sonders störend hervortritt. Ein junges? ädchen, des zum ersten</Unicode>
                </TextEquiv>
            </TextLine>
            <TextLine id="r2l69" custom="readingOrder {index:68;}">
                <Coords points="2059,3227 3193,3218 3294,3190 3294,3146 2900,3184 2058,3168"/>
                <Baseline points="2067,3207 2127,3206 2188,3206 2249,3205 2310,3204 2371,3204 2432,3204 2492,3203 2553,3203 2614,3203 2675,3203 2736,3202 2797,3202 2858,3201 2918,3201 2979,3200 3040,3199 3101,3198 3162,3197 3223,3196 3284,3194"/>
                <TextEquiv>
                    <Unicode>Male mit der ganzen Kraft ihres reichn, weichen Gemüthes</Unicode>
                </TextEquiv>
            </TextLine>
            <TextLine id="r2l70" custom="readingOrder {index:69;}">
                <Coords points="2765,3244 2817,3263 2870,3246 3031,3257 3063,3241 3132,3256 3179,3238 3221,3257 3278,3251 3278,3199 3090,3212 2889,3199 2859,3223 2800,3204 2764,3220"/>
                <Baseline points="2773,3245 2799,3245 2825,3245 2851,3245 2877,3245 2903,3246 2929,3246 2955,3246 2981,3246 3007,3246 3034,3245 3060,3245 3086,3245 3112,3245 3138,3244 3164,3243 3190,3242 3216,3241 3242,3240 3269,3238"/>
                <TextEquiv>
                    <Unicode>ihr Geliebter sei im</Unicode>
                </TextEquiv>
            </TextLine>
            <TextLine id="r2l71" custom="readingOrder {index:70;}">
                <Coords points="2063,3259 2309,3246 2391,3265 2447,3234 2485,3270 2541,3246 2653,3270 2754,3241 2754,3201 2606,3206 2553,3230 2506,3208 2282,3206 2197,3234 2153,3209 2063,3210"/>
                <Baseline points="2073,3253 2106,3252 2140,3250 2173,3250 2207,3249 2241,3248 2274,3248 2308,3248 2341,3247 2375,3247 2409,3247 2442,3247 2476,3247 2509,3247 2543,3247 2577,3247 2610,3246 2644,3246 2677,3246 2711,3246 2745,3245"/>
                <TextEquiv>
                    <Unicode>liebt, und das nun erfährt,</Unicode>
                </TextEquiv>
            </TextLine>
            <TextLine id="r2l72" custom="readingOrder {index:71;}">
                <Coords points="2762,3287 2832,3303 2885,3275 2906,3295 3042,3284 3076,3302 3199,3285 3199,3242 3156,3238 3130,3257 3074,3240 3031,3257 2951,3244 2899,3259 2879,3246 2761,3250"/>
                <Baseline points="2771,3287 2797,3286 2823,3286 2849,3285 2875,3286 2901,3286 2928,3286 2954,3287 2980,3287 3006,3287 3032,3287 3059,3288 3085,3287 3111,3286 3137,3285 3163,3284 3190,3282"/>
                <TextEquiv>
                    <Unicode>eine andere Frau,</Unicode>
                </TextEquiv>
            </TextLine>
            <TextLine id="r2l73" custom="readingOrder {index:72;}">
                <Coords points="2415,3291 2440,3300 2503,3290 2534,3304 2560,3296 2612,3304 2639,3286 2693,3303 2757,3291 2756,3261 2736,3254 2713,3261 2685,3251 2653,3271 2619,3250 2570,3260 2541,3246 2496,3268 2450,3240 2414,3240"/>
                <Baseline points="2424,3292 2450,3292 2477,3291 2504,3291 2531,3291 2558,3290 2585,3290 2612,3289 2639,3289 2666,3289 2693,3288 2720,3288 2747,3287"/>
                <TextEquiv>
                    <Unicode>im Duell um</Unicode>
                </TextEquiv>
            </TextLine>
            <TextLine id="r2l74" custom="readingOrder {index:73;}">
                <Coords points="2058,3315 2106,3298 2175,3304 2193,3293 2228,3307 2278,3295 2392,3315 2391,3260 2372,3268 2344,3250 2326,3258 2286,3248 2125,3263 2056,3248"/>
                <Baseline points="2067,3296 2093,3296 2119,3295 2146,3295 2172,3294 2198,3293 2225,3293 2251,3292 2277,3291 2304,3291 2330,3291 2356,3291 2383,3292"/>
                <TextEquiv>
                    <Unicode>Duell gefallen,</Unicode>
                </TextEquiv>
            </TextLine>
            <TextLine id="r2l75" custom="readingOrder {index:74;}">
                <Coords points="2598,3334 2741,3321 2763,3342 2924,3343 2971,3320 2998,3339 3219,3339 3284,3322 3284,3293 2598,3301"/>
                <Baseline points="2608,3330 2641,3330 2674,3330 2708,3330 2741,3331 2774,3331 2808,3331 2841,3331 2874,3332 2908,3332 2941,3332 2974,3332 3008,3332 3041,3331 3074,3331 3108,3331 3141,3330 3174,3329 3208,3328 3241,3326 3275,3325"/>
                <TextEquiv>
                    <Unicode>ohne intensives Mitempfinden</Unicode>
                </TextEquiv>
            </TextLine>
            <TextLine id="r2l76" custom="readingOrder {index:75;}">
                <Coords points="2055,3357 2153,3337 2197,3366 2240,3340 2348,3339 2376,3355 2406,3340 2565,3340 2565,3309 2503,3290 2397,3293 2361,3315 2275,3294 2228,3308 2212,3293 2187,3319 2055,3297"/>
                <Baseline points="2065,3338 2090,3338 2116,3338 2142,3338 2168,3337 2194,3337 2220,3336 2246,3336 2272,3336 2298,3335 2323,3335 2349,3334 2375,3334 2401,3334 2427,3334 2453,3333 2479,3333 2505,3333 2531,3333 2557,3333"/>
                <TextEquiv>
                    <Unicode>ein solches Mädchen</Unicode>
                </TextEquiv>
            </TextLine>
            <TextLine id="r2l77" custom="readingOrder {index:76;}">
                <Coords points="2779,3374 2978,3389 3016,3371 3045,3398 3077,3378 3244,3386 3272,3375 3272,3337 3146,3331 3061,3347 3041,3333 2999,3358 2938,3333 2778,3338"/>
                <Baseline points="2787,3376 2812,3375 2837,3375 2862,3374 2887,3374 2912,3374 2937,3374 2962,3374 2987,3374 3012,3374 3037,3374 3062,3374 3087,3374 3112,3374 3137,3374 3162,3373 3187,3373 3212,3373 3237,3373 3263,3372"/>
                <TextEquiv>
                    <Unicode>Erlebens darzustellen,</Unicode>
                </TextEquiv>
            </TextLine>
            <TextLine id="r2l78" custom="readingOrder {index:77;}">
                <Coords points="2384,3374 2460,3391 2541,3374 2581,3396 2608,3381 2659,3393 2686,3380 2704,3393 2758,3380 2758,3349 2736,3340 2623,3343 2599,3332 2534,3360 2480,3337 2384,3346"/>
                <Baseline points="2393,3378 2418,3377 2443,3376 2469,3376 2494,3376 2520,3376 2545,3376 2571,3376 2596,3376 2621,3376 2647,3376 2672,3376 2698,3375 2723,3374 2749,3372"/>
                <TextEquiv>
                    <Unicode>tiefen seelischen</Unicode>
                </TextEquiv>
            </TextLine>
            <TextLine id="r2l79" custom="readingOrder {index:78;}">
                <Coords points="2058,3372 2127,3391 2179,3372 2221,3396 2239,3383 2359,3388 2358,3337 2340,3345 2327,3338 2309,3351 2237,3341 2197,3362 2139,3343 2110,3353 2088,3341 2058,3352"/>
                <Baseline points="2067,3383 2092,3381 2118,3380 2143,3380 2169,3380 2195,3380 2220,3380 2246,3379 2272,3379 2297,3378 2323,3376 2349,3374"/>
                <TextEquiv>
                    <Unicode>des ganzen</Unicode>
                </TextEquiv>
            </TextLine>
            <TextLine id="r2l80" custom="readingOrder {index:79;}">
                <Coords points="2064,3425 3236,3433 3281,3384 2400,3404 2181,3375 2145,3404 2063,3374"/>
                <Baseline points="2073,3423 2132,3423 2192,3423 2252,3422 2312,3422 2372,3422 2432,3421 2492,3421 2552,3421 2612,3420 2672,3420 2731,3419 2791,3419 2851,3418 2911,3417 2971,3417 3031,3416 3091,3415 3151,3415 3211,3414 3271,3413"/>
                <TextEquiv>
                    <Unicode>ist ein Unding. Fräulein Sandrock führte wohl eine lange</Unicode>
                </TextEquiv>
            </TextLine>
            <TextLine id="r2l81" custom="readingOrder {index:80;}">
                <Coords points="2066,3472 3185,3484 3279,3460 3279,3420 2065,3421"/>
                <Baseline points="2075,3469 2134,3469 2194,3468 2254,3468 2314,3468 2374,3467 2433,3467 2493,3466 2553,3466 2613,3466 2673,3465 2732,3465 2792,3464 2852,3464 2912,3463 2972,3463 3031,3463 3091,3462 3151,3462 3211,3462 3271,3461"/>
                <TextEquiv>
                    <Unicode>Reihe von Ausdrucksmitteln vor, deren virtuose Beherrschung</Unicode>
                </TextEquiv>
            </TextLine>
            <TextLine id="r2l82" custom="readingOrder {index:81;}">
                <Coords points="2068,3508 3277,3524 3295,3459 2068,3478"/>
                <Baseline points="2078,3512 2138,3511 2198,3511 2259,3510 2319,3510 2380,3510 2440,3510 2500,3509 2561,3509 2621,3509 2682,3509 2742,3509 2802,3509 2863,3508 2923,3508 2984,3507 3044,3507 3104,3505 3165,3504 3225,3503 3286,3501"/>
                <TextEquiv>
                    <Unicode>Bewunderung verdient, sie zitterte, sie raste, sie weinte vor</Unicode>
                </TextEquiv>
            </TextLine>
            <TextLine id="r2l83" custom="readingOrder {index:82;}">
                <Coords points="2076,3555 3269,3569 3280,3527 2075,3517"/>
                <Baseline points="2085,3558 2144,3556 2203,3555 2262,3554 2322,3553 2381,3553 2440,3552 2500,3552 2559,3552 2618,3552 2678,3551 2737,3551 2796,3551 2855,3551 2915,3550 2974,3550 3033,3549 3093,3548 3152,3547 3211,3545 3271,3543"/>
                <TextEquiv>
                    <Unicode>Allem, so wie wir bisher noch keine Darstellerin haben weinen</Unicode>
                </TextEquiv>
            </TextLine>
            <TextLine id="r2l84" custom="readingOrder {index:83;}">
                <Coords points="2070,3604 3295,3599 3160,3547 2070,3555"/>
                <Baseline points="2079,3599 2139,3598 2199,3598 2260,3598 2320,3598 2380,3598 2441,3598 2501,3598 2561,3598 2622,3597 2682,3597 2742,3597 2803,3597 2863,3596 2923,3596 2984,3595 3044,3594 3104,3593 3165,3591 3225,3590 3286,3588"/>
                <TextEquiv>
                    <Unicode>sehen, und es ist ganz natürlich, daß eine beinahe in Wein¬</Unicode>
                </TextEquiv>
            </TextLine>
            <TextLine id="r2l85" custom="readingOrder {index:84;}">
                <Coords points="2075,3644 3282,3628 3263,3587 2075,3610"/>
                <Baseline points="2084,3644 2143,3642 2202,3641 2262,3640 2321,3639 2381,3639 2440,3638 2500,3638 2559,3638 2619,3638 2678,3639 2737,3639 2797,3639 2856,3639 2916,3639 2975,3638 3035,3638 3094,3636 3154,3635 3213,3633 3273,3631"/>
                <TextEquiv>
                    <Unicode>krämpfen liegende Frau nicht gleichgültig läßt, aber eines ist</Unicode>
                </TextEquiv>
            </TextLine>
            <TextLine id="r2l86" custom="readingOrder {index:85;}">
                <Coords points="2082,3691 3190,3697 3281,3689 3281,3644 2081,3645"/>
                <Baseline points="2090,3687 2149,3686 2208,3685 2267,3684 2326,3683 2385,3683 2444,3683 2503,3683 2562,3683 2621,3683 2680,3683 2739,3683 2798,3682 2857,3682 2916,3682 2975,3682 3034,3681 3093,3680 3152,3679 3211,3678 3271,3676"/>
                <TextEquiv>
                    <Unicode>sicher: die Christine Weiring Schnitzlers wird ihren Empfin¬</Unicode>
                </TextEquiv>
            </TextLine>
            <TextLine id="r2l87" custom="readingOrder {index:86;}">
                <Coords points="2076,3730 3292,3719 3256,3681 2753,3711 2076,3685"/>
                <Baseline points="2085,3727 2144,3727 2204,3727 2264,3726 2324,3726 2384,3726 2444,3726 2503,3726 2563,3726 2623,3726 2683,3726 2743,3726 2803,3726 2863,3726 2922,3725 2982,3725 3042,3725 3102,3724 3162,3723 3222,3722 3282,3721"/>
                <TextEquiv>
                    <Unicode>dungen einen weniger kunstvollen, aber dafür unendlich viel</Unicode>
                </TextEquiv>
            </TextLine>
            <TextLine id="r2l88" custom="readingOrder {index:87;}">
                <Coords points="2077,3775 3264,3776 3287,3725 2077,3735"/>
                <Baseline points="2086,3772 2145,3771 2205,3771 2264,3770 2324,3770 2384,3770 2443,3770 2503,3770 2562,3770 2622,3770 2682,3770 2741,3770 2801,3770 2860,3770 2920,3770 2980,3770 3039,3769 3099,3769 3158,3768 3218,3767 3278,3766"/>
                <TextEquiv>
                    <Unicode>wahreren Ausdruck geben. Und dann d rf doch auch nicht ver¬</Unicode>
                </TextEquiv>
            </TextLine>
            <TextLine id="r2l89" custom="readingOrder {index:88;}">
                <Coords points="2067,3846 3295,3825 3294,3766 2066,3772"/>
                <Baseline points="2075,3816 2135,3815 2196,3814 2256,3814 2317,3813 2377,3813 2438,3813 2498,3812 2559,3812 2619,3812 2680,3812 2740,3812 2801,3812 2861,3811 2922,3811 2982,3811 3043,3810 3103,3810 3164,3809 3224,3809 3285,3808"/>
                <TextEquiv>
                    <Unicode>schwiegen werden, daß die äußere Ersc enung des Gastes nicht</Unicode>
                </TextEquiv>
            </TextLine>
            <TextLine id="r2l90" custom="readingOrder {index:89;}">
                <Coords points="3119,3858 3150,3857 3165,3866 3176,3860 3190,3869 3212,3855 3219,3861 3233,3853 3252,3862 3266,3854 3280,3855 3279,3807 3263,3805 3247,3822 3233,3826 3211,3823 3196,3812 3189,3820 3160,3822 3153,3817 3146,3825 3138,3821 3119,3827"/>
                <Baseline points="3129,3855 3157,3854 3185,3853 3214,3852 3242,3852 3271,3851"/>
                <TextEquiv>
                    <Unicode>Lenden</Unicode>
                </TextEquiv>
            </TextLine>
            <TextLine id="r2l91" custom="readingOrder {index:90;}">
                <Coords points="2072,3870 2722,3864 2721,3824 2702,3817 2072,3823"/>
                <Baseline points="2081,3861 2112,3860 2144,3860 2175,3859 2207,3859 2238,3859 2270,3858 2301,3858 2333,3858 2364,3858 2396,3858 2428,3858 2459,3858 2491,3858 2522,3858 2554,3858 2585,3858 2617,3857 2648,3857 2680,3857 2712,3857"/>
                <TextEquiv>
                    <Unicode>mehr zur Verkörperung dieses</Unicode>
                </TextEquiv>
            </TextLine>
            <TextLine id="r2l92" custom="readingOrder {index:91;}">
                <Coords points="2853,3891 2859,3891 2864,3888 2870,3890 2876,3882 2878,3884 2900,3884 2897,3848 2881,3849 2878,3853 2868,3846 2866,3848 2863,3847 2859,3851 2850,3851"/>
                <Baseline points="2861,3881 2891,3879"/>
                <TextEquiv>
                    <Unicode>9#,</Unicode>
                </TextEquiv>
            </TextLine>
            <TextLine id="r2l93" custom="readingOrder {index:92;}">
                <Coords points="2066,3895 2227,3936 3282,3920 3265,3853 2066,3870"/>
                <Baseline points="2075,3902 2134,3903 2194,3903 2254,3903 2314,3903 2374,3903 2434,3903 2494,3903 2554,3903 2614,3902 2674,3902 2733,3901 2793,3901 2853,3900 2913,3900 2973,3899 3033,3898 3093,3897 3153,3897 3213,3896 3273,3895"/>
                <TextEquiv>
                    <Unicode>Mädchens paßt. — Die zweite Rolle## Abonds w#r die</Unicode>
                </TextEquiv>
            </TextLine>
            <TextLine id="r2l94" custom="readingOrder {index:93;}">
                <Coords points="2052,4004 3269,3973 3268,3932 3205,3922 2051,3957"/>
                <Baseline points="2060,3991 2120,3990 2180,3988 2240,3987 2300,3987 2360,3986 2420,3985 2480,3984 2540,3984 2600,3983 2660,3983 2720,3982 2780,3981 2840,3981 2900,3980 2960,3979 3020,3978 3080,3977 3140,3975 3200,3973 3260,3972"/>
                <TextEquiv>
                    <Unicode>Balleteuse Annie in Schnitzlers gewagtem Einakter</Unicode>
                </TextEquiv>
            </TextLine>
            <TextLine id="r2l95" custom="readingOrder {index:94;}">
                <Coords points="2049,4052 3266,4023 3266,3978 2049,4005"/>
                <Baseline points="2059,4042 2118,4038 2178,4036 2238,4034 2298,4032 2358,4031 2418,4030 2478,4029 2538,4028 2598,4028 2658,4027 2717,4027 2777,4026 2837,4026 2897,4025 2957,4024 3017,4023 3077,4022 3137,4020 3197,4018 3257,4016"/>
                <TextEquiv>
                    <Unicode>„Abschiedssouper“, der dem Zyklus „Anatol“ entnommen</Unicode>
                </TextEquiv>
            </TextLine>
            <TextLine id="r2l96" custom="readingOrder {index:95;}">
                <Coords points="3086,4071 3247,4070 3258,4059 3270,4061 3270,4023 3086,4024"/>
                <Baseline points="3095,4065 3122,4063 3150,4063 3178,4062 3205,4063 3233,4063 3261,4063"/>
                <TextEquiv>
                    <Unicode>Anatol</Unicode>
                </TextEquiv>
            </TextLine>
            <TextLine id="r2l97" custom="readingOrder {index:96;}">
                <Coords points="2057,4080 3081,4080 3085,4032 2056,4053"/>
                <Baseline points="2065,4079 2115,4079 2166,4078 2216,4078 2267,4077 2318,4077 2368,4076 2419,4075 2469,4074 2520,4073 2571,4072 2621,4071 2672,4070 2722,4069 2773,4068 2824,4068 2874,4067 2925,4066 2975,4065 3026,4065 3077,4064"/>
                <TextEquiv>
                    <Unicode>ist (3. Auflage, S. Fischers Verlag, Berlin).</Unicode>
                </TextEquiv>
            </TextLine>
            <TextLine id="r2l98" custom="readingOrder {index:97;}">
                <Coords points="2048,4127 3264,4118 3263,4070 3158,4066 2047,4080"/>
                <Baseline points="2057,4122 2116,4122 2176,4122 2236,4121 2296,4120 2356,4119 2416,4119 2476,4117 2536,4116 2596,4115 2656,4114 2715,4113 2775,4112 2835,4110 2895,4110 2955,4109 3015,4108 3075,4107 3135,4106 3195,4105 3255,4105"/>
                <TextEquiv>
                    <Unicode>ist ein sehr interessanter Typus aus der modernen Wiener</Unicode>
                </TextEquiv>
            </TextLine>
            <TextLine id="r2l99" custom="readingOrder {index:98;}">
                <Coords points="2061,4175 3255,4156 3254,4118 3200,4113 2060,4128"/>
                <Baseline points="2070,4165 2128,4164 2187,4164 2246,4163 2305,4162 2364,4162 2422,4161 2481,4161 2540,4160 2599,4159 2658,4158 2716,4158 2775,4156 2834,4155 2893,4154 2952,4153 3010,4151 3069,4150 3128,4148 3187,4146 3246,4144"/>
                <TextEquiv>
                    <Unicode>Gesellschaft: ein blasirter Lebemann mit der raffinirtesten Ge¬</Unicode>
                </TextEquiv>
            </TextLine>
            <TextLine id="r2l100" custom="readingOrder {index:99;}">
                <Coords points="3028,4204 3057,4217 3093,4193 3165,4200 3181,4192 3201,4208 3227,4187 3263,4199 3341,4195 3351,4193 3351,4155 3127,4156 3118,4166 3027,4157"/>
                <Baseline points="3037,4189 3062,4190 3087,4190 3113,4190 3138,4189 3164,4188 3189,4188 3214,4187 3240,4187 3265,4187 3291,4188 3316,4189 3342,4190"/>
                <TextEquiv>
                    <Unicode>aften immer</Unicode>
                </TextEquiv>
            </TextLine>
            <TextLine id="r2l101" custom="readingOrder {index:100;}">
                <Coords points="2607,4195 2768,4193 2768,4164 2654,4166 2646,4161 2625,4164 2607,4159"/>
                <Baseline points="2616,4189 2644,4189 2672,4190 2701,4189 2729,4189 2758,4189"/>
                <TextEquiv>
                    <Unicode>lotnotf 1#</Unicode>
                </TextEquiv>
            </TextLine>
            <TextEquiv>
                <Unicode>al
Ausschnitt aus Norddenische al'demeine Ztg.
21| 4
78
vom
G. Z. Frl. Sandrock hat am Mittwoch und Donners¬
tag ihr Gastspiel am Goethe=Theater mit einem Erfolge
fortgesetzt, den man märchenhaft nennen kann. Sowohl in der
Vorstellung von „Maria Stuart“ wie in Schnitzlers.
„Liebelei“ und „Abschiedssouper“ war das Haus aus¬
verkauft, und ausverkaufte Häuser im Goethe=Theater am
Schluß der Saison: das sind drei Dirge, die man erlebt
haben muß, um sie zi glauben. Und wie sich das für ein
ausverkauftes Haus zlemt, war der Beifall an beiden Abenden
stürmisch, „frenetisch“. Wir sind so ketzerisch, diesem Erfolge
einfach rathlos gegenüber zu stehen, da wir seine Berechtigung
absolut nicht einsehen können. Ist es der Reiz des Auswärti¬
gen, ist es der Wunsch, die in letzter Zeit so viel genannte
Künstlerin persönlich kennen zu lernen, der so zahl¬
wir wissen
reiche Besucher in dieses Theater zieht
es nicht: aber irgend eine starke Suggestion ist hier
wirksam und besticht das gesunde Urtheil. Es ist nöthig,
das zu sagen, denn es ist ein Unrecht gegen unsere heimischen
Künstler, eine Fremde so über Gebühr zu feiern. Wir nehmen
uns also die Freiheit zu gestehen, daß Fräulein Sandrocks Maria
Stuart uns als eine durchaus nicht hervorragende Leistung er¬
scheint. Das Organ der Darstellerin, das in der Mittellage so
süßen Wohllauts fähig ist und die denkbar reichste Modulation
verspricht, versagte im Affekt durchaus: es klang heiser, keifend,
unedel in der Gartenszene, und es ließ durchaus den Klang
edlen, hoheitsvollen Stolzes vermissen im ersten Akte bei der
wundervollen Erwiderung auf Burleighs Eröffnungen. Es ist
#0 möglich, obgleich uns von kundigen Leuten das Gegentheil
100 versichert ist, daß Fräulein Sandrock mit einer augenblicklichen
200 Heiserkeit zu kämpfen hatte. Wir bemerkten im ersten Akte,
500 daß sie einige Male einen Hustenreiz zu unterdrücken versuchte.
1000 Ein anderer Mangel ihrer Maria aber ist sicher nicht auf das
naugenblickliche Indisposition zurückzuführen, der Mangel an jen
Wir sind keinen Augenblick das Gefühl
Abonnen Innerlichkeit.
####nerlos geworden, einer Virtuosin der Ausdrucksmittel,
einer genauen Berechnung der Wirkung statt dem unmittel¬
baren Ausdruck einer erlebten Empfindung gegenüberzustehen.
Tritt man an diese Maria mit dem allein erlaubten Meß¬
stabe heran, ob dieser Ton, diese Geste, dieser Accent aus der
Situation und aus dem jeweiligen Seelenzustande heraus er¬
klärlich und berechtigt ist, so wird man mit Erstaunen wahr¬
nehmen, wie oft Fräulein Sandrock um der augenblicklichen
Wirkung willen das oberste künstlerische Gebot der inneren
der Angelpunkt
aber ist
Wahrheit verletzt. Hier
für die Beurtheilung einec schauspielerischen Dar¬
bietung: Alles Andere mag subjektio sein, hier is
ein objektives Moment für die Kritik. Uns verletzt es aufs
Tiefste, wenn wir inmitten eines anscheinend unmittelbaren
ien,
Gefühlsausbruchs einer kühl ausgeklügelten Nüan
und daran läßt es Fräulein Sandrock nicht fel
wenn sie dem oherflächlichen Beurtheilen
erscheint. Ein selbstsicheres „qualis artifé
sammten Persönlichkeit, das aber ist
stlerischen Wirkung auf den empfängliche
,daß der Mangel an Junerlichkeit i 16
istine Weiring in Schnitzlers#e
Darbietung des Gastes am Himmelfagtstage,
sonders störend hervortritt. Ein junges? ädchen, des zum ersten
Male mit der ganzen Kraft ihres reichn, weichen Gemüthes
ihr Geliebter sei im
liebt, und das nun erfährt,
eine andere Frau,
im Duell um
Duell gefallen,
ohne intensives Mitempfinden
ein solches Mädchen
Erlebens darzustellen,
tiefen seelischen
des ganzen
ist ein Unding. Fräulein Sandrock führte wohl eine lange
Reihe von Ausdrucksmitteln vor, deren virtuose Beherrschung
Bewunderung verdient, sie zitterte, sie raste, sie weinte vor
Allem, so wie wir bisher noch keine Darstellerin haben weinen
sehen, und es ist ganz natürlich, daß eine beinahe in Wein¬
krämpfen liegende Frau nicht gleichgültig läßt, aber eines ist
sicher: die Christine Weiring Schnitzlers wird ihren Empfin¬
dungen einen weniger kunstvollen, aber dafür unendlich viel
wahreren Ausdruck geben. Und dann d rf doch auch nicht ver¬
schwiegen werden, daß die äußere Ersc enung des Gastes nicht
Lenden
mehr zur Verkörperung dieses
9#,
Mädchens paßt. — Die zweite Rolle## Abonds w#r die
Balleteuse Annie in Schnitzlers gewagtem Einakter
„Abschiedssouper“, der dem Zyklus „Anatol“ entnommen
Anatol
ist (3. Auflage, S. Fischers Verlag, Berlin).
ist ein sehr interessanter Typus aus der modernen Wiener
Gesellschaft: ein blasirter Lebemann mit der raffinirtesten Ge¬
aften immer
lotnotf 1#</Unicode>
            </TextEquiv>
        </TextRegion>
    </Page>
</PcGts>
