3484 4320
262 211 768 297 5. Liebele
456 216 1393 341 box 10/4
753 679 1596 807 Malg T##ock
448 940 1434 1030 Lteressante Spielerei aufgefaßt werden, sie hal
475 1025 1433 1075 einen hohen praktischen Werth, denn es werden
483 1054 1433 1130 in Hinkunft historische Momente in ihrer ganzen
485 1103 1429 1166 Naturtreue festgehalten, ja der Verlauf ganzer
476 1151 1443 1204 Manöver wiedergegeben werden können. Edison
479 1199 1438 1258 hat an diesem Kunstwerk 8 Jahre lang gearbei¬
475 1250 1442 1307 tei, und noch glaubt der geniale Erfinder, sein
475 1291 1435 1351 Ziel nicht ganz erreicht zu haben. Er will
466 1333 1431 1417 das Kinetoskop mit dem Phonographen in
475 1393 1439 1463 Verbindung bringen. Man wird dann Bil¬
464 1448 1435 1510 der besitzen, die sich bewegen und spre¬
475 1482 735 1549 chen. —
737 1488 1429 1553 Gleichzeitig mit dem Kinetoskop
458 1544 1436 1608 wird ein großer, verbesserter Phonographvor¬
459 1586 1435 1655 geführt, welcher Declamationen, Gesang= und
474 1638 1442 1683 Orchestervorträge in außerordentlicher Naturtreue
472 1681 1437 1742 wiedergibt. Die finteressanten Vorführungen der
466 1717 1438 1794 beiden Apparate, insbesondere aber des neuen
478 1775 1437 1846 „Zinetoskops“, werden gewiß eine große Zugkraft
472 1824 667 1885 ausüben.
559 1865 1424 1932 (Kränzchen.) Der Beamten=Cirkel in Hodo¬
460 1913 1439 1989 lein veranstaltet im 4. Februar l. J. in den
476 1974 1436 2035 Sälen des Herrn Thomas Makak in Hodolein
473 2014 1437 2075 ein Elite Kränzchen, wodei die Capelle des 93.
474 2065 1441 2125 Inf=Regts. die Musik besorgen wird. Die bereits
471 2120 1438 2172 getroffenen Vorbereitungen lassen einen zahlreichen
483 2167 1443 2218 Besuch voraussehen. Das rührige Comité bieret
481 2198 1451 2270 alles auf, um demselben den besten Erfolg zu
470 2259 636 2323 sichern.
565 2291 1438 2369 (Maskenkränzchen in Müglitz.) Morgen
466 2355 1427 2399 Samstag findet im Saale der bürgerlichen Schieß¬
458 2396 1432 2460 stätte in Müglitz ein Maskenkränzchen statt.
469 2451 1389 2506 Die Musik besorgt die Müglitzer Stadtcapelle.
567 2502 1441 2558 (Geistesgestört.) Ein hierorts seit mehreren
465 2559 1434 2609 Jahren wohnhafter Haufirer aus Ungarn mußte
464 2603 1447 2654 gestern wegen Anzeichen von Geistesstörung
470 2624 1437 2703 (Trübsinn) zur Beobachtung seines Geisteszu¬
470 2686 1288 2761 standes nach Brünn transportirt werden.
568 2745 1439 2801 (Das „Neue Wiener Journal“ in
468 2778 1426 2830 Olmütz) Wie wir erfahren, soll das „Neue
468 2832 1432 2875 Wiener Journal“ welches seit einigen Tagen hier
459 2895 1434 2939 gratis zugestellt wird, bei dem hiesigen Lesepubli¬
457 2937 1437 2989 cum sehr günstige Aufnahme finden. Der reiche
467 2989 1435 3035 und gediegene Inhalt, sowie der für ein hervor¬
459 3022 1444 3067 ragendes Wiener Tagblatt enorm billige Abonne¬
463 3072 1448 3139 mentspreis dürfte dem Blatte dauerndern Erfolg
470 3113 629 3200 sichern.
814 3219 1090 3309 Theater.
775 3299 1092 3392 „Tiebelei.“
513 3374 1391 3455 Schauspiel in 3 Acten von Arthur Schnitzler.
565 3446 1437 3508 Der betrogene Ehemann. Die Geschichte ist
463 3503 1449 3567 alt und ewig neu. Sie spielt überall, spielt alle
464 3551 1438 3598 Tage. Bald wirds eine Tragödie, bald ists ein
477 3599 1444 3647 Lastspiel, der Scandal von gestern, über den man
473 3642 1443 3696 noch morgen spricht, bis er von anderen verdrängt
466 3696 1444 3756 wird. Der betrogene Ehemann ist auch in dem
478 3738 1438 3806 gestern aufgeführten Schauspiele des jungen Wie¬
470 3785 1449 3850 ner Dichters Arthur Schnitzler eines der trei¬
470 3886 1437 3967 sehen und Benehmen während jener Zeit erzäh¬
815 3936 1447 4002 „ Mil. euff. Venà 24
2052 526 3174 602 benden Motive der Handlung. Ein junger Mann, friun
2054 582 3174 647 Fritz Lobheimer hat ein Verbältniß mit einer nischei
2066 635 3161 689 verheiratheten Frau. Seine Seele wird von der dung
2057 667 3173 740 Sorge beherrscht, daß der betrogene Ehemann jedenkriegs
2050 723 3180 780 Moment als Rächer seiner Ehre auftreten könnte. photo,
2061 769 3179 839 Um ihn zu zerstreuen, lädt sein Freund zwei! Bild:
3029 810 3187 869 ließ d
2070 823 3022 882 „kleine süße Mäderl“ aus der Vorstadt ein, mit
3043 859 3188 925 Sichei
2069 864 3027 934 denen die Freunde in froher Laune den Abend
3041 906 3188 975 größer
2063 909 3034 980 zubringen wollen. Der leichtblütige Theodor, der
2065 970 3028 1028 solche Dinge nicht tragisch nimmt, tändelt mit
3034 994 3190 1061 beschä
2069 1007 3028 1085 Mizi, der ernstere Fritz mit Christine, der Toch¬
3040 1051 3191 1115 welche
2064 1061 3027 1118 ter eines alten Musikers, die jedoch an der Lie¬
3036 1100 3179 1156 wird.
2064 1111 3030 1169 belei, wie Mizi sie auffißt, keinen Gefallen fin¬
3042 1140 3188 1203 Steue
2072 1149 3033 1215 det und Fritzens Liebelei mit echter Liebe erwi¬
3042 1195 3196 1248 Steut
2075 1194 3038 1265 dert. Die Scene, die lustspielmäßig begon¬
3052 1240 3186 1293 wild.
2065 1260 3035 1314 nen, wird schwül in dem Momente, wo der
3048 1282 3195 1344 Milli
2078 1293 3042 1364 Ehemann erscheint um Fritz zu fordern.
3052 1334 3192 1393 dem E
2071 1339 3035 1408 Im Duelle wird dieser getödtet. Sein Tod und
2072 1383 3186 1457 die zuerst geahnte, dann erreichte Gewißheit, daß! Ein (
3048 1424 3194 1485 Einko
2074 1433 3041 1511 er für eine Andere den Tod erlitten, daß sie
2081 1491 3049 1560 selbst aber ihm nichts gewesen als ein Zeitvertreib
3051 1514 3186 1583 de S
2083 1535 3044 1601 müßiger Stunden, treibt auch Christine in den
2079 1579 3197 1648 Tod. In dieser letzten Scene, in welcher der wärti
2085 1624 3204 1694 Aufschrei echten Gefühls gehört wird, findet der übecc
2088 1670 3205 1735 Dichter auch großen warmen Ton und reißt die geeigr
2075 1713 3206 1778 Hörer mit sich fort. In den ersten Scenen ergötzt hande
2088 1766 3166 1832 er uns durch die außerordemtliche feine Detail= des
2083 1809 3210 1891 zeichnung der Junggesellenwohnung und der Dach=zwisch
2091 1874 3202 1930 kammer des Mufikers. Hier fühlt man, daß der Dichter erst e
2087 1911 3204 1987 wahrhaft Geschehenes, wirklich Erlebtes schildert, die g
2083 1975 3066 2034 und dieses Gefühl hebt uns hinweg über die
2089 1996 3194 2072 heikle Situation, die zum Schlusse sich gewitter= „Blo
2095 2056 3197 2146 haft entlädt. Das fesselnde Schauspiel fand auf Bat
2100 2121 3058 2170 unserer Bühne eine ungemein gelungene Dar¬
2099 2146 3201 2226 stellung, um welche alle Mitwirkenden in gleichem; heute
2099 2196 3201 2272 Masse sich verdient machten. Frl. Monatil drei !
2099 2250 3213 2331 spielte das kleine Vorstadtmädel, welches weiß, Adorj
2090 2300 3062 2360 daß die Liebelei nicht ewig dauert, und dem es
2094 2358 3060 2414 deßhalb keinen tieferen Kummer verursacht, ob
2092 2397 3059 2463 dieselbe im August oder schon im Mai endet, mit
3065 2410 3209 2477 melde¬
2104 2443 3045 2512 natürlicher Fröhlichkeit und launigem Uebermuthe.
3066 2467 3217 2522 Abend
2104 2490 3049 2551 Der leichte Ton, den sie anschlug lieh in Verbin¬
3075 2512 3204 2578 Früh
2097 2536 3059 2606 dung mit dem Anfluge von Wiener Dialect ihrer
3072 2567 3214 2619 broche
2103 2585 3057 2649 Gestalt volle Glaubhaftigkeit. Gleich leicht und
2106 2616 3217 2721 kohaft spielte Herr Jensen den Theodor. Das ganze
2112 2661 3224 2751 ernste Paar fand in Herrn Wallisch und Frl. Gener
2102 2726 3214 2799 Schubert vortreffliche Repräsentanten. Die #ieng
2107 2772 3213 2850 Letztere spielte besonders die Scene, wo ihre echte! dracht
3077 2800 3208 2854 des K
2104 2831 3055 2900 Liebe vor dem Grabe der Liebelei steht, mit er¬
3078 2844 3222 2926 Offic
2110 2876 3059 2944 schütternder Macht. Sie zeigte hier wieder einmal
3077 2894 3215 2960 Sold
2100 2921 3052 2985 die volle Kraft ihres Talents. Den Musiker Weiring,
3079 2946 3215 3009 bewuz
2101 2970 3068 3041 eine echte typische Wiener Figur, spielt Herr Haller
3076 2998 3218 3057 Das
2104 3015 3067 3094 mit dem gutmüthig rührenden Accente der Men¬
3070 3040 3214 3103 Wa
2107 3060 3053 3143 schenseele, der nichts Menschlichts fremd ist. Er
3081 3085 3200 3150 war
2102 3126 3058 3181 will, daß seine Tochter einmal glücklich sei, nach
3072 3126 3193 3196 Im
2108 3154 3073 3229 dem er gesehen, wie seine Schwester in glücklosem
3074 3189 3207 3242 mus.
2113 3209 3074 3277 Leben dahinfiechte. Den Ehegatten spielte Herr
3077 3232 3211 3310 Galli
2117 3253 3076 3338 Schwartze sehr wirksam; di. Klatschbase wurde
2106 3304 3071 3374 von Frl. O'Lynch recht natürlich verkörpert. Das
2109 3364 3069 3421 Zusammenspiel war ein sehr gutes. Die Darsteller
2101 3398 3074 3481 wurden vielfach durch stürmischen Beifoll und
2107 3459 2470 3545 Hervorruf geehrt.
2411 3529 2797 3618 Vom Jage.
2212 3591 3215 3679 (Der Sterbetag des Kronprinzen.) Se. porti
2111 3643 3204 3730 Majestat der Kaiser erschien gest ru um 7 Uhrjder
2112 3687 3221 3780 Fruh in der Wiene Kapuzinerkirche und begab eine:
3086 3739 3206 3799 Sa
2119 3754 3074 3831 sich in die Gruft, wo er am Saige weiland des
2122 3782 3207 3872 Kronprinzen Rudolf ein stilles Gebet verrich= Col
