3436 4256
446 153 829 223 Liebelei
956 157 1407 252 box 12/7
264 145 840 262 5. L.u.Au4
1285 1122 2173 1196 Abosentliche dileigernig der Wassersalue..—
1292 1198 3239 1267 Stadt fast 25  nach seinem Erstehen wieder= Ivorüberführen muß. Nhil ist dieser Künstler. Die
1289 1223 3241 1305 schauen, dann erinnern wir uns daran, daß diese Regie Dr. Egers zeigte mehr trockenen Ernst als
1296 1273 3234 1354 Dichtung damals die erste Anknüpfung eines lite=lässige Grazie. Die Mundart allein schafft noch nicht
2266 1328 3198 1399 den Duft der wienerischen Atmosphäre. ##w.
1299 1343 2261 1391 rarischen Verhältnisses zwischen Oesterreich und uns
1289 1379 2268 1436 war. Es brachte uns den zarten Huldigungsgruß
1290 1419 2272 1477 einer Generation, die, in der Zeit der Degeneration
1290 1444 2308 1526 ihrer Heimat aufge#achsen, mit Erstaunen das Neu¬
1291 1491 2267 1544 erblühen reichsdeutscher Kunst ansoh und sich be¬
1293 1530 2286 1599 mühte, den verlorenen Vorsprung wieder einzuholen.
1296 1575 2265 1624 Und so können wir eine Neuaufführung der „Liebe¬
1292 1606 1379 1652 lei“
1369 1613 2267 1670 heute als einen freundlichen Gegengruß aus
1287 1648 2269 1705 Reichsheutschland an unsere treuen Freunde in den
1291 1675 2270 1751 gleich uns unglücklichen, nun wohl bald dauernd mit
1294 1730 2255 1783 uns vereinten deutschen Donanländern anschauen.
1319 1770 2182 1836 Trude Wessely spielt jetzt hier die ####
2123 1779 2257 1842 #e,
1280 1821 2266 1875 die kleine gefühlszarte Musikantentochter, diese
1280 1851 2256 1899 Enkelin von Schillers Luise mit dem Dufte von
1283 1893 2259 1943 Goethes Veilchen auf der Wiese. Durch sie erhielt
1283 1931 2257 1969 die verblaßte und monotone szenische Elegie Schnitz¬
1281 1965 2260 2036 lers Gestalt. Aus tiefer Junigkeit heraus formte sie
1272 2012 2251 2063 das Schicksal Christinens. Jedes Wort, das warm¬
1283 2030 2262 2107 zitternd von ihren scheu lächelnden Lippen quoll,
1284 2089 2251 2143 schien ein Stück Seele, jeder Blick ihrer suchenden,
1285 2122 2256 2181 sehnenden, halb ahnungsbangen Augen von linder
1289 2152 2258 2220 Wehmut. Zage Pangigkeit und ernste Wesenstiefe
1282 2197 2256 2256 durchleuchteten ihre hingebungsvolle Liebe. Stets
1279 2234 2251 2297 blieb sie dabei in der Sphäre der Kleinbürgerher¬
1269 2276 2258 2331 kunft.. Das war auch das Merkmal ihrer ergreifend
1280 2322 2254 2389 gespielten Schlußszene: sie gab Schmerz und Ver¬
1273 2352 1878 2421 zweiflung ohne Theaterbeiklang.
1322 2402 2267 2487 Gebhardi fehlen für des jungen Wiener Lebe¬
1267 2436 2246 2507 heirn sentimentale Schwäche vornehmlich die
1271 2491 2243 2537 feineren Schattierungen, die Uebergänge vom
793 2469 1177 2574 E
1280 2528 2237 2587 Dunkeln zum Lichten. =Der Theodor Langs gibt
1266 2569 2243 2625 sich dagegen hübsch leichtfertig und humorvoll, und
580 2564 884 2651 ·SFER1979
1270 2602 2249 2654 von keck beherzter plauderhafter Frische ist Olla
1277 2643 2248 2695 Bauer als naiv verderbter „Wiener Fratz", wie
252 2642 762 2775 Jeheralanzeiger für
1271 2687 2250 2747 sie auf der Rinastraße und im Prater zu Dutzenden
1269 2723 2241 2781 herumlaufen. Den Vater Christinens stellt Wag¬
574 2716 707 2817 01
1263 2760 2250 2818 ner dar. So sehr er sich um den Ton der Echtheit
1258 2803 2240 2856 mit Glück bemüht — um die weichselig „goldige“
397 2811 1135 2883 Deutsches Schauspielhaus.
1256 2836 2245 2912 Wiener Herzigkeit, auf reichsdeutsche Schmalzherzig¬
1267 2882 2245 2922 keit, kommt wohl kein Darsteller ganz herum. Die
529 2868 1007 2951 Schnblers „Liebelel“.
1273 2917 2235 2977 Rolle des „Herrn“, der kaum ein Dutzerd Worte zu
425 2944 2236 3015 uc wir heute Cnitzlers bittersüßes Liebes= sprechen hat, erfordert einen Darsteller ersten
265 2994 2241 3073 Pyll von den molligen Mädchen aus der Weaner! Ranges, weil sie das Stück am Rande des Abgrunds
