3484 4224
11 1553 100 1615 euen
-9 1603 97 1659 wen
9 1645 69 1717 F
5 2583 81 2643 Aech
13 2719 79 2793 hal
-4 2768 94 2843 der
235 160 710 257 . Liebele
347 178 1372 294 Mlenslei box 13/8
2466 1233 2683 1325 ——
240 1285 3148 1420 1 Muckerkehranstalten zu Tisis, von Hinterrucksgeschäften und Winkelzügen und zwar! „Wenn sich die Majorität der Stadtvertretung wirk¬
2040 1345 3154 1428 lich beifallen ließe, einseitig und parteiisch von ihren
932 1382 2032 1459 nur, um, wie das officiöse Organ des Auswärtigen
2029 1400 3158 1480 Machtmitteln Gebrauch zu machen, dann würde dieses
243 1423 920 1481 dWähring abgehalten wurden,
931 1423 2030 1501 Amtes kopfschüttelnd bemerkt, einer einzigen Partei
2027 1449 3153 1532 das Ende der Macht selbst bedeuten; denn es gibt
237 1470 921 1535 k. k. Staats=Lehrerbildungsan¬
939 1474 2039 1561 die Herrschaft über die Hauptstadt auszuliefern? Einer
2041 1500 3176 1569 eine Grenze, die Niemand ungestraft überschreiten
226 1503 931 1596 erden und solche zu den vorge¬
937 1517 2037 1611 Partei auszuliefern, deren Unfähigkeit aufgelegt dasteht
2034 1534 3159 1635 darf.“ Wenn die Christlichsocialen die neuen Rechte
242 1557 937 1650 giösen Uebungen an diesen
934 1577 2037 1659 vor aller Welt, während, wie die Officiöse bedauert,
2036 1593 3168 1685 nicht mit Maß und Vernunft anwenden, wenn sie den
255 1599 938 1679 Der Lehrernachwuchs soll also
932 1621 2054 1696 das stets gemäßigte, österreichische und steuerkräftige
2039 1630 3175 1717 Bogen zu straff spannen, dann werden die Folgen auf
243 1640 934 1725 8 Jesuitenpferch hineingezwungen
933 1669 2043 1764 Bürgerthum niedergetreten wird?“ Selbst dieses officiöse
2043 1710 2353 1782 .
227 1705 942 1774 #te, aber bei aller Höflichkeit und
1780 1728 1837 1779 —
2039 1740 3158 1818 auch eine sehr heikle Frage, die man jetzt, da eine ler
261 1761 436 1846 —
936 1762 2040 1852 und zitterig dahingekritzelt erscheinen. Die anonyme
2039 1783 3157 1876 Heintze geschmiedet wird, zu bejahen fürchtet, weil man
946 1815 2046 1906 Schreiberin dieses Brieschens ist ein Mädchen, ein ver¬
231 1813 765 1927 engebliebenen.
2049 1859 3170 1918 hiedurch den Verdacht heraufbeschwören könnte, als ob
932 1866 2048 1948 bittertes, altes Mädchen, wie sie selbst gesteht, und die
2042 1883 3167 1973 man der freien Liebe das Wort reden wollte. Aber auch
233 1877 937 1980 Fteller, die vor der Rampe agiren
943 1916 2043 2011 im Namen vieler „Sitzengebliebenen“ in einer intimen
2052 1934 3159 2014 ein kategorisches Nein mag mir nicht aus der Feder schlüpfen.
238 1947 940 2024 lige Wort wirken, kosten ein wonniges
939 1994 1681 2078 Gewissensfrage Bescheid haben möchte.
2053 1991 3156 2068 Und so bleibt denn nichts Anderes übrig, als mit kühler
238 1995 937 2081 das sie die Männer der Feder be¬
2053 2040 3159 2119 Besonnenheit im Leben Umschau zu halten und ein wenig
262 2049 945 2126 unmittelbarem Rapport mit dem
1029 2038 2048 2146 Um was handelt es sich also? Die Sitzengebliebene
2057 2072 3182 2161 in jenen Dichtungen herumzuspüren, aus denen die For¬
241 2098 939 2174 auch ihre Leistung vorüberrauschen
943 2115 2054 2197 hat ein Büchlein des M#nchener Universitätsprofessors
2053 2144 2776 2232 derungen der Zeit hervortönen.
245 2149 951 2239 eit die sichere Empfindung, ob und
953 2163 2057 2248 Haushofer, das die Ehefre behandelt, in die Hand be¬
2581 2154 3156 2266 # 1 wuh 10 Mnmngete
2189 2195 2299 2273 41
235 2195 951 2278 gelungen, die Masse unter ihren
949 2199 2061 2294 kommen, sie hat es gelese und diese Lectüre hat sie tief
2131 2234 3174 2310 Was sehen wir nun im Leben? Daß die For¬
239 2245 948 2335 nter den Schriftstellern genießen nur
951 2257 2056 2355 erregt, ergriffen, ja erschi et. Denken Sie sich: dieser
2054 2277 3176 2358 derung eines Glücksantheils für die Sitzengebliebenen in
259 2296 942 2367 Empfindung, allerdings in sehr
1445 2308 2051 2385 t, dem jeder frivole Gedanke
949 2332 1443 2397 kühle Mann der Wissen
2067 2328 3166 2409 den unteren Volksschichten ihre Erfüllung findet. Das,
243 2340 949 2415 bgeschwächtem Maße, denn zwischen
1440 2363 2052 2443 ie Forderung zu erheben, die
943 2382 1440 2452 fernliegt, hat den Mut
2058 2379 3165 2468 was uns so ungeheuerlich dünkt, ist hier keine seltene Er¬
230 2398 947 2473 ikum steht ja immer der Darste ler.
1469 2407 2067 2484 Eindruck macht. Er bespricht
947 2430 1405 2506 einen geradezu verblü
2058 2422 3180 2515 scheinung. Die Proletarierin darf sich gehen lassen, darf
231 2446 947 2545 rechen zu einer unsichtbaren Menge.
1447 2461 2059 2542 Lage der alten Mädchen und
952 2480 1406 2562 unter Anderem auc
2052 2471 3192 2564 dem Zug ihres Herzens und ihres Temperaments folgen,
250 2496 952 2574 ein Echo oder verhallen sie ins
1434 2504 2071 2589 s an der Zeit sei, mit dem
949 2520 1366 2602 erklärt ungescheut,
2055 2513 3183 2603 ohne hiebei, wie ihre Schwester aus den besitzenden Classen,
245 2537 961 2609 es nicht. Daher die stille, freudige
1425 2554 2054 2629 en, wonach ein Mädchen, das
969 2565 1382 2656 alten Vorurtheil zu
2067 2583 3174 2656 einen socialen Boykott, die gesellschaftliche Aechtung zu
247 2583 956 2688 hriftstellers, wenn er in der stummen,
1411 2611 2055 2690 cht auf Glück, auf Liebe für
963 2628 1388 2696 sitzengeblieben, seir
2069 2624 3180 2701 befürchten. Daher denn auch im Hinterhause, wie
254 2623 952 2722 an die er sich wendet, dann und
1403 2646 2073 2738 Und wissen Sie, was der Herr
968 2679 1385 2746 immer verscherzt ha
2072 2669 3182 2751 Sudermann in der „Ehre“ gezeigt hat, der Ehrbegriff
227 2697 583 2789 hen wahrnimmt.
1376 2703 2064 2771 an möge jedem Mädchen, wenn
959 2725 1363 2800 Professor verlangt?
2075 2712 3192 2804 einen ganz anderen Inhalt hat als im Vorderhause. Aber
249 2713 958 2822 gewöhnlich in der Form eines
1369 2744 2067 2835 berschritten, ohne unter die Haube
965 2773 1380 2847 es ein gewisses Alt
2071 2756 3189 2852 gerade deshalb wurde ja der Gesellschaft der Proceß
248 2782 968 2868 ins Haus fliegt. Es ist gemeiniglich
1383 2798 2071 2894 das Recht gönnen, sich ihren An¬
972 2822 1358 2906 gelangen zu könn
2077 2813 3194 2902 gemacht! Gerade deshalb hat man ja heftige Anklagen
221 2841 963 2905 en Beifall oder ihr Mißbehagen be¬
1377 2854 2069 2937 n der Weise zu sichern, wie es
978 2869 1355 2956 theil am Glück
2077 2860 3195 2954 gegen sie erhoben! Man stellte die sittliche Verkommenheit
247 2887 967 2958 st es auch eine intime Herzensfrage,
974 2906 2063 2983 ihr beliebt. Un diese Weisheit verbirgt sich nicht
2067 2920 3196 2991 der Mädchen aus den niederen Volksclassen als noth¬
231 2925 966 3013 heidung vorgelegt wird. Solch ein
969 2951 2080 3036 in einem weitschi igen philosophischen Werk, sie predigt
2079 2979 3187 3052 wendige Folgeerscheinung des Elends und der Noth hin.
229 2966 982 3077 vor mir, Schon der Briefbogen macht
967 2999 2071 3082 mit keckem Wagemuth blühende Lebensfreude in einer
2081 3011 3196 3091 Niemand hat dies nachdrücklicher verkündet als Ibsen in
221 3031 976 3116 en Eindruck: er schillert blaugrün,
974 3059 2071 3133 dünnen Flugschrift, die auf Massenabsatz berechnet ist.
2074 3069 3188 3157 seinem „Volksfeind“, wo der Doctor Stockmann die be¬
234 3077 968 3170 fändern arabeskenartig geschwungene
973 3105 2083 3199 Das ist in der That überraschend. Mau begreift nun,
2071 3096 3187 3193 deutsamen Sätze ausspricht: „Armuth und Elend sind die
247 3127 985 3216 an der Schmalseite blickt mir irgend
968 3147 2069 3224 I warum ein altes Mädchen hiedurch in Aufregung geräth.
2077 3170 3192 3255 Ursachen aller Verderbtheit. In einem Hause, wo der
224 3192 976 3274 nthier entgegen, ein Greif oder ein
977 3196 2085 3293 Man versteht auch die bange, bebende Frage der Sitzen¬
2081 3207 3207 3299 Fußboden nicht täglich gefegt wird, verliert der Mensch in
554 3222 979 3295 also das Erzeugnis
241 3226 554 3316 er Pegasus —
987 3235 2087 3333 gebliebenen: „Hat dieser gute Mann Recht? Ist seine
2082 3261 3208 3352 zwei, drei Jahren die Fähigkeit, moralisch zu denken und
239 3282 973 3361 nistisch empfindenden Papierfabrikanten.
974 3294 2081 3390 Forderung wirklich ein Gebot jener neuen Moral, von
2074 3307 3203 3399 zu handeln. Der Mangel an Sauerstoff schwächt das
223 3328 982 3418 er ist das, was aus dieser wunder¬
984 3323 2085 3426 der heutzutage so viel gesungen und gesagt wird?" Es
2073 3379 2327 3462 Gewissen.“
240 3363 977 3457 zu mir spricht mit Schriftzügen, die
246 3396 2094 3522 eck aufgetragen und dann wieder fahrig ist, wie man sieht, eine sehr interessante, aber gleichzeitig
