3436 4128
448 84 778 152 iebelei
244 74 1383 200 5.„ box 11/1
682 839 1238 1000 Kar Goldsch,
729 963 1171 1042 + Bureau für 4
1248 960 1391 1080 7
553 962 655 1085 0
605 1042 1307 1113 Zeitungsausschnitte und Verlag
602 1095 1302 1162 der Wissenschaftlichen Revue.
534 1155 1408 1232 BERLIN N., Auguststr. 87 part.
689 1211 1251 1288 Telephon Amt III. No. 3051.
815 1308 1141 1391 Ausschnitt
448 1334 776 1381 Telegramm Adresse:
440 1362 804 1447 60L0SCHMIDT Auguststr. 87.
917 1379 1006 1448 aus
442 1459 1255 1619 2#7 Unnemurgische Zeitung
817 1642 1146 1755 10 DEZ.1901
716 1853 1316 1962 Lokal-Neuigkeiten.
497 1929 1575 2018 Luxemburg, 10. Dez. Wir finden uns veranlaßt, in
470 2011 1577 2071 kurzen Worten auf die Aufführung des Schnitzler'schen
483 2052 1576 2133 Schauspiels „Liehelei“ durch die Mitgle
483 2121 1563 2180 er Söstheare Arackhukommen und fesezustellen,
483 2163 1577 2246 daß die hiesige Theaterdirektion für den Mißerfolg nicht
490 2220 1238 2292 verantwortlich gemacht werden kann.
529 2256 1558 2354 Die Truppe war auf Veranlassung eines theater¬
470 2335 1571 2393 kundigen auswärtigen Herrn und auf Grund früherer
450 2389 1567 2463 vorzugticher Aufführungen in Trier der hiesigen Thea¬
463 2457 1567 2523 terdirektion empfohlen worden, die sofort bereitwilligst
468 2501 1571 2583 die Gelegenheit ergriff, unserem Publikum eine gute
458 2554 1100 2625 deutsche Vorstellung zu bieten.
514 2585 1570 2692 Die Wahl des Stückes hatte die Direktion dem Leiter
463 2662 1572 2738 der Gastvorstellungen, Herrn Hofschauspieler Hacker
478 2724 1566 2787 überlassen und dabei nur angedeutet, daß sich zur Auf¬
468 2776 1566 2853 führung am besten wohl ein bewährtes Stück des mo¬
469 2834 1574 2899 dernen deutschen Revertoires eignen würde. In einem
472 2883 1565 2941 Briefe des Herrn Hacker an die Direktion heißt es dies¬
469 2934 1571 3009 bezüglich: „Dabei will ich nicht verfehlen noch einmal
468 2983 1581 3047 zu betonen, daß ich das Schnitzler'sche Schauspiel „Lie¬
467 3043 1583 3119 belei“ als die besie Leistung unseres modernen Rever¬
474 3097 942 3162 toires empfohlen habe.“
515 3152 1153 3235 Dies zur Sieuer der Wahrheit.
910 3211 1119 3290 * * *
812 3275 1230 3361 Hautes Nouvenutés
583 3320 1003 3413 en chapeanx feutre,
1018 3352 1472 3452 en chapeaux de soie
587 3430 1154 3508 et en chapeaux mécaniques.
470 3484 606 3548 7472
874 3489 1554 3557 Maison MERSCH-BERWEILER.
2192 -3 2893 121 „OBSERVEd‘
2007 93 3126 159 I. österr. behördl. konz. Unternehmen für Zeitungs-Ausschnitte
2204 159 2939 215 Wien, I., Conoordiaplatz 4.
2409 219 2720 282 Vertretungen
2010 266 3117 317 in Berlin, Budapest, Chicago, Christiania, Genf, Kopenhagen,
2007 307 3126 361 London, Madrid, Mailand, Minneapolis, New-York, Paris, Rom,
2179 355 2948 405 San Francisco, Stockholm, St. Petersburg.
2359 388 2787 442 (Quelienangabe ohne Gewähr.)
2010 423 2992 545 Ausssnnt an: Gaesckadr
2027 575 2180 621 vom:
2236 541 3012 665 Te sm.eVWung.
2113 650 3101 732 (Städtisches Schauspielhaus.) Nach der kürzlich
2084 709 3083 756 stattgefundenen Vorführung von Artur Schnitz¬
2082 751 3090 813 lers neuestem Werke „Zwischenspiel“ war s
2089 791 3119 867 sehr interessant, in der gestrigen, wie gleich gesagt
2083 845 3141 917 jverden kann, vorzüglichen Aufführung des Schau= 2
2088 899 3140 972 spieles „Liebelei“ desselben Verfassers Gelegenheits?
2075 956 3101 1024 zu haben, den jungen mit dem heutigen Schnitzler
2064 1005 3101 1059 zu vergleichen. Der Vergleich dürfte wohl allge¬
2061 1050 3088 1123 mein zu Ungunsten des letzteren ausgefallen sein.
2067 1100 3109 1162 Denn als Schnitzler die „Liebelei“ schrieb, war er
2068 1146 3089 1203 noch nicht ausschließlich ein geistreicher Mensch,
2065 1196 3103 1262 sondern daneben auch ein wirklicher Dichter. Wohl
2067 1246 3101 1308 führt er uns auch hier, wie in seinem letzten Drama.
2072 1293 3084 1346 in eine etwas angefaulte Gesellschaft: Fritz Lob¬
2070 1341 3092 1385 heimer ist morsch in seinem Innern, sein Freund
2069 1382 3091 1447 Theovor ist ein flacher Genußmensch, Mitzi Schla¬
2058 1432 3096 1515 ger, das Mädel „mit dem unglaublichen Talent
2069 1479 3100 1557 zum Dussagen“ ist ein recht leichtfertiges Ding,
2067 1530 3093 1597 und selbst die alte, moralische Strumpfwirkerin
2064 1586 3103 1662 muß zugestehen, daß sie in ihrer Jugend nicht ganz
2062 1638 3093 1690 geduldig auf ihren Strumpfwirker gewartet habe.
2067 1686 3086 1733 Aber das alles ist in der „Liebelei“ nicht die Haupt¬
2065 1735 3092 1789 sache, sie alle dienen nur als Folie für Christine
2064 1772 3094 1839 und ihren Vater, die rein und unberührt im Mittel¬
2065 1825 3089 1897 punkte des Stückes stehen. Was an dem Stücke
2064 1873 3086 1932 ferner so angenehm berührt, ist seine Einfachheit;
2063 1913 3099 1996 trotz genauer Beobachtung und scharfer Realistik,
2056 1983 3099 2030 trotz aller Ausmalung von Milieu und Detail ist
2062 2023 3104 2088 doch unnützes Beiwerk vermieden, die natürliche
2059 2064 3095 2145 Beziehung zu dem unbedingt notwendigen Vor¬
2053 2120 3099 2210 gange immer gewahrt: die Handlung vollzieht
2065 2182 3091 2235 sich natürlich und mit Notwendigkeit. Die psycho¬
2066 2227 3092 2295 logische Arbeit aber ist dabei nicht vernachlässigt,
2060 2276 3090 2327 sondern ins Feine und Feinste getrieben und
2049 2323 3091 2382 naniches Wort erschließt den tiefsten Grund der
2053 2360 3098 2437 Seele. Was redet z. B. nicht alles aus den Worten
2053 2407 3082 2489 Christinens am Schlusse: „Auch von mir hat er ge¬
2052 2468 3090 2537 sprochen! — Für die andere hat er sich totschießen
2059 2513 3095 2588 lassen!“ Diesen Egoismus der Liebe im Angesichte
2050 2577 3080 2635 des Todes, diese Eifersucht an einer Leiche mit
2049 2621 3076 2672 diesem einen Striche so erschütternd zu zeichnen, ist
2053 2668 3089 2721 nur ein Dichter imstande. — Hoffen wir, daß sich
2061 2720 3088 2779 Schnitzler in seinem nächsten Werke seiner schönen
2049 2769 3085 2833 Jugendzeit erinnern und die großen Versprechun¬
2053 2818 3086 2888 gen, die er uns mit der „Liebelei“ gegeben, wieder
2051 2866 3083 2930 ganz und voll einlösen werde! Die Aufführung
2050 2911 3091 2970 bereitete ungetrübten Genuß. Frl. Allers hat
2055 2958 3089 3025 uns als „Christine“ ihr Bestes gegeben: diese Hin¬
2054 2996 3086 3078 gebung, dieses völlige Aufgehen in der Liebe und
2050 3059 3083 3131 das schließliche, wehmütig=stille Unterliegen im
2057 3109 3080 3164 überschwänglichen Schmerze schien sie völlig mitzu¬
2054 3164 3077 3217 erleben und ließ es so den gerührten und ergriffenen
2053 3212 3084 3259 Zuhörer im tiefsten Herzen mitempfinden. Herr
2053 3262 3081 3320 Jansen unterstützte sie aufs beste in der Rolle
2047 3317 3084 3370 des alten Violinspielers Weiring, des sanfteren,
2044 3351 3076 3407 gedrückteren, schwächeren Vetters von Schillers
2047 3404 3073 3468 Musikus Miller. Frl. Woiwode war eine
2053 3452 3082 3504 prächtig frische, aber gut abgetönte, nicht allzu
2045 3502 3076 3571 übermütige „Mitzi Schlager“ Herr Huttig als
2047 3529 3083 3612 stud. Theodor Kaiser ein „lieber Kerl“ durch und
2035 3605 3073 3670 durch. Auch Herr Werner=Eigen entsprach
2047 3654 3071 3712 völlig in der schwierigen und undankbaren Partie
2039 3700 3068 3767 des sentimentalen, trotz seines Leichtsinnes dick¬
2047 3743 3081 3819 blütigen Fritz Lobheimer, und Frau Swoboda
2042 3807 3067 3864 wußte ihre scharf gezeichnete Strumpfwirkerin von
2037 3839 3077 3933 aller Uebertreibung, die der Rolle so nahe liegt,
2842 3898 3023 3966 Dr. 8
2028 3896 2310 3965 freizuhalten.
