3484 4256
172 149 264 229 5.
325 153 669 223 Liebele
813 161 1270 235 box 13/2
2789 131 2851 188 41
2476 162 2726 231 —
2801 178 2967 261 ##n
2245 185 2799 282 TE IUPEILODRAMMATICI
2272 296 2946 383 Etislina
2367 374 2848 441 DRAMMA IN TRE ATTI
2300 433 2925 516 di Arturo Schnitzler
2278 492 3000 556 Comincia l’età dei chiarescuri e delle
2239 526 2978 592 intuizioni. Nasce anche con Schnitzler
2237 561 2990 650 quella voluta nebulesa dallaquale uscira
2256 593 2995 679 stanca la pallida meteora dell’inlimismo.
2283 632 2984 687 E per la sua tecnica esitante ancöra
2248 664 2983 732 ma gia capace di ereare un cerlo clima
2249 700 2988 759 di presagio e il color della tempesta in
2242 737 2933 794 scena, questo dramma & interessante.
2277 776 2985 832 II romanticismo non é proprlo sepolto
2257 803 2986 867 come si credeva. Vienna covava nel ritmo
2254 837 2994 894 dei vallzer l’idea delle suc operette che
2257 870 2987 931 rifanno la flaba dell’allegro tenente e del¬
2263 903 2987 965 la povera violinista, del contino in bol¬
2269 925 3001 1014 leita e della vedova milionaria, del prin¬
2266 979 2992 1047 eipe folle e di Cenerentola da bal ta¬
2266 1032 2388 1084 barin.
2298 1020 3002 1094 Qualche cosa di tutlo eid 6 anche in
2272 1072 3007 1136 Cristina, dove asststiamo alla baldoria di
2275 1103 3005 1182 due ricchi studenti e di duc povere fan¬
2279 1168 2395 1218 ciulle.
2316 1167 3034 1245 Siamo sull'orlo di una indeflnibile ca¬
2293 1232 3027 1283 tastrofe: e parole vaghe Tannunziano.
2288 1277 3024 1329 Piccoli misteri sovrappost. abilmente l’u¬
2289 1297 3034 1354 no all'altro crcano l’ombradlel greve pre¬
2298 1351 3022 1390 sagio anche semra il fulgöre della mensa
2289 1388 2968 1444 imbandil## spensierato festino.
2322 1390 3066 1454 Fritz é innamorato di una signora spo¬!
2298 1450 3039 1502 sala: e il euo amico Teodoro é molto in¬
2302 1484 3044 1528 quieto per Jui. Si parla di partire: si
2296 1514 3032 1571 parla anche di due belle flgliole che de¬
2295 1562 3065 1601 vono presto giungere nella casa di Fritz !
2306 1588 2915 1633 eche serviranno per dimenticare.
2317 1623 3027 1664 Ma l'’ineubo permane. Alle parole ar¬
2302 1655 3033 1698 denti d’amore della piccola Cristina, Fritz
2291 1690 3032 1734 non risponde. II faseino pauroso e vo¬
2296 1721 3038 1770 luttucso dell’altra & nell’ária. Cristina rap¬
2292 1757 3023 1808 presenta un dolce riposo, forse un po'
2295 1792 3039 1837 di fede, certo un po’ di luce nel crepu¬
2303 1831 3067 1874 scolo torbido che opprime lo spirito dis!
2291 1861 2722 1918 quel ragazzo inquieto.
2334 1883 3041 1950 Un primo atto, un po' lungo ma pieno
2293 1930 3031 1979 di sapienti e spesso necessari indugi, pur
2300 1961 3032 2008 rappresentando un convito notturno di
2292 1997 3036 2038 quattro giovani, é scnza letizia. Anzi la
2298 2032 3040 2081 lelizia, se tenta di afflorare, stride come
2300 2069 2669 2118 una lima sul vetro.
2322 2089 3036 2145 Ho detto che comincia la tecnica dei
2306 2128 3031 2184 presagie delle intulzioni, forse per con¬
2304 2164 3036 2217 trapporre un nuovo teatro al teatro dei
2298 2202 3042 2255 contrasti troppo sonanti e troppo vivacl.
2304 2235 3040 2273 II festino é interrotto da una scampanel¬
2303 2267 3041 2315 lata: luguhre, bieco, con un pacco di let¬
2304 2303 3041 2350 tere in tasca, si presenta e chiede di par¬
2298 2336 3042 2395 lare a quattro occhi con Fritz il marito
2307 2376 2644 2430 della sud amante.
2328 2397 3045 2451 Un duello: un tragico duello di allora.
2332 2442 3053 2496 Sappiamo che Fritz cadrà colpito al
2310 2477 3039 2514 cuore sübito: ma l’autore ci conduce at¬
2301 2506 3039 2557 traverso i palpiti, le incertezze, le malin¬
2310 2551 2943 2591 conie, i presagi della sua Cristina.
2332 2566 3043 2617 E ci fa conescere la romantica vita di
2302 2612 3042 2668 costei, nella softta povera, accanlo al
2304 2645 3043 2694 vecchlo padre violinista d’un teatrodi
2305 2680 3043 2725 operette, artista fallito che compone un
2303 2717 2944 2755 altare sotto il calco di Beethoven.
2340 2736 3038 2793 Cristina e'c data a Fritz-sull'orlo-del
2312 2783 3051 2827 baratro, con giola cosciente, con amore
2308 2819 3047 2864 sconfinato Sente il bulo del fondo, ma
2316 2858 3046 2911 si ostina a guardar le stelle: trema e
2307 2888 2537 2939 s’aggrappa.
2331 2903 3035 2964 Nei cupi silenzi di Fritz qualche cosa le
2312 2961 3037 3002 sfugge, II duello é imminente e si parla
2306 2993 3039 3040 di partenza. Una parola é detia g.addio
2320 3022 3042 3068 dell'ora del distacco. L’amico Teodoro &
2316 3055 3050 3103 gelido, impacciato, nervoso. Non occorre
2322 3092 3055 3136 parlar chiaro alla piccola, attraverso un
2318 3132 3048 3172 baleno ella vede la fine. Non sa quale, non
2310 3159 3045 3202 sa come. ma s’abbatte con un grido at¬
2321 3194 2900 3236 traverso la soglia della soflltta.
2344 3236 3047 3280 Fritz é morto: & caduto colpito al cuo¬
2310 3265 3049 3306 ree gli amici già lo hanno sepolto. Tulli
2316 3300 3046 3345 sanno, Anche il vecchio padre sa; e Cri¬
2306 3327 3048 3369 elina vive ignorando, ansiosa, perplessa.
2349 3367 3053 3411 Col dolore della rivelazione prorompe
2306 3395 3050 3459 la gelosia furibonda: Frilz é morto per
2318 3433 3047 3484 un'altra. Ma non potrà quesla gelosia po¬
2312 3467 3045 3516 stuma sanare la passione Cristina 6’é
2317 3500 3040 3545 volata donandosi: non é donna che pos¬
2304 3541 3046 3577 sa scpravvivere. II dramma si chiude con
2310 3564 3061 3618 il preannunzio della fine anche di questa!
2309 3603 2849 3657 giovinezza esallata dall'amore.
2335 3636 3046 3683 Ripeto: l’opera é interessante piü per
2301 3658 3044 3716 la ena techica che per la eua sostanza.
2298 3704 3040 3750 1E piu che i caratteri in una indetermina¬
2315 3739 3043 3794 tezza volute e continua di tinte, conlano
2331 3769 2559 3819 i sentimentl.
2341 3799 3047 3843 Cristina sollanto balza fuori viva so¬
2306 3839 3050 3900 stenuta dall'impeto. Ed é personaggio non
2312 3880 3042 3930 eccessivamente complesso, ma dillicile da
2320 3906 3047 3973 rendere nella fremente follia del suo volo
2318 3947 2562 3993 sentimentale.
2345 3971 3062 4013 Kiki Palmer dunque, ha affrontato la
2318 4005 3047 4061 diflleile battaglia impegnando nervi, vo¬
2313 4038 3075 4106 lontà, talenlo e cuore. Nei due urli del
2322 4077 3056 4121 secendo e del terzo atto la sforzatura mi
