3436 4256
472 163 834 242 Liebelei
292 163 1438 277 51 box 11/6
1990 773 2342 872 Tetephes 12.801.
1427 909 2095 994 „ODSERTER
1215 976 2326 1064 1. öeterr. behördl. konz. Unternehmen für Zeltunge-Aueschaltte
1417 1033 2158 1130 Wien, I., Concordiaplatz 4.
1630 1099 1928 1170 Vertretungen
1211 1122 2347 1227 In Berlin, Basel, Budapest, Chicago, Cleveland, Christiania,
1219 1189 2323 1262 Genf, Kopenhagen, London, Madrid, Mailand, Minnespolls,
1213 1209 2338 1308 New-Vork, Paris, Rom, San Francisco, Stockholm, St. Peters¬
1613 1273 1935 1331 burg, Toronto.
1535 1316 2004 1391 (Quelienangabe ohne Arwüz.
1213 1349 2061 1492 Aussohnit aus: Wen Sulinnl
1444 1447 1910 1539 2. 3 AUG 1910
1202 1485 1367 1543 vom:
1327 1593 2121 1686 Theater und Musik.
1444 1678 1985 1761 Bremer Schauspielhaus.
1311 1738 2108 1813 Liebelei von Arthur Schnitzler.
1398 1793 2017 1851 Die rote Robe vol
1267 1841 2249 1899 Die Leitung des Schauspielhauses fährt fort,
1185 1890 2237 1951 mit geschickter Hand aus dramatischer Produktion
1187 1931 2246 2006 der letzten Jahrzehnte sich ein wertvolles und vor
1184 1988 2239 2043 allem wirksames Repertoir zu schaffen. Sonnabend
1188 2026 2237 2080 und Sonntag kamen Arthur Schnitzler mit seinem
1190 2058 2256 2143 köstlichen zarten Stimimungteagödie „Liebelei" und
1193 2114 2251 2182 Eugene Brieux wit seinem satirischen krimina¬
1193 2161 2257 2224 listischen Bravouystück „Die rote Robe“ zu Wort.
1194 2208 2240 2263 An beiden Abenden zeigte sich die Regie besonders
1190 2246 2267 2309 wieder durch eine treffliche äußere Inszenierung
1189 2289 2258 2343 ihren Aufgaben in schönster Weise gewachsen.“
1198 2330 2246 2387 So hatte man diesmal auch dem Amtszimmer des
1194 2372 2253 2445 Richters Monzon in dem französischen Stück die er¬
1190 2427 2250 2492 forderliche charakteristische und gerade darum
1195 2461 1973 2533 stimmungsvolle Nüchternheit gegeben.
1276 2500 2247 2558 Die tiefe Wirkungskraft und der feine Zauber
1178 2546 2245 2611 des Wiener Liebesdramas, eines wundervollen
1190 2593 2246 2653 Gegenstückes zu der norddeutschen „Jugend“ Halbes,
1180 2643 2240 2693 wurde am Sonnabend leider durch die ganz unzu¬
1188 2680 2253 2741 längliche Besetzung der männlichen Hauptrolle beein¬
1190 2723 2248 2778 trächtigt. Man konnte dem armen „süßen
1179 2776 2253 2828 Mädel“ von Christine ihren Geschmack und ihre Ver¬
1177 2813 2249 2874 zweiflung dieses „Fadians“ wegen so gar nicht nach¬
1178 2853 2245 2902 empfinden. Dafür waren Frl. Perron selbst als
1185 2902 2256 2965 Christine und Frl. Wirth als fesche Mizzi Schlager
1176 2945 2245 2995 recht an ihrem Platze. Hervorgehoben sei dazu
1193 2990 2243 3066 Herr Donat, der auch die Regie hatte, als alter fein¬
1184 3029 1686 3088 seeliger Vater Weiring.
1282 3064 2254 3137 Brieux' „Rote Robe“ ist vor zehn Jahren im
1185 3123 2229 3183 Triumphzug über alle europäischen Bühnen ge¬
1191 3161 2242 3227 gangen, und der tosende Beifall, in den sich auch dies¬
1180 3212 2229 3276 mal nach jedem Akte die aufs äußerste gespannte
1179 3252 2231 3319 Aufmerksamkeit entlud, bewies, daß die stofflich
1187 3297 2234 3350 und szenische Durchschlagskraft dem Stücke un
1179 3346 2235 3396 verloren ist. Von den Darstellern standen in erste
1185 3389 2241 3451 Reihe Herr Kustermann und Frl. Wirth als Elche
1181 3433 2228 3490 pare und Yanetta, die beide ihre Rollen mit er
1185 3471 2231 3524 schütternder elementarer Wucht duchführten, un
1184 3506 1532 3579 Herr Matthes,
1553 3522 2227 3581 der als Untersuchungsrichte
1175 3566 2219 3617 Monzon den satirischen Absichten des Autorsz
1187 3601 2231 3662 somoser Wirkung verhalf. Herr Matthes zeichne
1177 3642 2233 3731 auch die gewiß nicht leichte aber einwandfre
1189 3691 1515 3774 Regieleistung.
2010 3696 2214 3777 .+h.
