3436 4224
364 150 739 227 Liebelei
221 160 879 278 5 aenennmnmnn
887 136 1340 245 box 13/8
2042 955 2179 1040 269
850 1064 2185 1125 Cette jolie pièce a oblenu ici, précisément à cause de ses qua¬
788 1112 2184 1155 lités humaines, beaucoup de succés. Beaucoup plus que le
799 1166 2189 1218 & Prenez garde à la peinture, de Fauchois, qui, avec sa descrip¬
801 1209 2193 1250 tion d’un mälieu petit bourgeois, est trop loin du public berli¬
800 1275 2194 1320 nois. Les dessous du commerce des tableaux ne passionnent pas
800 1322 2189 1382 spécialement les Allemands. Ils ne s’intéressent pas autant que
810 1355 1770 1420 les Français aux arts plastiques comme tels.
852 1403 2182 1461 Mais quand le Berlinois veut se g distraire), il préfère encore
806 1448 2186 1519 aller voir une opérette. Parmi celles que l’on représente en ce
810 1498 2198 1560 moment-ci, c’est g Ball im Savoy, qui a le plus de succès. C’est
817 1549 2192 1611 la dernière pièce qu’aient mise en scène les frères Rotter avant
816 1597 2188 1667 de prendre leur vol vers le discret petit pays qu’est Lichtenstein.
820 1664 2197 1719 La musique de g Ball im Savoy; est de Paul Abraham; elle a
816 1707 2200 1757 de l’adresse et de ia verve, hien qu’elle ne soit pas tres fertile
817 1762 2196 1809 en inventions. Gitta Alpar, qui est notre plus grande divette
821 1803 2192 1853 Topérette, enthousiasme le public par la perfection de son art;
822 1845 2199 1904 et l’on applaudit peut-être plus encore la danseuse grotesque
815 1892 2198 1960 Rosy Barsony, qui hondit avec beaucoup de drölerie et de tem¬
824 1955 1079 2025 pérament.
872 1984 2190 2056 On a également repris avec succès l’opérette de Léo Fall:
825 2051 2210 2129 x Die geschiedene Frand; Grete Mosheim tient le röle prin¬
825 2105 2208 2152 cipal. Cette excellente actrice est toujours aussi bien à sa place
833 2144 2206 2197 dans le drame que dans la comédie léglère. Avec sa collabora¬
825 2198 2212 2257 tion, les directeurs peuvent se risquer mäme à reprendre de
826 2242 1166 2325 vieilles piéces.
1748 2373 2135 2445 ERNA CRAUTOFF.
919 2476 1530 2564 (Traduit par F. Longand).
815 2596 1007 2674 Seen
1143 2679 1408 2800 000
804 2793 1804 2893 AMOURETTE FARTHUR SCHNITZLER
888 2918 2211 2995 Vienne n'a pas toujours su reconnaitre et apprécier ses grande
851 2991 2214 3058 poétes, mais elle leur voue après la mort un culte dont le carac¬
843 3041 2230 3098 tère posthume a quelque chose de touchant et de déconcertant
839 3080 2235 3145 à la fois En trois ans, l’Autriche a perdu trois maitres, Hoff¬
843 3140 2228 3200 mannsthal et Schnitzler d’abord dont la renommée mondiale es:
850 3176 2231 3248 des maintenant établie, Wildduns ensuite, un véritable enfant
1705 3338 2529 3468 schs
2388 3400 2551 3477 :owG
1532 3420 2251 3579 S
1702 3505 2537 3657 — Pg
1513 3606 1698 3670 Pw0g
2000 3584 2567 3721 97—2:—
1807 3673 2037 3758 ¬
