3436 4256
260 185 644 254 Liebeler
796 177 1228 276 box 13/5
211 232 686 296 eete eneeseneseteseere
577 890 1102 996 „UBSERVER‘
510 958 1162 1064 Wign, I., Wrlraise Nr 1.
232 1004 1096 1115 10·0NT. 1938 —nine Nas B. 9-42
500 1098 1013 1186 Kiire Voikgpeiturg, Wien
252 1130 461 1245 82.—
440 1210 1189 1286 Aus dem Josefstädter
253 1262 1171 1313 Theater. Gegenwartig sind unter Leitung
266 1318 1168 1366 Dr. Emil Geyers die Proben zu dem
261 1345 1170 1407 Schauspiel „Grünender Lorbeerbaum“ von
265 1386 1164 1459 Mordaunt Shairp im Gange, das hier zur
263 1438 1162 1488 deutschen Uraufführung gelangt. Der Dichter
260 1485 1171 1549 behandelt das Problem der Sympathie, die ein
273 1513 1170 1581 alternder Mann zu einem jungen Menschen
265 1560 1169 1636 gefaßt hat. Das Werk ist in London über
264 1600 1163 1662 dreihundertmal aufgeführt worden, und wurde
269 1662 1174 1709 dort auch von Direktor Dr. Preminger
264 1690 1166 1775 gesehen. Die Hauptrollen spielen Lily Darvas,
266 1733 1163 1805 die damit ihr Engagement im Theater in der
293 1826 1190 1894 Josefstadt antritt, Anton Edthofer, Han¬
276 1880 1179 1936 Jaray, Herbert Hübner und Alfred Neu¬
279 1922 1194 1984 gebauer. — Die Direktion veranstaltet im
287 1973 1193 2011 Monat November eine Auslandtournee mu
283 2007 1191 2066 Schnitzlers „Liebelei“ Hans Jarays „Ist
288 2034 1183 2109 Gerakdinte ein Engel?“ und Ladislaus Fodors
286 2098 1189 2155 „Roulette“. In den Hauptrollen wirken die
289 2134 1188 2198 Damen Wessely und Geßner, die Herren Haus
287 2184 1187 2243 Thimig, Delius und Teubler mit. — Direktor
290 2219 1191 2284 Dr. Preminger hat das Drama „Heinrich der
287 2268 1187 2320 Achte von England“ von Franz Albrech:
293 2310 1178 2362 zur Aufführung erworben. Franz Albrecht ist
286 2353 1193 2409 ein bisher unaufgeführter reichsdeutscher
284 2397 1181 2447 Autor, der in Henndorf bei Salzburg leöt
293 2446 1187 2494 Das Stück wurde von seinem Freund Kari
297 2488 1179 2538 Zuckmayer Direktor Preminger überreicht
284 2525 1193 2597 Möglicherweise wird Emil Jannings die
288 2566 652 2637 Tikelrolle spielen.
804 2836 1195 2932 „UBSERN:
737 2902 951 2999 Wien,
603 3087 1160 3225 green vispssnas
426 3248 1512 3344 Leeheller“=Gastsphek in den Kammerspielen. Das En¬
306 3301 1518 3397 semble des Theaters in der Josefstadt, das bekanntlich in
309 3361 1510 3451 Kürze auf eine längere Tournee geht, wird, wie wir hören,
313 3415 1474 3489 vermutlich vorher einige Tage in den Kammerspielen —
307 3460 1515 3544 Bühne des Lachens gastieren. Direktor Robitschek, der seine
306 3512 1517 3600 nächste Premiere erst in den ersten Tagen des Novembers
310 3552 1504 3640 starten will, wird die „Liebelei“=Inszenierung des Theaters
308 3616 1508 3679 in der Josefstadt, in der bekanntlich Paula Wessely, Adrienne
310 3667 1512 3756 Geßner, Oskar Karlweis und Hans Thimig beschäftigt sind,
301 3704 949 3774 ohne Aenderungen übernehmen.
1781 280 2610 383 „OBSERVER'
1877 372 2555 432 I. österr. behördi. konzessioniertes
1842 420 2589 480 Unternehmen für Zeitungs-Ausschnitte
1911 477 2509 544 WIEN, I., WOLLZEILE 11
1972 527 2447 585 TELEPHON R-23-0-43
1793 649 2160 724 Ausschnitt aus:
1947 780 2467 930 deue Preie Presse, Wiel
1776 878 1949 953 vom:
2154 986 2356 1078 15.0
1766 1109 2662 1199 Schnitzlers „Liebelei“ in Paris.
1713 1161 2788 1241 Mit besonderer Spannung wurde die Aufführung von
1632 1225 2788 1290 Arthur Schnitzlers „Liebelei“ durch die Truppe
1648 1280 2795 1358 Pitoeffs erwartet. Die Wirkung des Schnitzlerschen
1635 1324 2784 1383 Meisterwerkes mit seiner wienerischen Süßen=Mädel=Stimmung
1644 1383 2785 1441 wäre beim Pariser Publikum, das Schnitzlers Werke kennt
1644 1422 2803 1482 und liebt, noch weit stärker gewesen, wenn die Aufführung
1650 1467 2796 1534 besser durchgearbeitet gewesen wäre. Zweifellos ist die
1643 1500 2807 1579 Christine Ludmilla Pitoeffs eine rührende Erscheinung
1650 1557 2252 1620 voll zarter Leidenschaftlichkeit
2315 1563 2787 1627 aber diese eine große
1642 1600 2781 1670 Leistung vermag das Ensemble nicht zu retten. Die Ueber¬
1639 1646 2785 1714 setzung Suzanne Clausners ist so ausgezeichnet, daß man
1648 1702 2786 1759 nirgends einen falschen Ton, keinen Zwang verspürt, sich der
1651 1743 2203 1814 fremden Sprache anzupassen.
1713 1808 2797 1870 Louis Jouvet hält seine Neuaufführungen vorläufig
1634 1861 2798 1922 noch im Hintergrund und serviert den amüsanten und ironischen
1645 1897 2783 1960 Dreiakter „Monsieur Trouhadec saisi par la debauche“ in
1637 1935 2798 1989 dem Jules Romain die Verirrungen des nach Monte
1644 1986 2783 2054 Carlo verschlagenen und von der Lokalatmosphäre über¬
1637 2035 2784 2087 wältigten Kleinbürgers zeigt. Wie imwer unter Jouvet, ist
1630 2077 2798 2135 die Aufführung musterhaft und bis in die kleinsten Details
1637 2124 1917 2189 ausgearbeitet.
1725 2184 2726 2257 Der Komiker Colline hat sich mit Dorin z
1638 2240 2781 2301 sammengetan und im Théätre aux Capucines die Revue
1646 2287 2797 2344 „Dröle depoque“ herausgebracht, die einen außerordentlichen
1635 2336 2784 2394 Erfolg hatte. Die bekanntesten Politiker, Schauspieler,
1645 2375 2792 2429 Literaten werden in mehr oder weniger bösartig karikierten
1633 2418 2791 2472 Bildern vorbeigeführt und Sketches wie „La maison sans
1641 2468 2800 2532 bruit“ oder „Les hommes politiques devant le ciné“, lösen
1638 2513 2797 2579 wahre Begeisterungsstürme aus. Daß Cecile Sorel nicht die
1642 2561 2786 2623 Bretter der Music=Hall betreten würde, ohne gleichzeitig auf
1633 2605 2786 2657 den Brettern der Music=Hall als Karikatur gezeigt zu werden,
1641 2652 2783 2715 war zu erwarten. In „L’Evadé“ wird „notre Celimene
1636 2701 2785 2753 nationale“, wie man sie ehemals nannte, mit all ihren Ueber¬
1647 2747 2783 2807 treibungen dargestellt, und es ist Tramel, der die Früchte
1635 2794 2787 2845 dieses Erfolges einheimst. Bei der Premiere war Cecile
1643 2835 2516 2898 Sorel anwesend und applaudierte frenetisch.
1991 3371 2086 3498 G
2092 3391 2837 3507 Vochenzundschau, Wien,
2315 3471 2677 3548 21, 10. 1953
1995 3485 2969 3593 „ Die Direktion des Theaters in der Josefstadt veran¬
1818 3536 2969 3643 staltet im November eine Auslandstournee mit Schnitzlers „Lie¬
1823 3595 2964 3680 belei“ Jarays „Ist Geraldine ein Engel?“ Und Fodors „Rou¬
1814 3635 2965 3722 lette“. In den Hauptrollen wirken die Damen Wessely und Geßner
1817 3665 2963 3756 sowie die Herren Hans Thimig, Delius und Teubler mit. Die
1821 3703 2980 3795 Tournee geht in die Schweiz, nach Holland, in die Tschechoslowakei.
1809 3767 2531 3847 nach Jugoslawien und nach Budapest.
