3484 4320
457 164 817 241 Liebelei
266 176 829 283 5. Snn
931 159 1404 250 box 10/5
2633 85 2754 131 ecr
2033 116 2794 177 und so kommt es, daß dieser, und nicht, wie
2032 154 2803 247 sonst bei Aufbau des Schauspiels üblich, der
2029 211 2792 265 zweite, von zündendster Wirkung ist. Die
2015 246 2793 333 beiden ersten Akte enthalten eigentlich nichts
2027 296 2795 366 weiter als die Vorbereitung der Katastrophe,
2028 352 2811 424 die im Schlußakt einfritt. Der Faden der
2014 402 2806 465 Handlung ist im ersten Akt nur lose geknüpft.
2020 444 2834 525 Wir lernen da eigentlich nur zwei Liebespaare!
2024 497 2793 546 tennen, wie sie sich ganz ungezwungen bei
2017 535 2792 606 einem Stelldichein mit Kaffee, Kuchen und
2019 582 2783 657 Wein in der Wohnung des einen der beiden
2024 644 2782 707 modernen Lebemänner geben. Diese Schil¬
2010 685 2836 749 derung ist aber ein Cabinetstück scharfer Le=sK
2019 727 2779 782 bensbeobachtung. In die komischen, humor¬
2021 781 2773 837 vollen Scenen platzt plötzlich ein Stück Tra¬
2023 827 2785 890 gödie hinein. Der betrogene Mann; mit
2015 859 2785 934 dessen Gattin Fritz, auch hinter dem Rücken
2013 904 2833 966 seiner angebeteten Christine, ein Liebesver=sk.
2007 948 2842 1020 hältniß unterhält, findet sich ein und ver=n
1999 994 2827 1067 langt von dem jungen Fant Genugthuungsg
2015 1047 2846 1129 für die ihm angethane Schmach. Er hältt
2013 1116 2849 1178 den Räuber seiner Gattenehre ohne Weiteres ü
2013 1157 2835 1222 für satisfactionsfähig und erschießt ihn im g
2011 1215 2841 1281 Duell, anstatt ihm da schon das Lebenslichtd
2007 1254 2839 1324 auszublasen oder ihn doch wenigstens em¬g
2003 1288 2843 1373 pfindlich zu züchtigen. Die beiden anderen
2009 1353 2775 1414 Personen des Stückes — „Hans Weiring“,
2000 1390 2830 1458 Christinens Vater, und die geschwätzige, hä¬ K
2007 1443 2819 1518 mische Nachbarin, die Strumpfwirkersfrau z
2016 1489 2828 1567 Katharina Binder, sind episodisch behandelt.n
2002 1542 2832 1605 Auf die besonderen Schönheiten, aber auchsc
2004 1580 2818 1652 auf die Schwächen dieses Stückes werden wirr
2013 1633 2828 1712 demnächst in einem besonderen Artikel zurück=II,
2006 1682 2179 1745 kommen.
2041 1718 2825 1808 Für die Aufführung war von der Regiek
1952 1781 1991 1835 n
1998 1777 2810 1857 und den mitwirkenden Kräften Alles gethans
1965 1825 2014 1883 1
1999 1842 2815 1905 worden, was den Erfolg gewährleisten konnte.] !
1999 1883 2756 1948 Ueberaus frisch in Erscheinung und Ton wa¬
1998 1926 2792 1986 ren sowohl Herr Carl Holty, wie auch Frl.:
1997 1966 2762 2046 Martha Sandow, die Repräsentanten des
1995 2029 2754 2087 fröhlichen, das Leben stets nur von der hei¬
1988 2076 2761 2151 teren Seite nehmenden Liebespaares. Frl.
1990 2110 2764 2186 Buenger bot mit der Christine eine wahre
1985 2166 2752 2240 Glanzleistung; in ihrer großen, hochpatheti¬
1992 2215 2767 2279 schen Scene des Schlußactes fand sie über¬
1928 2263 2755 2329 re zeugende Töne des erschütterndsten Schmer¬
1933 2306 2770 2380 leizes über die unverstanden und unerwidert
1917 2357 1993 2402 9.
1997 2359 2765 2419 gebliebene Liebe und der tiefsten Trauer um
1983 2399 2754 2476 den auf ewig verlorenen Gegenstand dersel¬
1933 2439 2763 2516 n ben, Herr Karl gab dem Charakter des
1969 2502 2750 2572 leichtsinnigen und dabei doch stets von Ge¬
1983 2550 2765 2604 wissensbissen gequälten Liebhabers ein festes
1984 2596 2759 2665 Relief und machte sich damit um das Gelin¬
1979 2656 2750 2713 gen des Ganzen verdient. Zu ganz beson¬
1985 2680 2769 2760 derer Kunst der Darstellung erhob sich gestern
1991 2743 2749 2809 Frau Welb=Markham, welche die Strumpf¬
1985 2790 2758 2853 wirtersgattin sprachlich und darstellerisch als
1985 2827 2769 2911 echte Wienerin dem Publikum vor Augen
1979 2888 2764 2947 führte, und der Hans Weiring des Herrn
1978 2927 2766 2995 Welb war eine Musterleistung hinsichtlich der
1977 2969 2753 3035 feinen und zugleich kraftvollen Charakterisi¬
1973 3012 2767 3094 rung, die der Darsteller der von ihm zum Le¬
1979 3081 2620 3132 ben gebrachten Figur verliehen hatte.
2011 3118 2757 3187 Das Publikum applaudirte nach jedem der
1980 3156 2767 3240 Aktschlüsse lebhaft, am stürmischsten jedoch
1975 3215 2747 3277 nach dem letzten. Der Besuch war zahlreich.
2010 3266 2745 3327 Am nächsten Sonntag zum ersten Male:
1977 3307 2756 3377 „Renaissance", Lustspiel in 3 Akten von
1981 3349 2535 3419 Schönthan und Koppel=Ellfeld.
2003 3395 2749 3481 Man schreibt über dieses Stück aus Ham¬
1980 3456 2735 3509 #urg: Mit seiner letzten Novilät, dem drei¬
1982 3501 2738 3564 ktigen Lustspiel „Renaissance“ von Schön¬
1986 3549 2731 3611 han und Koppel=Ellfeld, hat das Thalia¬
1983 3583 2753 3672 Theater einen guten Griff gethan=und seinem
1984 3646 2743 3722 Kepertoir ein gerade für diese Bühne und
1984 3694 2737 3759 hre Eignung für intime Wirkungen beson¬
1973 3743 2795 3822 ers geeignetes Stück einverleibt. Es dürftes
