3436 4352
447 210 810 297 Liebelei
260 202 1405 338 5. L box 12/5
1248 1424 1542 1541 Sene 102.
2000 1459 2961 1557 KIINLMAT OUKAPHISCHE RUNDSCHA
1222 1567 2940 1643 Autoren-Serie, das Schnitzlersche ker Weyring wird ebenfalls vor¬
1214 1633 2479 1714 Meisterwerk „Liebelei“ zur Vor-züglich gespielt.
1215 1670 2088 1743 führung gebracht. Diese große
2158 1674 2947 1767 Der Film ist ohne das erklä¬
1206 1735 2942 1821 Schöpfung unseres Wiener Dichters rende Wort gut verständlich. Dazu¬
1208 1782 2938 1866 und Seelenschilderers, der zu den trägt die einfache, glatte Handlung
1206 1823 2941 1893 bedeutendsten der modernen deut- und die geschiekte Inszenierung viel¬
1214 1887 2932 1972 schen Literatur zählt, ist eine bei. Die „Liebelei“ im Film wird
1214 1917 2946 2016 Prachtleistung der Filmkunst. Die der gleiche große literarische Er¬
1203 1980 2946 2063 Imperator-Filmfabrik hat sich ver- folg sein-wie das Bühnenwerk Artuf
1215 2028 2364 2112 ständnisvoll dem Schnitzlerschen Schnitzlers.
1208 2061 1973 2143 Werke angeschlossen und es
1971 2082 2072 2150 er¬
1204 2130 2068 2188 schöpfend erfaßt. Die ganze In¬
1199 2173 2074 2244 szenierung atmet durchwegs eine
1200 2215 2079 2299 Einheitlichkeit und vornehme Auf¬
1202 2265 2072 2324 fassung, und Waldemar Psylander
1212 2326 2074 2390 spielt den unbedachten jungen Mann.
1202 2369 2083 2448 der gleichzeitig eine große Liebe im
1197 2424 2082 2500 Herzen trägt und die Frau seines
1202 2462 2079 2557 Freundes verführt, mit einer Eleganz
1197 2520 2063 2585 und Feinheit, daß er wenige eben¬
1211 2569 2075 2637 bürtige Darsteller zu fürchten hat.
1212 2625 2068 2688 Auch die Christine- und die Mizzi¬
1199 2670 2074 2736 Schlager sind glänzend wiederge¬
1207 2720 2080 2780 geben. Die Lebenslust der beiden
1201 2774 2072 2830 jungen Dinger, die Sorglosigkeit,
1200 2811 2077 2891 komnt in der Filmdarstellung treff¬
1200 2872 2071 2936 lich heraus. Der Ausflug in die
1203 2922 2078 2993 Auen, den die beiden verliebten
1199 2973 2085 3041 Pärchen unternehmen, ist prächtig
1206 3012 2070 3087 gemacht und wird für Fritz, als er
1206 3061 2070 3119 zum Duell schreitet, eine letzte Er¬
1199 3100 2073 3169 innerung. Fällt er doch auf dem
1194 3169 2097 3229 gleichen Platz, wo er Christl zum
1202 3210 2087 3292 ersten Male geküßt. Der alte Musi¬
