3436 4352
453 163 782 238 iebelei
251 177 820 271 5. L.
668 511 742 579 56
955 161 1371 255 box 10/1
1523 509 1915 575 Theater=Berichte: Wien.
1745 703 2683 755 man mit Freude, wenn man auch gegen das Werk selbst
788 680 1721 747 bringen, was der Dichter nur fordern kann, außer einem:
1745 747 2679 797 und seine Aufführung Bedenken haben darf. „Liebelei“
788 740 1726 801 Jugend, echter wahrer Jugend! Und wo man in Deutsch¬
1745 785 2689 842 ist nicht nur der bezeichnende Titel dieses Stückes, es ist
787 804 1724 852 land heute hinblickt, entdeckt man denselben Mangel an
1744 845 2681 892 der Inhalt der ganzen bisher von Schnitzler gepflegten
790 849 1723 887 Enthusiasmus und Feuer, der die stürmischen Scenen
1750 882 2685 936 novellistischen Produktion. Von dem tragisch angelegten
788 892 1721 939 unserer klassischen Dichtung in dialektische Erörterungen
1745 930 2677 994 „Sterben“ bis zur übermütig lustigen „Kleinen Ko¬
784 938 1731 985 umgestaltet. Auch die Regie stand nicht auf der Höhe
1747 975 2675 1031 mödie“ begegnen uns jene Paare, welche die Eintags¬
792 978 1715 1030 ihrer Aufgabe. Desto erfreulicher gestaltete sich die Auf¬
1746 1035 2691 1081 fliege der Liebe pflegen, die schnell stirbt und sich auch
796 1036 1724 1084 führung der Medea, in der die beiden genannten Künstler
1756 1081 2681 1128 schnell wieder neu erzeugt. Und Wiener Luft und Wiener
781 1076 1726 1126 als Kreusa und Jason sehr sympathische Leistungen
1756 1122 2683 1175 Herzen sind der Nährboden, welchem dieses kurzlebige
791 1118 1724 1178 boten, und eine interessante Ungarin, Serena Fay, in
1741 1163 2693 1217 anmutig schwirrende Geschöpf entstammt. Aber auch
781 1167 1727 1213 ihrem Versuche zur deutschen Bühne überzugehen, eine
1743 1209 2689 1264 hier giebt es Spielarten, wie im Wiener Lied. Das
781 1220 1727 1275 in ihren einzelnen Teilen ganz ungleiche, stellenweise in
1757 1262 2695 1309 eine Paar trällert fröhlich das sorglose „Juche i bin im
790 1265 1732 1326 Wort und Geberde allzufahrige, aber in manchen Mo¬
1749 1300 2693 1353 Himmel“ in die Welt hinaus, während das andere sich
790 1311 1734 1357 menten auf ausgesprochen tragisch. Begabung deutende
1747 1351 2686 1414 in der halb echten, halb erlogenen Sentimentalität eines
805 1359 1020 1419 Medea gab.
1753 1402 2683 1461 „Waerlbuan“ oder „Das hat ka Schiller g'schrieb'n“
837 1405 1721 1460 Das Denkmal, das Sprottau seinem Sohne, dem
1756 1450 2685 1504 träumerisch wiegt. Diese kleine Welt ist Schnitzlers ur¬
797 1469 1735 1509 unsterblichen Dramaturgen Laube setzte, ließ auch den
1751 1492 2693 1547 eigenstes Gebiet, das er auch in seinem Drama mit
800 1500 1725 1551 Versuch mehrerer Bühnen, seine Stücke weniger her¬
1743 1548 2691 1598 jener vollen Sicherheit der Form, die nur intimste
785 1548 1723 1610 vorzuholen, begreiflich erscheinen. Aber die Wieder¬
1754 1588 2691 1648 Kenntnis geben kann, beherrscht. Dabei darf er auch,
799 1592 1726 1656 belebungsversuche, die an den „Bösen Zungen“ im Volks¬
1756 1633 2689 1689 ohne zu ermüden, die unscheinbarsten Details in dem
797 1648 1740 1685 theater, dem „Essex“ im Raimund=Thearer, den „Karls¬
1753 1690 2684 1739 Verhältnisse zweier junger Leute Fritz Lobheimers und
792 1692 1731 1749 schülern“ im Burgtheater angestellt wurden, bleiben er¬
1748 1728 2684 1783 Theodor Kaisers, Christine Weirings und Mizi Schlagers
795 1744 1729 1797 folglos und der Dramatiker Laube blieb so tot, wie er
1755 1775 2698 1844 vorführen. Eines jener reizenden Soupers, in denen
798 1785 1725 1844 war. Er hat eben nur seiner Zeit genug gethan und
1742 1827 2681 1885 das Menu die Nebensache, die Liebe und der „Hamur“
797 1844 1737 1894 ist nichts als ein Oscar Blumenthal der Tragödie;
1739 1882 2694 1934 die Hauptfache sind, führt der erste Akt vor. Für den
791 1875 1729 1934 Laubes Helden sind, wie Essex sagt, „Ritter von Papier“.
1757 1917 2705 1970 „Hamur“ sorgen Mizi und Theodor, die Liebe verträllern
790 1927 1732 1989 ob sie nun Harnisch oder Frack tragen. Nur ein Genuß
1756 1967 2679 2018 das andere Paar. Christine hegt die unerfüllte Sehn¬
795 1985 1730 2030 war damit verbunden, Frl. Barsescous Elisabeth, eine
1754 2016 2702 2070 sucht ihrem Fritz mehr sein zu können, als ein bloßes
796 2028 1732 2084 Gestalt echt tragischen Stils, bewundern zu dürfen. Das
1748 2061 2700 2124 bald weggeworfenes Spielzeug, auch er würde der echt
795 2062 1733 2132 Burgtheater aber fand nicht einmal den nötigen Grund¬
1746 2121 2699 2175 liebevollen Stimmung gerne Gehör geben, wenn ihn
808 2117 1734 2168 ton und spielte in der buntesten Manier durcheinander.
1754 2161 2694 2213 nicht die „hohe Minne“ zu einer verheirateten Frau in
844 2168 1734 2214 Das Burgtheater ist diesmal früh mit Novitäten in's
1758 2209 2700 2258 Anspruch nehmen und mit banger Sorge erfüllen würde.
795 2221 1733 2267 Feld gerückt. Es gab das einaktige Schauspiel Giacosas:
1750 2263 2689 2310 Sie soll sich nur zu bald berechtigt zeigen: in den harm¬
807 2263 1721 2324 „Rechte der Seele“ und das dreiaktige Drama Schnitz¬
1754 2306 2686 2366 losen Jubel schrillt die Thürglocke, der Gatte der Ge¬
801 2305 1077 2368 lers: „Liebelei“.
1754 2349 2701 2405 liebten erscheint, blutige Rechenschaft zu fordern. Ein
842 2342 1728 2416 Der Italiener hat sich an Ibsen den Magen ver¬
1750 2393 2686 2446 Rendezvous wird festgesetzt. Es ist aus mit der Freude,
1756 2447 2689 2504 mühsam verabschiedet Fritz die Gäste, in trübe Ahnungen
803 2447 1732 2504 werden. In einer halben Stunde spielt sich, wie in den
1760 2491 2691 2544 versunken läßt er sich am Schreibtisch nieder. Diesem
794 2493 1729 2539 modernen Opern, ein letzter Akt ab, zu dem die ent¬
1747 2532 2704 2599 meisterhaften ersten Akte, voll Leben und Bewegung
801 2551 1733 2602 wickelnden Voraussetzungen sehlen. Eine Frau ist ihrem
1763 2587 2691 2641 folgen zwei schwächere in Christinens Behausung. Die
803 2601 1731 2643 Gatten trotz ihrer Liebe zu seinem Vetter treu geblieben.
1759 2636 2693 2690 Handlung ist eigentlich erschöpt, so bringt der zweite
799 2641 1729 2691 Ihre Briefe aber, die nach dem Selbstmord des letzteren
1760 2679 2689 2734 Akt eine Liebesscene zwischen Christine und Fritz, das
794 2688 1733 2750 bei ihm gefunden werden, kommen in die Hand des
1762 2731 2700 2784 unsterbliche Thema: Faust in Gretchens Zimmer mit
803 2739 1727 2789 Mannes, sie verweigert jede Aufklärung, bis er ungestüm
1751 2779 2701 2828 weicher Empfindung varirend. Eine neue Figur scheint
799 2794 1733 2833 zu werden versucht. Dann schleudert sie ihm nicht nur
1759 2830 2696 2879 bedeutungsvoll einzutreten: Christinens Vater. Was er
801 2826 1731 2876 die Wahrheit in's Gesicht, daß sie ihn nie geliebt, aber
1756 2866 2701 2929 spricht, ist Lebensphilosophie der niedersten Stände. Er
807 2873 1745 2936 heute bedaure, tugendhaft geblieben zu sein, sie überhäuft
1757 2929 2701 2974 sieht dem Mädchen, dessen Lügen und Ausflüchte er
805 2919 1741 2978 ihn auch mit Schmähungen, daß er ihre Qualen nie
1756 2955 2703 3028 durchschaut, durch die Finger und gönnt ihr das Glück
802 2972 1735 3024 bemerkt und sich einer ungestörten Nachtruhe an ihrer
1761 3015 2691 3070 des Liebesgenusses, Ansichten, die im Munde eines
809 3021 1737 3072 Seite erfreut, schließlich läuft sie davon, er bleibt
1768 3060 2696 3104 Vaters doch immerhin etwas Befremdendes haben
806 3071 1733 3122 jammernd zurück, statt daß er sich freuen sollte, diesen
1756 3104 2698 3152 und ihn in bedenkliche Verwandtschaft zum alten Heinecke
809 3109 1747 3162 Satan losgeworden zu sein. Gewiß mögen solche
1764 3156 2696 3201 in der „Ehre“ rücken. Aber gestehen wir die Wahrheit
802 3157 1731 3217 Tragödien sich in mancher Ehe ereignen, aber ein Weib,
1758 3198 2691 3264 dieser Figur zu, so mußte der Alte auch eine diesen
798 3212 1737 3260 das den Fall in dieser Weise diskutiert, ist ehrloser, als
1756 3245 2704 3297 Worten entsprechende Aufgabe im Stücke erhalten, er
805 3256 1729 3305 eines, das sich hingiebt, und ein Mann, der so nieder¬
1756 3306 2696 3349 war berufen, seine Tochter von dem äußersten Schritte
803 3303 1737 3355 trächtig vor seiner Frau bettelt, verdient sein Schicksal.
1753 3337 2693 3396 zurückzuhalten. Das geschieht nun aber durchaus nicht;
797 3346 1738 3392 Vielleicht könnte eine Novelle mit diesen psychologischen
1762 3394 2689 3440 der dritte Akt bringt die Nachricht vom Tode des Ge¬
795 3391 1748 3456 Spitzfindigkeiten Staat machen. — Mit Arthur Schnitzler
1760 3431 2693 3478 liebten, sie bricht in leidenschaftliche Klagen aus, daß sie
797 3440 1746 3492 trat ein neuer Dichter in's Burgtheater, mit seinem
1754 3494 2701 3537 ihm so gar nichts gewesen, während sie ihm so alles
800 3488 1734 3534 Stücke schlug eine neue Luft in die verdickte Atmosphäre
1751 3532 2702 3596 hingegeben, und stürzt ab, ihm nachzusterben. Und der
808 3536 1744 3614 des gegenwärtigen Repertoires. Den Dichter begrüßt
2707 570 2783 668 4
2722 3635 2806 3731 #
