3484 4224
260 157 638 246 Liebelei
195 210 669 292 ne enene enene.
782 156 1239 258 box 13/3
1384 1041 1511 1108 esterr
935 1048 1628 1133 DBSERVER Senerei. kons.
909 1115 1644 1163 Büro für Zeitungsnächrichten
914 1147 1656 1209 WIEN I, WOLLZEILE 11
954 1271 1443 1379 Morgenblatt. Zadten
1114 1351 1403 1454 I. MRZ=19
998 1470 2003 1549 Theater, Kunst und Literatur
1224 1597 1307 1691 4 6
643 1639 2347 1757 SERAMKETgtelmund Reute
1512 1743 2350 1815 Ein Duellium eine Frau#.: Worgibt es das?
1035 1778 1465 1856 Wien, 27. Februar.
1521 1798 2357 1868 Die stillen Jausen mit Klavier und Gesang.
1516 1850 2352 1918 Wo finden wir die? Freiheit der Jugend —
675 1842 1490 1916 Im Josefstädtertheaferehrt man
1512 1888 2353 1966 für gestern neue Begriffe, heute alltägliche
660 1888 1149 1970 das Andenken ArtHLS
654 1916 1499 2015 einer Aufübrung der #rfehelete de an
1507 1949 2353 2019 Erscheinungen. Der leise Wiener Ton, der
655 2003 1501 2058 diesem Haus unter der sorgsamen Regie
1509 2004 2359 2071 diese Akte durchzieht — vom Fenster sieht
661 2047 1489 2093 Kalbecks zum ersten Male herauskam. Da¬
1512 2043 2358 2113 der Kahlenberg herein — bleibt bestehen;
658 2086 1502 2147 bei drängt sich einem unwillkürlich die bit¬
1518 2089 2354 2153 wie auch Glück und Schmerz, die menschli¬
653 2140 1495 2195 tere Frage auf: was haben wir mit diesen
1515 2138 2360 2197 chen Gefühle von gestern und heute blie¬
657 2182 1491 2243 Menschen auf der Bühne noch gemeinsam?
1506 2180 2350 2242 ben. Nur der dramatische Konflikt blieb aus:
652 2230 1499 2293 Bestehen Zusammenhänge zwischen diesem
1522 2239 2358 2292 die Tragik allen Geschehens. In so kurzer
655 2281 1493 2339 vergangenen Gestern und unserem Heute?
1519 2278 2365 2352 Zeit hat sich ein Stück sosehr gewandelt:
664 2325 1496 2394 Hat sich die Moral, hat sich die Sitte so
1529 2324 2363 2408 das zeigt so recht deutlich den Umbruch
654 2379 1494 2447 stark gewandelt, daß fast Welten dazwi¬
1523 2378 1795 2449 aller Werte.
648 2413 1507 2490 schen liegen, zwischen Stück und Wirklich¬
1555 2420 2349 2481 Das Stück war mit erstklassigen Künst¬
1519 2466 2363 2544 lern besetzt. Wenn auch Paula Wessely
659 2467 1501 2532 keit? Uebrigens fand gestern hier auch die
664 2525 1510 2592 Welturaufführung des Films „Liebeleis statt
1519 2515 2363 2589 erst ganz zum Schluß der Rolle gerecht
669 2563 1507 2633 — man sieht also, daß das Thema plötzlich
1522 2566 2364 2629 wird, so liegt das eben mehr in der Passivi¬
665 2613 1509 2668 wiedererweckt ist; aber: merklich geht das
1526 2606 2370 2672 tät der Rolle als an ihr. Als Schlagermizzi
650 2658 1244 2732 Publikum nicht mehr mit.
1531 2672 2373 2732 ist Fried! Czepa hinreißend in der derb-ur¬
1527 2712 2367 2782 wüchsigen Komik ihres Genießens. Hans
691 2711 1499 2785 Wedekinds FFrühlingserwachens ist zeit¬
1518 2754 2366 2815 Thimig und Heinrich Schnitzler wie auch
647 2765 1506 2824 loser; lbsens naturalistischen Dramen haftet
1523 2811 2369 2868 Frau Rosar blieben weniger wirksam, auch
653 2818 1504 2881 Zeitstempel an; Schnitzler wirkt heute, wenn
1523 2860 2365 2909 Hübners Episodenrolle verblaßte. Meister¬
658 2860 1507 2923 es sich um seine erotischen Probleme han¬
1520 2901 2366 2962 haft dagegen Hugo Thimig als Weyring: ei¬
653 2910 1502 2980 delt, verstaubt, ältlich, Gewiß: die Grund¬
1519 2949 2366 3020 ne erschütternde Figur eines liebenden Va¬
658 2964 1505 3029 züge sind die gleichen geblieben, der
1523 3003 2373 3052 ters. Vorerst hörte man das Puppenspiel
665 3003 1499 3077 Schmerz der verlorenen Tugend einer Frau
1517 3047 2359 3100 „Der tapfere Cassiane mit Hans
663 3054 1504 3117 vom Schlage der Christine, die niedergebro¬
1513 3092 2370 3159 Thimig, Frau Czepa und Neugebauer — ein
653 3112 1506 3175 chene Wehmut, die den alten Weyring be¬
1525 3141 2361 3209 burlesker Scherz mit zu tief aufgetragenem
666 3141 1508 3213 fällt; im geschlechterweisen Liebesleben und
1530 3193 2377 3251 Ernst, als daß man heute viel darüber nach¬
652 3198 1505 3270 Erleben haben sich aber zu viele Dinge ge¬
1519 3246 1821 3316 denken sollte.
650 3241 1503 3304 ändert, als daß man in die tragischen Kon¬
2006 3273 2332 3364 Robert Breuer
648 3291 1506 3369 flikte Schnitzlers heute, noch hineinfände.
