3436 4256
295 1003 380 1083 ien
222 1936 308 2031 um
221 2016 423 2089 hls Kellne
232 2133 426 2215 antworte
238 2201 481 2281 auf dem g
227 2311 420 2402 isch, das
224 2381 410 2452 in kann
221 2439 462 2513 viel — alle
225 2500 404 2577 enn ich
221 2567 390 2645 jen eine
238 2669 385 2754 was
258 2745 387 2818 darauf
269 3201 545 3290 sie und war ve
504 161 878 242 Liebelei
305 163 1011 279 5. Kusame
336 756 762 865 Agathe und Emil
598 1013 733 1091 aß Sie
548 991 595 1080 #
677 1137 731 1201 I,
1020 168 1449 272 box 11/1
1425 758 2615 838 Emil: Ich sage das, um meinen Verdacht abzulenken.
1413 835 2880 903 Agathe: Sie hatte kein Nind — zu jener Zeit kaum einen Gatten.
1301 902 2894 966 Aber sie waren nun einmal ein Paar und so gaben sie gemeinschaftlich ein
1298 974 2889 1057 Fest, so eine Art Familienfest, wie heute in diesem Hause — ja. Aber er,
1304 1022 2102 1099 der, den sie liebte, war nicht geladen.
1419 1079 2360 1150 Emil: Er gehörte eben nicht zur Familie.
1416 1135 2887 1197 Agathe: Niemand kannte ihn. Der Gatte und er hatten sich nie
1299 1197 2896 1265 gesehen. Aber meine Freundin wollte mit ihm zusammen sein, gerade in
1298 1262 2893 1318 dieser Splvesternacht — und er mit ihr; denn sie liebten einander, und da
1299 1321 2900 1398 es nun einmal ein Fest war, wollten sie es zusammen feiern. Und sie
1304 1370 1654 1448 thaten es auch.
1428 1434 1999 1502 Emil: Ja — aber wie?
1414 1491 2882 1544 Agathe: Auf die einfachste Weise von der Welt. Er wartete im
1298 1555 2883 1621 Wagen, nicht weit vom Hausthor, von Mlitternacht an, und meine Freundin
1302 1611 2895 1689 verließ das Haus, ihre Wohnung, ihre Gäste, ihren Alann, während man
1299 1655 1749 1744 tanzte, spielte, trank.
1421 1716 2310 1795 Emil: Wie? Wie konnte sie das thun?
1420 1773 2887 1843 Agathe: Wie man alles kann —: indem man es thut. Sie eilte
1292 1834 2357 1913 zu dem Wagen, in dem er wartete, und stieg ein.
1419 1899 2168 1968 Emil: Unglaublich! Und dann?
1426 1952 2887 2038 Agathe: Dann fuhren sie zusammen in den Prater. Es . .. muß
1295 2027 2888 2084 wunderschön gewesen sein. Eine Nacht etwa wie heute, Schnee, überall
1301 2090 2877 2156 Schnee und alles still vor lauter Schnee. Und unten in der großen Allee
1301 2157 2884 2219 sind sie wahrscheinlich ausgestiegen und Arm in Arm spazieren gegangen
1304 2213 2883 2276 und waren ... wahrscheinlich glücklicher, als man es auf dem großen
1300 2260 2885 2325 Bären oder sonst irgend einem Sternbild sein kann. Und eine Stunde,
1309 2331 2880 2397 nachdem sie fortgegangen, war die Frau wieder daheim unter ihren Gästen.
1418 2376 2407 2467 Emil: Ohne daß es Jemand gemerkt hätte?
1418 2448 2886 2521 Agathe: Das will ich eben nicht sagen; vielleicht war ihre Abwesenheit
2248 2503 2893 2593 aber da sie nun doch zurück¬
1308 2508 2186 2591 dem Einen oder dem Andern aufgefallen
1298 2555 1432 2629 kam
1419 2608 2396 2682 Emil: Ja — sie kam zurück. — Und doch ¬
1427 2682 2695 2749 Agathe: Es hätte schlin m ausgehen können, meinen Sie?
1419 2733 2892 2800 Emil: Ja, das mein' ich allerdings. — Wenn der Gatte der Sache
1299 2797 2257 2881 nachgeforscht — wenn er entdeckt hätte ...
1426 2861 2902 2920 Agathe: Ja — dann wäre es eben mißglückt; er hätte sie davongejagt.
1429 2915 2889 2984 Emil: Ahl was für ein Muth! Was hat Ihre Freundin nicht Alles
1313 2974 1732 3051 auf's Spiel gesetzt!
1417 3031 2712 3117 Agathe: Ja, wenn man nichts auf's Spiel setzen will ...
1421 3093 1956 3177 Emil: Schade, schade.
1414 3151 1801 3228 Agathe: Was?
1429 3210 2888 3276 Emil: Daß Ihre Freundin todt ist. Ich hätte eine solche Frau
1306 3271 2879 3329 einmal sehen mögen; ich habe nicht geglaubt, daß es solche Frauen über¬
1293 3336 2379 3424 haupt giebt. Sie sind ja Alle so bequem, so feig!
