3436 4320
403 203 736 274 Liebele
234 189 1378 309 5. 1 box 11/3
1113 846 1508 936 Telephon 12801.
362 1022 1490 1125 S MMMWTTRTERTTETSLMENN
385 1073 454 1125 82
356 1117 1493 1179 □ l. österr. behördl. konz. Unternehmen für Zeitungs-Ausschnitte
363 1158 417 1201 70
518 1175 1397 1240 Wien, I., Concordiaplatz 4.
738 1236 1172 1305 Vertretungen
386 1287 1488 1351 D in Berlin, Budapest, Chicago, Christiania, Genf, Kopen¬
390 1343 1497 1400 hagen, London, Madrid, Mailand, Minneapolis, New-Vork,
454 1374 1468 1435 Paris, Rom, San Francisco, Stockholm, St. Petersburg.
755 1421 1160 1474 (Quellenangabe ohne Gewahr)
334 1461 420 1508 2
426 1456 829 1530 Ausschnitt aus:
463 1520 1441 1626 11. APRNaue Hamburger Zeitung
352 1569 562 1639 E vom:
619 1700 1221 1782 Kunst und Wissenschaft.
461 1766 1469 1839 X. Z. Altonaer Stadttheater. Die Altonaer Theater¬
383 1799 1475 1876 Fesucher haben eine Vorliebe für möglichst ausge¬
394 1852 850 1907 dehnte Theaterabende.
859 1865 1478 1940 Das spricht für die Unge¬
387 1886 1466 1970 schwächtheit ihrer Nerven. Da wir nur Gäste in
381 1937 1481 2004 der Königstraße sind, hätten wir uns den landes¬
391 1962 1125 2032 üblichen Bräuchen schweigend zu
1169 1980 1306 2037 fügen.
1340 1993 1475 2037 Aber
386 2010 1477 2081 man wird uns das Recht zugestehen, unsere Niederlage offen
386 2067 1469 2123 auch darzutun. Auch verlangt es die Wahrhaftigkeit, daß
385 2084 1472 2147 wir bekennen: Die reizende Vorstellung der „Liebelei",
384 2126 1476 2196 die wir gestern sahen, ward erschlagen durch die Wucht des
380 2171 1478 2239 ersten Teils von „Ueber unsere Kraft“, und die Schönheiten
386 2214 1476 2278 dieser harmonischen und sorgfältigen Inszenierung fanden
379 2252 1477 2315 uns schon ein wenig zu apathisch — infolge der drei vor¬
381 2287 1471 2336 ausgegangenen Schnitzler=Akte. Wir wissen, daß es ein Ver¬
371 2342 1472 2409 lust war. Weh### sich an seinem Ehrenabend auch
370 2372 1474 2440 als Regisseur gut halten wollen. Es war ihm gelungen,
433 2407 634 2486 S
376 2477 1473 2527 in der „Liebelei“ aus dem heiteren Wirrwarr eines
382 2522 1469 2561 liebenswürdigen Amüsements die herbe Tragik zweier
374 2563 1468 2609 Menschenschicksale wachsen zu lassen. Er hatte ein wohl¬
384 2603 1461 2652 abgestimmtes Ensemble in den Damen Ferron, Kobold,
379 2642 1464 2681 Bach=Bendel und den Herren Ewald Bach, Wilhelmi und
371 2683 1471 2731 Taeger zusammengestellt und er selbst gab auch als
979 2718 1173 2776 Dadurch
383 2713 952 2771 Schauspieler sein Bestes.
1175 2720 1476 2770 ward man
374 2747 1473 2817 gezwungen, mitzuerleben und das bittere Schick¬
373 2798 1473 2863 sal dieser zwei aus dem Leben getriebenen Men¬
381 2837 1353 2893 schen in seiner erschütternden Eindringlichkeit
1376 2844 1469 2892 zu
377 2870 1474 2929 fühlen. Nun hätte man gehen sollen — oder man hätte
374 2912 1466 2969 erst kommen müssen, denn jetzt folgte Björnsons „Ueber
378 2958 1477 2995 unsere Kraft“. Darin gab Ida Bauer die Klara Sang.
377 2988 1475 3039 Das war eine Leistung, die wert war, daß man sie mit
377 3031 1474 3086 frischen Sinnen aufnahm. Ein zartes Leben löschte aus.
371 3075 1478 3112 Eine unsagbar wehmütige Innigkeit, eine wundervolle
369 3104 1473 3169 Liebe kam zu Ende. Am Bette dieser Opferbereiten stand
362 3146 1468 3200 ein kraftvoller, strahlender Sang (Eppens), an ihrer Leiche
370 3195 1479 3245 kniete ein Bratt (Wehrlin), dessen heiße Seele in ihrer
369 3240 1467 3285 tiefen, wahrhaftigen Sehnsucht erschütterte und bezwang.
376 3264 1478 3323 (Man hat Wehrlin vielleicht nie besser gesehen, als am
377 3307 1475 3361 gestrigen Abend.) Diese drei Menschen allein und mit
364 3337 1475 3400 ihnen ein einheitliches Ensemble (Frl. Ferron, Ewald Bach,
377 3380 1469 3423 Paul Bach, Chony, Sternberg, Scholz, Mylius, Gotthardt,
373 3410 1476 3480 Frau Bayer) hätten verdient, daß man ihnen einen Abend
382 3478 1478 3521 allein gegeben hätte. — Die Vorstellungen brachten Arthur
374 3500 1478 3554 Wehrlin lebhafte Auszeichnung, die durch seine un¬
368 3530 1480 3602 bestreitbaren Verdienste als Regisseur und auch als Dar¬
379 3574 927 3651 steller gerechtfertigt wurden.
2498 1095 2889 1178 Telephon 12801.
1751 1271 2884 1391 P uinte Krehng
1785 1353 2894 1443 O l. österr. behördl. konz. Unternehmen für Zeitungs-Ausschnitte
1780 1428 1839 1475 6
1922 1426 2808 1520 Wien, I., Concordiaplatz 4.
2158 1493 2583 1571 Vertretungen
1772 1507 1859 1573 4
1790 1531 2899 1617 G in Berlin, Budapest, Chicago, Christiania, Genf, Kopen¬
1753 1593 2898 1673 hagen, London, Madrid, Mailand, Minneapolis, New-Vork,
1852 1640 2888 1704 Paris, Rom, San Francisco, Stockholm, St. Petersburg.
2173 1674 2574 1736 (Quellenangabe ohne Gewähr.
1772 1733 2247 1807 Ausschnitt aus:
2356 1764 2610 1848 11.408.190
2081 1801 2931 1906 Hamburder Corresponden!
1755 1849 1999 1912 E vom:
2001 1890 2079 1946 S
1978 1988 2699 2101 Kleines Feuilleton.
2009 2113 2691 2202 Hltonaer Stadt-Cheater.
1790 2181 2975 2241 Die gestrige Benefizvorstellung für Herrn Ar¬
1730 2204 2986 2285 thur Wehrlin hat dem Spielplan dieser Bühne zwei Stücke
1728 2247 2996 2341 zugeführt, die beide anderweitig die Feuerprobe längst bestanden
1733 2296 2983 2365 und auch in Hamburg glänzende Erfolge erzielt haben. Arthur
1722 2322 2991 2397 Schnitzlers Schauspiel „Liebelei“ wurde im Thalia=Theater
1726 2364 2997 2455 aufgeführt und die Dichtung: „Ueber unsere Kraft“ von
1722 2399 2999 2503 Björnstierne Björnson ist im Deutschen Schauspielhause in Szene
1735 2448 2999 2530 gegangen. Beide Werke sind hochinteressant, das Björnsonsche
1741 2490 3007 2564 Schauspiel darf sogar als eine außerordentliche dichterische Tat be¬
1735 2553 3002 2592 zeichnet werden. Die von Herrn Wehrlin getroffene Auswahl ist
1742 2567 2991 2653 daher unbedingt zu loben. Das Publikum ist derselben Meinung
1732 2616 2995 2681 gewesen, denn es hatte sich zahlreich eingefunden. und damit zugleich
1740 2645 3008 2730 der Wertschätzung Ausdruck gegeben, deren sich Herr Wehrlin als
1740 2691 2948 2761 talentvoller Bühnenkünstler und intelligenter Regisseur erfreut.
1815 2716 3007 2800 In dem Schnitzlerschen Schauspiel „Liebelei“, worin der
1748 2757 3002 2846 Autor den Unterschied zwischen „Lieben“ und „Liebeln“ definiert,
1745 2826 3015 2886 hatte Herr Wehrlin die Rolle des flotten und gemütlichen Wie¬
1744 2844 3010 2931 ner Lebemannes Theodor Kaiser übernommen. Es pulsierte fri¬
1752 2885 3007 2973 sches, gesundes Leben in dieser Figur, zumal sie vom Sonnenglanz
1748 2928 3018 3007 echten Humors beleuchtet wurde. Dem leichtfertigen Fritz Lobheimer,
1756 2974 3023 3034 der nicht darüber ins Klare kommen kann, ob die hin und wieder in
1753 3001 3015 3077 seinem Gemüt auftauchenden edlen Regungen mit seinem Charakter
1760 3034 3024 3117 am Einklang stehen oder nicht, verlieh das treffliche Spiel des Herrn
1767 3093 3020 3164 Ewald Bach erhöhtes Interesse. Die beiden Freundinnen der jun¬
1757 3112 3021 3211 gen Herren wurden lebensvoll dargestellt. Für die sentimentale
1771 3159 3018 3234 Musikerstochter Christine fand Frl. Ferron den rechten, wir¬
1769 3198 3022 3285 kungsvollen Ton, und die leichtsinnige Modistin Mizi Schlager des
1772 3243 3024 3315 Frl. Kobold war von liebenswürdiger Munterkeit erfüllt. Herr
1762 3280 3020 3356 Wilhelmi gab den alten Musiker einfach und treuherzig. Frau
1772 3315 3023 3400 Bach=Bendel verstand es, für die kleine Rolle der Frau Binder
1775 3373 3030 3441 Interesse zu erwecken und der Repräsentant des tragischen Ver¬
1772 3403 3036 3478 hängnisses wurde von Herrn Taeger ohne Effekthascherei aber
1783 3424 3065 3519 eindrucksvoll dargesiellt. Inszenierung und Zusammenspiel waren.—
1775 3511 2041 3584 musterhaft.
