3436 4224
453 252 552 312 116
249 227 1398 327 5. —belei box 10/2
2070 281 2573 384 Prager Theater.
1791 362 2987 453 „Rechte der Seele# #on Ginseppe Giacosa. Seelische Handlung
1669 413 2982 486 ist auch Handlung, und wir sind durch ibsen schon so sehr an sie
1679 467 2965 522 gewölnt, dass wir sie im Drama neben der äusseren als vollwerthig an¬
1678 522 2980 579 erkennen — nur muss sie meisterli#n geführt sein. Glacosa wühlt und
1669 558 2980 635 wühlt, er versenkt sich in den tiefsten Schacht der seele dech plötzlich
1677 619 2980 665 ##agt ihm das Grubenlicht, und er findet ien Ausgang nicht. Es ist
1674 650 2971 735 ein schrecklicher Kampf. den eine Frau mit sch zu kämpfen hat, wenn
1664 710 2972 775 sie einem ungeliebten Mann angehört und einen anderen liebt, der, ohne
1661 748 2984 827 ihre Neigung zu kennen, sie mit der seinigen bestürmt. Wiederholt hat
1837 837 3132 919 dieser unglücklich lievende Mann dem Weide die ganze #### sen“..
1828 898 3125 967 Leidenschaft offenbart, doch masste er immer wieder erfahren, dass die
1822 955 3136 1017 von ihm Angebetete ihren Gatten liebe; das Pflichtbewusstsein hatte
1832 1014 3132 1067 dem Weibe stets diese Antwort dictirt. In seiner Verzweiflung hatte
1836 1048 3141 1119 darauf der riebende seinem Leben selbst ein Ende gemacht. Der Gatte
1828 1105 3141 1152 der unglücklichen Frau, der bis dahin von ihrem Verhältnisse zu dem
1828 1165 3134 1219 Selbstmörder nichts gemerkt, erhält durch einige Briefe, die er im
1827 1211 3130 1258 Nachlasse des durch eigene Hand gefallenen Freundes vorfindet, plötzlich
1823 1252 3134 1310 Nachricht davon. Er stellt die Frau zur Rede, doch es wird ihm von
1832 1294 3135 1349 ihr bedeutet, dass sie ihre Pflicht stets gekannt habe und dass er diese
1825 1357 3144 1419 Frage nicht mehr berühren solle. Der Mann aber, der seine Gattin
1840 1388 3142 1439 leidenschaftlich nebt, fragt wieder, und nun bricht die Katastrophe
1837 1441 3135 1510 herein; die Gattin erklärt ihm, dass sie niemals eine Neigung zu ihm
1837 1501 3133 1554 gehegt, dass sie stets den Anderen im Herzen grtragen habe und dass
1835 1544 3136 1595 sie auch den Todten noch liebe; es sei ihr eine Wonne, ihm all' dies zu
1846 1581 3146 1642 sagen, und sie verlasse mit Freuden sein Haus, um niemals wieder¬
1844 1628 3140 1693 zukehren. Offenbar hat Giacosa für sein einactiges Drama einen wirk¬
1846 1673 3146 1740 samen Schluss gebraucht und darum so kräftige, wenn auch unvermittelte
1833 1740 3146 1786 Accente verwendet. Wo ist denn die Ursache der teuflischen Freude,
1841 1772 3136 1828 mit der das Weib seinem liebevollen Gatten eine so furchtbar tiefe
1840 1816 3137 1876 Wunde schlügt? Ist’s etwa die allzu grosse Vertrauensseligkeit des
1848 1891 3138 1930 schwachen Mannes, der die Herzensregungen seiner Gattin zu spät ent¬
1843 1922 3148 1979 deckt? — Die Argumentation fehlt, das Drama bleibt ein Torso, ein
1840 1978 3148 2024 Rumpf, mit dem nichts anzufangen ist, ein verunglückter Versuch. Und
1836 2009 3149 2067 von dem Bedenken gegen die dramatisehe Technik abgesehen, wie
1840 2067 3150 2134 jämmerlich sind beide Charaktere! Das Weib, das verkörperte egoistische
1840 2118 3143 2173 Princip, die Gefühllosigkeit in persona, der Menn ein elender Schwächling,
1849 2155 3156 2222 der gerade im Augenblicke, da ihm die ehelich angetraute Frau den
1844 2209 3146 2276 Seelenfrieden roh zerstört, auf den Knien um ihre Gunst bettelt — wo
1842 2276 3151 2313 bleiben da die Rechte der Seele? In Fr. Johanna Buska hatte das Stück
1846 2296 3144 2362 eine kräftige Stütze; die Darstellerin wusste der Heldin so viel Würde und
1838 2345 3153 2410 Seelenadel zu verleihen, dass die Hörer über den Mangel an einheitlichem
1848 2395 3140 2451 Wesen dieser Gestalt hinweggetäuscht wurden. Auch die Leidenschaftlich¬
1841 2454 3152 2507 keit der letzten Scene brachte die Künstlerin völlig zur Geltung. Eine
1841 2492 3148 2552 undankbarere Rolle war Herrn Kirch zugefallen, aber er spielte den
1842 2550 2873 2602 unmännlichen Gatten doch so wirkungsvoll wie möglich.
1952 2577 3152 2647 Eine völlig andersgeartete Sphäre ist es, in der sich das Arthur
1843 2639 3141 2697 Schnitzler’sche Drama „Liebelei“ bewegt. Ein leichtsinniger, lebens¬
1841 2685 3156 2749 freudiger und ein mehr schwärmerisch beanlagter junger Mann sind
1844 2729 3150 2793 unzertrennliche Freunde. Jener warnt diesen oft, sich nicht von einem
1843 2772 3160 2834 Weibe bestricken zu lassen, sondern mit mehreren sein Spiel zu treiben,
1843 2825 3156 2887 was niemals so verhängnissvoll werden könne. Indess hat eine junge Frau¬
1844 2876 3152 2914 des empfänglichen jungen Mannes Herz erobert und hält es in ihrem
1854 2913 3156 2975 Banne. Der Freund sucht ihm, um ihn zu zerstreuen und von dieser
1853 2960 3158 3033 Leidenschaft zu befreien, andere Damengesellschaft und nähert ihn einem
1850 3032 3156 3078 jungen, hübschen, unschuldsvolien Mädchen, das sich unbewasst in Gesell¬
1859 3058 3154 3128 schaft eines lockeren, leichtfertigen, weiblichen Wesens befindet. Hier
1843 3117 3155 3182 hätte nun eine lichtvollere Lebensfortsetzung erfolgen können, nicht nur
1858 3153 3150 3215 von Seiten des schwermüthigen jungen Mannes, der sogleich an dem
1850 3198 3161 3267 Mädchen Wohlgefallen findet, sondern auch von Seiten des Mädchens,
1847 3250 3145 3308 das als Tochter eines armen, biederen Musikers bisher jede Freude ent¬
1860 3296 3163 3360 behrt und nun in dem warmen Gefühle der Liebe alle Wünsche und
1859 3358 3147 3408 Sehnsuchten erfüllt findet. Während die beiden leichtsinnigen Naturen
1851 3394 3149 3462 scherzen und tändeln, finden sich die beiden anderen zu halbernstem
1860 3437 3160 3501 Gespräche zusammen. Doch der Glücksfaden, der kaum gesponnen worden,
1859 3486 3159 3566 reisst mitten entzwei; der Gatte der jungen Frau nimmt an dem Räuber
1861 3539 3161 3598 seiner Ehre Rache und tödtet ihn im Zweikampfe. Dem armen, guten
1855 3585 3150 3662 Geschöpfe bleibt nicht einmal der Trost, dass sein Geliebter um seinet¬
1857 3632 3157 3692 willen aus dem Leben geschieden; in ihrer Verzweiflung entflieht sie aus
1854 3680 3166 3755 dem Vaterhause und gibt sich selbst den Tod. — In diesem Werke athmet
1861 3732 3151 3795 Alles echtes, blutdurchströmtes Leben: der brave, herzadelige Musiker, der
1851 3777 3154 3854 seinem Kinde nicht nachspüren will, um ihm nicht durch Vergällen des
1848 3826 3149 3893 Lebensfrühlings die Herbheit des Lebensherbstes empfindlicher zu machen,
1863 3871 3160 3942 seine engelsreine, unschuldssüsse Tochter und nicht minder die übrigen
1863 3919 3152 3987 Gestalten. Dabei Humor und Ernst so prächtig harmonisch vereinigt!
1848 3977 3156 4036 Kurz, der Wiener Dichter hat hier ein vortreffliches Werk geschaffen.
1858 4015 3152 4077 Und wie vortrefflich war auch die Aufführung! Herr Tauber gab dem
1851 4065 3152 4128 jugendlichen, leichtsinnigen Lebemanne in allen Theilen seiner Dar¬
1852 4111 3160 4190 stellung die entsprechende Färbung und Frl. Moller zeichnete das
2980 4162 3152 4202 der den
3230 3770 3280 3834 1
3166 3962 3286 4023 abe
3171 4005 3266 4078 (80
3180 4065 3271 4116 die
3176 4107 3282 4174 Schi
3174 4150 3289 4200 Bei
