3436 4256
970 207 1395 313 box 12/1
264 215 795 314 5. Liebelei
444 266 825 330 un an       1
1372 1055 1770 1152 Telephon 12.801.
823 1205 1569 1308 „ODSENVEN
664 1287 1766 1365 1. österr. beh. konz. Unternehmen für Zeitungs¬
868 1334 1553 1399 Ausschnitte und Bibliographie.
834 1377 1611 1465 Wien, I., Concordiaplatz 4.
1059 1457 1388 1524 Vertretungen
652 1505 1758 1567 in Berlin, Brüssel, Budapest, Chicago, Cleveland, Christiania,
683 1556 1772 1601 Jenf, Kopenhagen, London, Madrid, Mailand, Minneapolls,
669 1592 1756 1648 New-Vork, Paris, Rom, San Francisco, Stockholm, St. Peters¬
1062 1627 1368 1684 burg, doronto.
1005 1656 1410 1730 (Oüslienangabe ohne Gewähr.)
668 1713 1094 1796 Arsschnitt aus:
1059 1789 1748 1903 GERMANIA BERLIN
658 1826 1191 1935 vom: 22Uhn D.1
1846 1957 2967 2041 was nach übler ist — eine Reihe von Zwischenspielen und
885 1994 1596 2096 Theater und Konzerte.
1849 2030 2978 2094 musikalischen Weitschweifigkeiten, in denen der Komponist
1357 2073 1762 2134 Berlin, 21. Japuar.
1841 2077 2958 2135 sich endlich einmal so recht aussprechen möchte, um aber in
726 2096 1802 2164 Komische Oper. „Liebelei“. Oper in drei Akten
1842 2126 2965 2170 dem bescheidenen kleinbürgerlichen Milieu nicht anders als
683 2164 1803 2228 von Franz Neumann. Dichtung von Arthur Schnitzler.
1834 2163 2958 2225 allzu anspruchsvoll und ermüdend zu wirken. Diese
689 2198 1298 2266 Erstaufführung am 20. Januar.
1835 2207 2960 2260 musikalische Liebelei wird der gesprochenen keinen Abtrag
723 2238 1810 2297 Was sich Strauß, Puccini und andere leisten, kann sich
1840 2248 2967 2301 tun. Das Schauspiel bleibt zudem immer in dem einmal
682 2295 1809 2332 auch Herr Franz Neumann, seines Zeichens Opernkapell¬
1839 2289 2972 2354 festgesetzten Nahmen. Die sogenannte Oper aber gibt der
680 2332 1809 2394 meister in Frankfurt a. M., leisten, nämlich die Vertonung
1843 2332 2964 2395 Enttäuschung des wienerischen kleinen süßen Mädels eine
683 2372 1804 2440 eines Schauspiels, dessen erfolgreiche Bühnenqualitäten
1832 2382 2953 2433 bombastisch oröhnende Umkleidung und Ausdeutung, um die
678 2421 1797 2481 längst festgestellt worden sind. Da ist es ja bekanntlich auch
1794 2400 2954 2482 irgend ein schauerliches menschenmordendes Würger¬
683 2459 1806 2516 gan gleichgiltig, ob das Stück irgendwelche Berührungs¬
1842 2459 2965 2522 drama es beneiden könnte. Man stelle sich Christinens, des
677 2509 1804 2569 punkte mit der Musik aufweist oder nicht. Man nimmt
1828 2506 2966 2560 über die kleinen bürgerlichen Verhältnisse nur schüchtern
680 2535 1798 2611 als moderner Alleskönner eben so ein Schauspiel wie es ist
1838 2558 2956 2612 hinweg blickenden Musikantentöchterchens tiefinnerliche Ent¬
671 2596 1807 2651 und setzt sich über ästhetische Bedenken mit kühnem Schwung
1824 2598 2962 2650 täuschung vor in Begleitung von berstenden, massigen
677 2633 1811 2697 hinweg. Und nachdem man der musikalischen Kunst den
1829 2639 2958 2709 Orchesterwogen, die der rasenden Elektra auch nicht schlecht
671 2679 1797 2735 brutalen Nasenstüber versetzt hat, liebkost man die lang¬
1824 2688 2955 2745 zur Seite gestanden hätten. Zu dem ersten Irrtum,
672 2726 1685 2780 mütige Dame wieder mit dem Worte „Oper“,
1837 2733 2945 2796 ein Schauspiel wie es steht und geht in die Opernform
682 2762 1257 2823 Titel für den Unsinn,
1288 2771 1803 2826 den das komponierte
1829 2772 2954 2838 hineinzupressen, noch dieser zweite des Geschmacks! Somit
666 2801 1806 2872 Konversationsstück darstellt. Es soll nicht abgestritten werden,
1837 2814 2954 2877 verbleiben nur noch als befriedigende Erinnerungen an
676 2854 1805 2915 daß uns aus dem Schauspiel schon sehr nützliche Opern er¬
1837 2855 2952 2920 diesen nicht sehr kurzweiligen Premiérenabend gelegentlich
676 2900 1797 2958 wachsen sind. In diesen Fällen aber wurzelten stets in dem
1833 2910 2945 2951 angenehm empfundene Kantilenen à la Puccini und eine
678 2939 1794 3000 Wortdrama die Grundbedingungen für eine musikalische Be¬
1836 2950 2944 2994 interessante Orchestrierung. Sonst ist für das Gewinnkonto
679 2984 1802 3025 lebung, lagen die Konflikte in der für die Komposition
1833 2993 2652 3041 der musikalischen Kunst nichts zu vermerken.
679 3024 1807 3076 nötigen Prägnanz vor und wurden von der Musik noch zu
1859 3040 2945 3101 Als Christine übertrieb Maria Labia gehörig. Das
665 3063 1801 3119 höheren Wirkungen hinaufgeführt als im gesprochenen
1822 3072 2943 3132 war denn doch zuviel Dramatik für ein einfaches Bürger¬
665 3111 1796 3181 Original selbst. Doch nur vereinzelt erwiesen sich die dem
1828 3123 2945 3183 mädchen. Diese raubtierähnlichen Stellungen, dieser
664 3167 1804 3216 Schauspiel entnommenen Opern als Treffer. Es läßt sich
1827 3163 2937 3216 Basiliskenblick und was die sonst sehr geschätzte Sing=Schau¬
669 3202 1801 3268 eben nicht alles komponieren. Gerade das ungezwungenste
1825 3213 2941 3271 spielerin noch alles ins Treffen führte, das war gut für
672 3242 1805 3288 Gespräch wird originalgetreu in Musik gesetzt gezwungen
1823 3253 2941 3313 eine Toska, nicht für ein so junges Dummerchen, daß die
665 3287 1792 3340 wirken. Für den Operntert bleiben immer gewisse Voraus¬
1824 3287 2938 3351 Enttäuschung der ersten Liebe nicht verwinden kann. Recht
668 3329 1800 3387 setzungen und Bedingungen bestehen, deren Nichtbeachtung
1828 3337 2934 3398 gut und stimmlich genußreicher denn je war Herr
666 3377 1345 3437 das musikalische Fiasko herbeiführt.
1825 3382 2946 3457 Nadolovitsch. An der sonst noch tüchtigen Darstellung
712 3411 1795 3481 Schnitzlers Schauspiel verlangt nicht nach Musik. Es
1817 3425 2939 3487 beteiligten sich sehr erfolgreich die Damen Bachrich,
666 3463 1789 3528 birgt zudem eine intime Tragik, die musikalisch ohne Buch¬
1813 3462 2940 3519 Seebold, sowie die Herren Wissiak, Zador und
1818 3508 2937 3551 Armster. Das Orchester unter Rezniceks Leitung leistete
668 3505 1789 3559 bearbeitung nicht zu erfüllen ist. Die kurzen Sätze der
1818 3544 2937 3616 Vorzügliches. Das Publikum zeigte sich über alle Maßen
668 3557 1787 3606 Konversation geben keine Gelegenheit zu einer musikalischen
670 3595 1795 3657 Ausbreitung. Dieser Umstand verursacht einen großen
1825 3589 2942 3643 beifallsfreudig, selbst nach den langweiligen Akten. Dar¬
669 3638 1797 3705 Reichtum an unbefriedigenden Phrasen im Orchester, auf
1813 3638 2930 3706 steller und Komponist, wie auch Direktor Gregor konnten
672 3679 2183 3739 denen die Stimmen parlandoartig umherstelzen, und — 1 sich oft verneigen.
2509 3684 2909 3744 Edmund Kühn.
