3484 4256
472 120 815 200 iebelei
902 130 1402 223 box 12/7
274 119 832 250 5. Lanand
1343 702 1650 790 Dienstag
1630 734 1933 837 —
1336 817 3361 875 Riga Riga bleibt: auch Pernau hat seine Reize. kam die Hauptsache, also der Tanz. Zuerst ein
1349 873 3349 948 Dachmittag kann man am Strand liegen und sich Walzer, dann ein Nationaltanz nach dem andern.
1340 912 3363 982 langsam bräunen lassen, und abends kommt die Aber, o Wunder, zwischen den Pernauern sah man
1339 967 1690 1036 hohe Literatur.
2339 970 3360 1043 auch hin und wieder schon einen Feldgrauen den
1439 1013 3365 1092 Also, Schnitzler. Ich muß schon sagen, daß Reigen mitspringen. Und man vertrug sich sehr
1340 1034 3360 1148 ich staunte, als ich das Plakat sah. Es verhieß gut dabei. Dabei war mancher von den ein¬
1336 1102 3349 1182 noch mehr Genüsse: Poste d'amour, Confetti und heimischen Tänzern in einem Anzug, der im
1338 1140 3349 1228 Tanz. Die Komhination wirkte um so verlockender. Schnitt und im Stoff die ehemalige russische Uniforn
1343 1210 3341 1280 Hier zulande gehört es leider jetzt zum guten nicht verleugnete, neben dem schwarz=weißen
1352 1254 3337 1316 Ton, daß man erst während der Vorstellung ins Bande des Eisernen Kreuzes sah man das
1349 1284 3339 1347 Theater kommt. Um 8 Uhr sollte hier das Spiel Schwarz=Orange der russischen Georgskreuzes, und
1352 1336 3262 1397 von den süßen Mädeln beginnen. Also ging ich von den Tänzerinnen trugen einige nur halbla
1345 1398 3333 1448 um ½9 Uhr. Natürlich sing die Vorstellung erst Haare. Das waren Angehörige der russischen
1340 1444 3326 1514 um 9 Uhr an. Das Klingelzeichen nahm die Todesbataillone gewesen. Ich stellte abepefest, daß
1346 1483 3338 1558 estnische Jugend, die vor dem Saale promenierte, ihnen das Leben allem Ansthein nach noch besser
1352 1528 2494 1600 nicht weiter tragisch. Ein kräftiges Volk. Die gefiel.
1359 1567 2379 1640 Esten sind als Ringer bekannt. Blond bis zum
1355 1622 2248 1684 Weißblond, blanäugig, dabei aber mit e
1344 1651 2342 1733 hevvorstehenden Backenknochen, die Sprache gans
1354 1711 2374 1800 frembartig, hart schwirrend, im Aufbau ganz
1361 1750 1674 1838 unverständlich.
1441 1803 2369 1872 Ich glaube, es kommt immer auf die Dar¬
1342 1854 1512 1925 steller
1580 1850 2358 1925 Jedenfalls konnte der Jüngling, der
1455 1903 2348 1973 Fritz agierte, nicht von ferne die Erinnerung
1581 1949 2339 2002 jungen Wiener Lebemann wecken.
1654 1999 2292 2062 wenigstens einen gutsitzenden R
1866 2038 2244 2106 trückhaltung. Aber
2275 1956 2345 2142 1
1897 2087 2262 2153 sicher die Rolle
488 2096 1054 2243 Neues 8 Uhr Biatz,
1981 2126 2311 2199 sie mit viel Ge
1346 2115 1666 2202 finstern Zarn
1355 2181 1696 2245 schick, nahm die
2124 2176 2332 2246 an dem er
665 2175 860 2285 Wien.
1358 2226 1766 2285 Spielen markieren
2195 2223 2348 2292 Helfer
364 2213 687 2338 1100815/3
1370 2274 1786 2339 hinter den Kulissen
2243 2275 2365 2345 9ab
1368 2320 1879 2390 ich aus, wie die Unschuld
2258 2321 2378 2392 her
1360 2372 2003 2436 blöde Jüngling, der plötzlich in
1498 2416 1656 2471 der Ri
1796 2412 2120 2475 gestellt ist und
1370 2460 1460 2518 legen
1815 2451 2355 2532 en Füße stolpert. Christine
980 2417 1144 2550 1
1954 2506 2347 2582 sie war die einzige,
1349 2507 1405 2608 5
1979 2551 2345 2622 wenn man gans
1980 2604 2368 2666 sogar etwas wie
346 2576 1356 2692 Schnitzlers „Liebelei“ in Estland.
1962 2646 2092 2714 nistent
1839 2643 1974 2714 m schö
2165 2644 2353 2715 aber der
782 2668 1372 2759 Pernau, zu Pfingsten.
1923 2698 2109 2758 der gebe
2115 2695 2357 2760 r#e Ring¬
641 2712 756 2791 #
888 2728 1011 2790 ist
1000 2724 1396 2798 estnisch. Zul
1905 2743 1968 2797 en
2130 2732 2362 2816 Fritz sehr
1965 2739 2062 2808 gute
755 2779 1396 2845 eit, Mithin also von Artür b
2148 2787 2330 2853 hempor¬
885 2819 1401 2905 ingstsonntagsvorstellung ge
1990 2833 2093 2898 nicht
2098 2833 2214 2902 das
1141 2875 1405 2953 Auch ein o
1986 2884 2045 2937 er
2052 2882 2205 2941 auf.
1227 2920 1427 2993 vor¬ Er
2130 2931 2253 2991 Fröhli
1272 2964 1453 3027 iga Geld
1978 2965 2229 3042 .Dem behau
1305 3004 1474 3079 n werte
1930 3018 2340 3092 iß des Stückes zu¬
1300 3065 1512 3130 ie sammen
1931 3059 2348 3144 gens nicht anders,
1318 3111 1531 3183 t obwöhl
1907 3112 2190 3178 erhient hätte.
1382 3153 1584 3218 Aber
1874 3141 2352 3223 ierte schön zu lange, die
1326 3199 1641 3270 Jugend wollt
1858 3203 2207 3274 die Peste diamon
2251 3209 2352 3268 fing
1282 3249 2343 3304 un schon in der ersten Pause an. Männigisch bekam
956 3296 2341 3351 hauf der flinken einen Zett mit einer Nummer angestect und
898 3348 2349 3405 ahrt selbst jede Feld¬ flniste. Jungen ställten als Baten die richtige Ver¬
756 3389 2337 3453 tug, und die hieß doch schon hindung her. Ich habe mein Brieschen bekommen:
435 3435 2357 3508 Frasends Kurländer“. Ich habe mich schnell ich habe aber keines geschrieben. Mit dem Konfettt
470 3484 2363 3561 meinem Schicksal ausgesöhnt, denn obzwar begann man in der zweiten Pause. Und dann
