3436 4224
499 167 643 236 ieb
274 159 895 268 5. L.Gelei
921 153 1405 256 box 10/3
1984 52 2110 108 AN
1658 82 1927 141 ien sie wie
1949 82 3098 144 unterdrücken. Wir nach ihm Lebenden aber müssen ihm, der 19
1660 125 1928 182 1. Wenn er
1937 134 3096 186 viele Herzen mit seiner göttlichen Muse erquickt hat und noch
1666 165 1933 237 so wäre sie
1936 189 3107 228 immer erquicken wird, unsere Teilnahme zuwenden und beklagen,
1938 218 3107 269 daß er selbst nicht bei Lebzeiten ein treues Herz gefunden hat, in
1943 267 3102 330 dem auch außer seiner unsterblichen Musik etwas für ihn Wider¬
1656 264 1929 327 ell zu Ihrer
1936 307 2348 383 hall fand: seine Liebe.
1660 315 1930 380 pf im Laufe.
1659 409 1812 475 aheit:
2047 395 3011 497 Kunst und Wissenschaft.
2001 463 3097 534 H. P. Deutsches Theater. Heinrich von Kleists
1712 504 1933 571 hat keines
1953 527 3105 583 „Zerbrochener Krug“ gehört zu jenen Schätzen der
1705 556 1925 625 glichen sie
1938 581 3106 625 Litteratur, zu denen man uns bereits in der Schule, als zu
1947 608 3109 663 dramatischen Musterwerken bewundernd emporzublicken lehrte; und
1942 647 3113 707 wenn wir, ins Leben hinausgetreten, die Schulgelehrtheit auch oft
1942 693 3120 748 als krasse Verkehrtheit erkennen lernen, in Bezug auf den
1822 700 1924 765 durch¬
1952 722 3107 799 „zerbrochenen Krug“ stimmen wir freudig mit dem in der Schule
1948 778 3103 848 gelehrten überein. Als ob wir eine Novität vor uns hätten, so frisch,
1664 786 1938 858 nges Weib,
1958 823 3109 888 so natürlich, so modern mutete uns das Lustspiel gestern an, und
1678 846 1936 912 Jungen an
2037 877 3103 931 begriffen es, wenn gewisse Kreise den leider so
1949 882 2039 932 wir
1665 895 1938 966 je etwas leer
1962 909 3119 975 früh dahingeschiedenen Kleist für den genialsten deutschen
1963 958 3118 1016 Dramatiker betrachtet wissen wollen. Freilich war“ auch die
1951 985 3124 1063 Darstellung aller Rollen eine ganz ausgezeichnete. Vor allen bot
1679 1009 1837 1094 ebe.
1957 1050 3121 1101 Herr Hermann Müller als Dorfrichter Adam ein bewun¬
1953 1086 3113 1150 dernwertes Kabinettstück drastischer Komik. Die Angst vor dem
1947 1144 3138 1184 gestrengen Herrn Gerichtsrat Walter, den Herr Reinhardt
1670 1114 1946 1192 ick verboten.)
1949 1180 3126 1224 zwar sehr verständig, aber doch in zu wenig vornehmer Erschei¬
1668 1185 1947 1236 Inkünstlers so
1950 1214 3121 1265 nung gab, die Versuche auf Evchen, die in den Händen des Frl.
1672 1224 1942 1279 huberts. Er,
1962 1262 3131 1312 Staglé gut aufgehoben war, bald durch Schmeicheleien, bald
1685 1266 1938 1328 itsche Nation
1959 1309 3124 1356 durch Einschüchterungen im Sinne einer für ihn günstigen Aus¬
1687 1305 1947 1371 ikt, hatte bei
1954 1337 3127 1404 sage einzuwirken, das bald aufbrausende, bald demütig schmeich¬
1691 1354 1946 1414 und noch bei
1950 1394 3129 1441 lerische Benehmen gegen die Marthe, kamen in köstlichster, fein
1672 1394 1942 1457 ng geworden,
1953 1436 3131 1488 pointierter und sorgsam der Situation angepaßter Darstellung zum
1667 1440 1946 1502 chgeholt, was
1962 1481 3125 1540 Ausdruck. Außerordentlich diskret, den listigen Schleicher, als
1673 1487 1944 1558 sache bestehen,
1964 1513 3124 1582 den Kleist den Schreiber Licht uns vorführt, trefflich
1677 1530 1805 1585 eilte.
1954 1560 3122 1623 charakterisierend gab Herr Hans Fischer diese spröde,
1676 1570 1947 1631 ich in allen
1958 1607 3125 1656 leicht widerwärtig wirkende Figur, schlicht und na¬
1716 1614 1947 1675 so manche
1957 1657 3124 1714 türlich Herr Biensfeld den Ruprecht und mit derber
1693 1659 1943 1716 ohne Murren
1958 1698 3125 1752 Herbheit. Marie Meyer, die so starr auf ihrem Recht bestehende
1690 1704 1946 1762 efes Mitleid
1958 1733 3127 1788 Frau Marthe. — Einen auf einem ganz andern Gebiete künst¬
1697 1743 1940 1807 ten Herzens¬
1959 1768 3130 1839 lerischen Schaffens liegenden, aber nicht minder wertvollen Genuß
1700 1791 1947 1849 ih auf sein
1960 1823 3134 1877 bereitete uns die Aufführung des Schnitzlerschen dreiaktigen Schau¬
1691 1830 1947 1901 #ang. Von
1955 1877 3119 1938 spiels „Liebelei“. Sein Schauspiel „Liebelei“ bedeutet einen Schuß
1702 1874 1946 1937 t, mochte es
1970 1907 3125 1971 ins Schwarze und beweist, daß in dem jungen Autor ein wirklicher
1703 1920 1947 1981 wo er be¬
1959 1966 3135 2037 Dichter steckt, von dem wir noch manches Gute erwarten
1702 1965 1954 2025 Hinneigung
1963 2005 3134 2061 dürfen. In einer gewaltig beredten Sprache, uns eine Reihe
1708 2003 1956 2066 nach genährt
1953 2044 3124 2106 mächtig packender, jede Fieber in uns erregende Scenen vor¬
1696 2050 1946 2121 ge Komtesse
1965 2088 3132 2150 führend, predigt er den jungen Lebemännern, die in unersätt¬
1962 2132 3123 2189 licher Genußsucht von Mädchenblume zu Mädchenblume flattern,
1704 2119 1948 2195 lung an den
1961 2176 3124 2231 von gar mancher lieblichen Knospe den Blütenstaub der Keuschheit
1704 2182 1949 2244 usikliebhaber
1968 2219 3130 2275 küssen: Haltet ein, mit Eurem frevlen Treiben; die meisten freilich,
1712 2227 1947 2287 Stellung in
1955 2262 3127 2323 die sich Euch ergeben, sind nicht besser, wie Ihr selbst, genußsüchtig,
1713 2272 1953 2335 z seiner Ab¬
1960 2322 3119 2362 leichtsinnig, ohne Herz, sie würden Euch nur verlachen, wolltet Ihr
1730 2313 1951 2373 sich doch zu
1965 2348 3139 2404 ihnen mit ehrbaren, keuschen Gefühlen nahen; aber es giebt auch
1718 2355 1951 2420 cher stellte,
1968 2387 3132 2458 noch unter den scheinbar so leichtsinnigen Geschöpfen einige, zu
1740 2399 1952 2467 genannten
1968 2440 3132 2501 schade, daß Ihr herzlos ihr Lebensglück zertrümmern dürftet, so
1790 2448 1945 2502 Ungarn
1962 2492 3128 2535 edel, so voll Liebe zu Euch, daß Ihr in Euren Kreisen keinen Ersatz
1710 2487 1949 2547 ische Sinn,
1973 2520 3126 2585 finden werdet, für das, was Ihr grausam von Euch stoßet!
1760 2533 1946 2590 zu einem
1962 2568 3135 2626 Christine Weiring ist die Tochter eines Musikanten, der sich an
1721 2571 1955 2643 interweisung
1960 2619 3123 2674 einem Wiener Vorstadttheater schlicht und recht sein Brot
1742 2620 1949 2677 elfjährigen
1970 2649 3129 2714 verdient, durch ihre Freundin Mizi Schlager, die sich wohl
1718 2662 1956 2730 Handhabung
1973 2705 3140 2759 Modistin nennt, aber zu jenen gehört, die nicht sterben
1714 2710 1954 2765 fast täglich
1962 2737 3131 2796 wenn sie lieben, nein, die von der Liebe leben, macht sie die Bekannt¬
1711 2746 1948 2807 Gesangs¬
1960 2806 3134 2848 schaft eines jungen reichen Mannes, der sich auch seltsam zu dem
1709 2795 1954 2852 n und die
1975 2825 3126 2883 bescheidenen, träumerischen jungen Wesen hingezogen fühlt. Wer
1740 2836 1949 2902 auch noch
1964 2878 3130 2932 weiß, ob die Liebe Christinens dem jungen Fritz Lobheimer nicht
1739 2869 1951 2936 Schönstein,
1969 2918 3125 2978 dem leichtsinnigen Leben des Genusses zu entreißen fähig wäre,
1725 2913 1948 2984 kuartett bei¬
1966 2966 3136 3021 wenn ihn nicht allzu starke Bande an die „große“ Welt fesselten,
1733 2969 1953 3031 geschrieben,
1967 3016 3125 3060 die Liebe zu einem weiblichen Dämon, der ihn festhält, so oft er
1725 3007 1953 3075 äre. Alles
1963 3055 3125 3107 auch zu entfliehen versucht. So fliegt der junge Mann aus den
1723 3054 1952 3118 gen Meister
1969 3088 3134 3141 Armen der Ehebrecherin an den keuschen Busen Christinens, dieser
1966 3135 3128 3192 die Hoffnung, auf ein künftiges Glück vorgankelnd, dessen sie doch
1726 3129 1970 3209 hwingen ge¬
1978 3185 3135 3239 nie teilhaftig werden soll, bis eines Tages das Ver¬
1742 3190 1957 3239 eine tiefe
1975 3226 3133 3272 hängnis der „Liebelei“ ein jähes Ende bereiten soll. Der
1738 3228 1963 3286 entwickelten
1974 3264 3132 3324 betrogene Gatte kommt nämlich hinter die Schliche seines Weibes,
1720 3268 1965 3336 ige gefesselt
1975 3311 3130 3370 zieht Fritz zur Rechenschaft und tötet ihn im Duell. Meisterhaft
1728 3318 1955 3372 as Herz so
1976 3354 3126 3414 ist der Kampf zwischen Furcht und Hoffnung in Christine, ob die
1726 3355 1952 3423 ünstler auch
1963 3395 3126 3448 Liebe Fritzens auch recht und edel sei, geschildert, meisterhaft das
1758 3405 1938 3461 auf die
1973 3438 3133 3499 Aufdämmern der schrecklichen Ahnung, meisterhaft die Verzweiflung
1717 3445 1883 3505 Nein,
1968 3485 3137 3537 der Armen, die erkennt, daß sie dem Gefallenen doch auch nur
1741 3486 1959 3549 sie waren
1974 3526 3135 3587 eine Geliebte, unter vielen, nicht die einzige war. Nicht minder
1732 3532 1958 3586 gen durfte
1977 3568 3135 3621 trefflich ist der Charakter des Schwächlings Fritz gezeichnet, den seine
1723 3576 1960 3636 aze Reihe
1978 3617 3133 3672 Umgebung, die leichtsinnige Lebensauffässung seiner Freunde, das
1736 3619 1961 3679 vierhändige
1972 3659 3132 3704 Beispiel, das er überall um sich sieht, zu dem Roné machten, der
1730 3664 1963 3724 nier spielte.
1977 3715 3127 3760 er ist, und dem man doch nicht gram sein kann, da in ihm
1734 3708 1960 3766 vermochte,
1968 3734 3130 3797 doch ein besserer Kern steckt. Was uns an dem Stück aber außer der
1741 3755 1958 3811 zu ihr eine
1971 3787 3129 3853 hochsittlichen Tendenz, der dramatischen Wirkung und dem
1781 3796 1955 3853 darlegen
1743 3842 3140 3904 stande ge= gesunden Naturalismus besonders gefällt, ist, daß alle Charakteure
