<?xml version="1.0" encoding="UTF-8" standalone="yes"?>
<PcGts xmlns="http://schema.primaresearch.org/PAGE/gts/pagecontent/2013-07-15" xmlns:xsi="http://www.w3.org/2001/XMLSchema-instance" xsi:schemaLocation="http://schema.primaresearch.org/PAGE/gts/pagecontent/2013-07-15 http://schema.primaresearch.org/PAGE/gts/pagecontent/2013-07-15/pagecontent.xsd">
    <Metadata>
        <Creator>prov=University of Rostock/Institute of Mathematics/CITlab/Gundram Leifert/gundram.leifert@uni-rostock.de:name=ONB_Newseye_GT_M1+(htr_id=10810)::::v=2.4.2
prov=University of Rostock/Institute of Mathematics/CITlab/Tobias Gruening/tobias.gruening@uni-rostock.de:name=de.uros.citlab.module.baseline2polygon.B2PSeamMultiOriented:v=2.4.2
prov=University of Rostock/Institute of Mathematics/CITlab/Tobias Gruening/tobias.gruening@uni-rostock.de:name=/mnt/transkribus/LA/DEA/URO/LA_news_onb_att.pb:de.uros.citlab.segmentation.CITlab_LA_ML:v=2.4.2
Transkribus</Creator>
        <Created>2019-10-07T12:03:55.588+02:00</Created>
        <LastChange>2019-10-09T19:34:41.224+02:00</LastChange>
        <TranskribusMetadata docId="223992" pageId="9510004" pageNr="1811" tsid="16684858" status="IN_PROGRESS" userId="40391" imgUrl="https://files.transkribus.eu/Get?id=HVJGHNNXCXOONNDHPNPOIVRT&amp;fileType=view" xmlUrl="https://files.transkribus.eu/Get?id=BYDIKLMHBNFTAWHXHXKXBMAL" imageId="6198706"/>
    </Metadata>
    <Page imageFilename="223992_1811.jpeg" imageWidth="3344" imageHeight="4224">
        <ReadingOrder>
            <OrderedGroup id="ro_1711446480471" caption="Regions reading order">
                <RegionRefIndexed index="0" regionRef="r1"/>
                <RegionRefIndexed index="1" regionRef="r2"/>
            </OrderedGroup>
        </ReadingOrder>
        <TextRegion orientation="0.0" id="r1" custom="readingOrder {index:0;}">
            <Coords points="300,143 300,203 712,203 712,143"/>
            <TextLine id="r1l1" custom="readingOrder {index:0;}">
                <Coords points="292,165 389,179 402,169 690,179 690,112 675,106 612,123 587,109 522,111 494,133 466,110 423,129 373,106 292,107"/>
                <Baseline points="302,163 327,164 352,164 377,164 403,164 428,164 453,164 478,164 504,164 529,164 554,164 579,165 605,165 630,166 655,167 681,168"/>
                <TextEquiv>
                    <Unicode>Liebelei</Unicode>
                </TextEquiv>
            </TextLine>
            <TextLine id="r1l2" custom="readingOrder {index:1;}">
                <Coords points="290,198 365,194 494,214 537,196 638,220 683,206 722,216 717,172 291,165"/>
                <Baseline points="300,184 325,186 351,188 377,189 403,190 428,190 454,191 480,191 506,191 531,191 557,191 583,191 609,191 634,192 660,192 686,192 712,193"/>
                <TextEquiv>
                    <Unicode></Unicode>
                </TextEquiv>
            </TextLine>
            <TextEquiv>
                <Unicode>Liebelei
</Unicode>
            </TextEquiv>
        </TextRegion>
        <TextRegion orientation="0.0" id="r2" custom="readingOrder {index:1;}">
            <Coords points="854,150 854,3638 2409,3638 2409,150"/>
            <TextLine id="r2l1" custom="readingOrder {index:0;}">
                <Coords points="844,172 879,186 915,176 941,195 1025,174 1083,202 1116,191 1139,203 1184,183 1279,180 1280,137 1221,113 1168,123 1124,111 1105,124 1072,110 1032,145 997,121 923,135 883,111 845,120"/>
                <Baseline points="854,170 880,170 906,171 932,172 958,173 984,174 1010,175 1036,177 1062,178 1088,179 1114,180 1140,180 1166,180 1192,179 1218,178 1244,177 1270,174"/>
                <TextEquiv>
                    <Unicode>box 13/5</Unicode>
                </TextEquiv>
            </TextLine>
            <TextLine id="r2l2" custom="readingOrder {index:1;}">
                <Coords points="1069,759 1118,764 1154,749 1200,771 1499,777 1502,719 1482,714 1403,743 1356,723 1344,734 1300,716 1260,725 1198,694 1173,711 1072,707"/>
                <Baseline points="1080,745 1105,745 1131,746 1156,747 1182,748 1208,750 1233,751 1259,753 1285,754 1310,756 1336,758 1361,759 1387,761 1413,762 1438,764 1464,765 1490,767"/>
                <TextEquiv>
                    <Unicode>N° DE DEeir</Unicode>
                </TextEquiv>
            </TextLine>
            <TextLine id="r2l3" custom="readingOrder {index:2;}">
                <Coords points="874,871 1338,866 1424,899 1543,874 1760,912 1766,757 1587,789 878,761"/>
                <Baseline points="885,854 928,853 971,853 1015,853 1058,854 1101,854 1145,856 1188,857 1231,859 1275,862 1318,863 1361,865 1405,868 1448,870 1491,871 1535,874 1578,875 1621,877 1665,878 1708,879 1752,879"/>
                <TextEquiv>
                    <Unicode>geiren A. ECHO DE PARIS</Unicode>
                </TextEquiv>
            </TextLine>
            <TextLine id="r2l4" custom="readingOrder {index:3;}">
                <Coords points="882,976 1282,945 1352,976 1425,944 1685,980 1746,971 1747,902 1129,877 1020,915 953,892 882,916"/>
                <Baseline points="891,955 933,952 975,949 1017,946 1060,943 1102,941 1144,940 1187,939 1229,938 1271,938 1314,939 1356,939 1398,940 1440,942 1483,943 1525,946 1567,947 1610,950 1652,953 1694,957 1737,961"/>
                <TextEquiv>
                    <Unicode>Adresse PLACE DE LOPERA, 6, IX“</Unicode>
                </TextEquiv>
            </TextLine>
            <TextLine id="r2l5" custom="readingOrder {index:4;}">
                <Coords points="873,1049 888,1049 901,1059 916,1056 927,1066 938,1062 951,1069 959,1065 996,1070 1003,1065 1026,1070 1028,1008 998,1020 983,1012 972,1017 964,1009 938,1019 924,1004 907,1000 891,1012 875,1011"/>
                <Baseline points="882,1043 909,1042 936,1043 963,1044 990,1046 1018,1047"/>
                <TextEquiv>
                    <Unicode>Date:</Unicode>
                </TextEquiv>
            </TextLine>
            <TextLine id="r2l6" custom="readingOrder {index:5;}">
                <Coords points="1025,1036 1300,1085 1416,1062 1442,1085 1538,1071 1619,1094 1622,1010 1582,1013 1544,982 1419,993 1334,962 1262,990 1188,969 1140,996 1027,974"/>
                <Baseline points="1033,1054 1061,1053 1090,1053 1119,1052 1148,1052 1177,1052 1206,1053 1234,1053 1263,1054 1292,1054 1321,1056 1350,1057 1379,1058 1408,1059 1436,1060 1465,1062 1494,1063 1523,1064 1552,1066 1581,1068 1610,1069"/>
                <TextEquiv>
                    <Unicode>10 MARs 1933</Unicode>
                </TextEquiv>
            </TextLine>
            <TextLine id="r2l7" custom="readingOrder {index:6;}">
                <Coords points="866,1158 884,1153 908,1172 996,1156 1145,1176 1164,1160 1194,1163 1196,1100 1105,1093 1037,1119 1026,1109 945,1117 867,1102"/>
                <Baseline points="875,1142 900,1141 926,1142 952,1142 978,1143 1004,1143 1030,1145 1055,1146 1081,1147 1107,1148 1133,1149 1159,1150 1185,1150"/>
                <TextEquiv>
                    <Unicode>Signakure</Unicode>
                </TextEquiv>
            </TextLine>
            <TextLine id="r2l8" custom="readingOrder {index:7;}">
                <Coords points="856,1269 933,1254 981,1277 1052,1265 1089,1282 1127,1265 1193,1283 1254,1268 1300,1276 1303,1221 1220,1236 1169,1215 1116,1220 1071,1191 957,1214 899,1192 859,1209"/>
                <Baseline points="866,1245 891,1245 916,1244 941,1245 966,1245 991,1247 1016,1248 1041,1249 1066,1250 1091,1253 1116,1254 1141,1256 1166,1258 1191,1259 1216,1260 1241,1261 1266,1261 1292,1260"/>
                <TextEquiv>
                    <Unicode>rposition: </Unicode>
                </TextEquiv>
            </TextLine>
            <TextLine id="r2l9" custom="readingOrder {index:8;}">
                <Coords points="1598,1271 2362,1287 2386,1279 2387,1199 1953,1198 1894,1221 1830,1198 1598,1228"/>
                <Baseline points="1607,1261 1645,1261 1684,1260 1722,1260 1761,1260 1799,1261 1838,1261 1876,1261 1915,1262 1953,1262 1992,1263 2031,1263 2069,1264 2108,1264 2146,1264 2185,1263 2223,1263 2262,1262 2300,1261 2339,1259 2378,1258"/>
                <TextEquiv>
                    <Unicode>  </Unicode>
                </TextEquiv>
            </TextLine>
            <TextLine id="r2l10" custom="readingOrder {index:9;}">
                <Coords points="1002,1356 2334,1357 2315,1284 1003,1282"/>
                <Baseline points="1012,1341 1077,1341 1143,1342 1208,1343 1274,1344 1340,1345 1405,1346 1471,1347 1537,1348 1602,1349 1668,1350 1734,1350 1799,1351 1865,1351 1931,1351 1996,1351 2062,1351 2128,1350 2193,1348 2259,1346 2325,1344"/>
                <TextEquiv>
                    <Unicode>AU THEATRE DE LÄVENUE</Unicode>
                </TextEquiv>
            </TextLine>
            <TextLine id="r2l11" custom="readingOrder {index:10;}">
                <Coords points="907,1532 2373,1545 2419,1451 2064,1369 1756,1438 1480,1386 1377,1441 1207,1390 908,1423"/>
                <Baseline points="916,1510 990,1509 1065,1509 1139,1510 1214,1510 1289,1510 1363,1511 1438,1512 1513,1512 1587,1513 1662,1514 1737,1514 1811,1515 1886,1516 1961,1516 2035,1516 2110,1517 2185,1517 2259,1517 2334,1516 2409,1516"/>
                <TextEquiv>
                    <Unicode>Avant“ Marc- Aurele?“ de M. Le Marois</Unicode>
                </TextEquiv>
            </TextLine>
            <TextLine id="r2l12" custom="readingOrder {index:11;}">
                <Coords points="1914,1584 1926,1585 1932,1582 1937,1587 1941,1585 1950,1598 1958,1599 1966,1592 1985,1592 1991,1537 1977,1535 1965,1539 1958,1531 1949,1532 1946,1528 1936,1525 1933,1520 1922,1519"/>
                <Baseline points="1925,1574 1951,1576 1977,1580"/>
                <TextEquiv>
                    <Unicode>—</Unicode>
                </TextEquiv>
            </TextLine>
            <TextLine id="r2l13" custom="readingOrder {index:12;}">
                <Coords points="1114,1620 1143,1625 1160,1614 1201,1621 1278,1604 1245,1407 1193,1423 1168,1410 1151,1423 1138,1413 1115,1423 1081,1423"/>
                <Baseline points="1121,1602 1149,1599 1178,1593 1207,1587 1236,1583 1265,1581"/>
                <TextEquiv>
                    <Unicode>□</Unicode>
                </TextEquiv>
            </TextLine>
            <TextLine id="r2l14" custom="readingOrder {index:13;}">
                <Coords points="947,1645 1111,1651 1165,1672 1195,1652 1354,1666 1471,1662 1498,1642 1533,1657 1534,1597 1410,1612 1359,1587 1227,1619 1059,1601 947,1615"/>
                <Baseline points="957,1640 985,1641 1013,1642 1042,1643 1070,1645 1098,1646 1127,1647 1155,1648 1183,1649 1212,1651 1240,1651 1268,1652 1297,1653 1325,1653 1353,1653 1382,1652 1410,1651 1438,1650 1467,1649 1495,1646 1524,1644"/>
                <TextEquiv>
                    <Unicode>— Votre première pièce ?</Unicode>
                </TextEquiv>
            </TextLine>
            <TextLine id="r2l15" custom="readingOrder {index:14;}">
                <Coords points="1722,1649 2400,1667 2400,1605 2379,1598 2273,1607 2237,1587 2099,1615 1868,1583 1793,1613 1722,1598"/>
                <Baseline points="1731,1644 1764,1646 1797,1648 1830,1649 1863,1650 1896,1651 1929,1651 1962,1651 1995,1651 2028,1651 2061,1650 2094,1650 2127,1649 2160,1649 2193,1648 2226,1648 2259,1647 2292,1647 2325,1648 2358,1648 2391,1649"/>
                <TextEquiv>
                    <Unicode>— Enchanté, et très reconnaissant</Unicode>
                </TextEquiv>
            </TextLine>
            <TextLine id="r2l16" custom="readingOrder {index:15;}">
                <Coords points="1019,1694 1028,1694 1039,1685 1075,1692 1105,1688 1118,1694 1127,1686 1150,1692 1149,1653 1136,1651 1125,1656 1118,1649 1114,1653 1106,1649 1073,1657 1065,1649 1052,1647 1041,1649 1034,1657 1030,1653 1019,1655"/>
                <Baseline points="1029,1687 1056,1685 1084,1685 1112,1685 1140,1686"/>
                <TextEquiv>
                    <Unicode>Ouf.</Unicode>
                </TextEquiv>
            </TextLine>
            <TextLine id="r2l17" custom="readingOrder {index:16;}">
                <Coords points="1637,1678 1816,1704 2404,1706 2404,1670 2354,1653 1637,1654"/>
                <Baseline points="1647,1691 1684,1691 1721,1691 1759,1691 1796,1691 1834,1691 1871,1691 1908,1691 1946,1691 1983,1692 2021,1692 2058,1692 2095,1692 2133,1692 2170,1692 2208,1692 2245,1691 2282,1691 2320,1690 2357,1690 2395,1689"/>
                <TextEquiv>
                    <Unicode>à Pitoöff ddvoir accepté une piece de</Unicode>
                </TextEquiv>
            </TextLine>
            <TextLine id="r2l18" custom="readingOrder {index:17;}">
                <Coords points="1014,1720 1090,1738 1301,1723 1354,1735 1354,1696 1283,1663 1255,1667 1229,1691 1212,1685 1190,1696 1158,1684 1102,1699 1066,1687 1014,1690"/>
                <Baseline points="1024,1721 1050,1722 1077,1722 1104,1722 1130,1723 1157,1723 1184,1723 1210,1723 1237,1724 1264,1724 1290,1724 1317,1725 1344,1725"/>
                <TextEquiv>
                    <Unicode>Une tragédie?</Unicode>
                </TextEquiv>
            </TextLine>
            <TextLine id="r2l19" custom="readingOrder {index:18;}">
                <Coords points="1631,1725 2403,1732 2403,1708 2352,1695 1803,1702 1631,1678"/>
                <Baseline points="1641,1729 1678,1729 1716,1730 1753,1730 1791,1730 1829,1731 1866,1731 1904,1731 1941,1731 1979,1731 2017,1731 2054,1731 2092,1731 2129,1730 2167,1730 2205,1730 2242,1729 2280,1729 2317,1728 2355,1727 2393,1727"/>
                <TextEquiv>
                    <Unicode>Udébutant. F lut ai donné mon ma¬</Unicode>
                </TextEquiv>
            </TextLine>
            <TextLine id="r2l20" custom="readingOrder {index:19;}">
                <Coords points="1006,1755 1034,1770 1070,1761 1107,1773 1126,1758 1142,1771 1212,1762 1225,1776 1256,1766 1288,1780 1299,1769 1344,1769 1344,1734 1298,1724 1283,1733 1124,1728 1075,1737 1007,1721"/>
                <Baseline points="1015,1764 1041,1763 1068,1763 1095,1764 1121,1764 1148,1764 1175,1765 1201,1766 1228,1766 1255,1766 1281,1766 1308,1765 1335,1764"/>
                <TextEquiv>
                    <Unicode>Non, une furce.</Unicode>
                </TextEquiv>
            </TextLine>
            <TextLine id="r2l21" custom="readingOrder {index:20;}">
                <Coords points="1646,1776 2095,1780 2147,1758 2352,1779 2412,1754 2380,1726 1913,1744 1646,1724"/>
                <Baseline points="1655,1767 1692,1767 1729,1767 1767,1767 1804,1767 1842,1767 1879,1768 1916,1768 1954,1768 1991,1768 2029,1768 2066,1768 2103,1768 2141,1767 2178,1767 2216,1766 2253,1765 2290,1764 2328,1763 2365,1761 2403,1759"/>
                <TextEquiv>
                    <Unicode>Inuserit; ie lendemain il me tété¬</Unicode>
                </TextEquiv>
            </TextLine>
            <TextLine id="r2l22" custom="readingOrder {index:21;}">
                <Coords points="1009,1798 1085,1824 1272,1806 1334,1832 1371,1813 1455,1832 1517,1806 1537,1821 1651,1806 1651,1757 1535,1755 1509,1776 1364,1753 1289,1779 1125,1757 1009,1772"/>
                <Baseline points="1019,1796 1050,1798 1081,1801 1112,1803 1143,1804 1174,1805 1205,1805 1236,1806 1267,1806 1298,1806 1330,1806 1361,1806 1392,1805 1423,1804 1454,1804 1485,1803 1516,1802 1547,1802 1578,1801 1609,1800 1641,1800"/>
                <TextEquiv>
                    <Unicode> Pourtant ie titre: Mare-Au¬</Unicode>
                </TextEquiv>
            </TextLine>
            <TextLine id="r2l23" custom="readingOrder {index:22;}">
                <Coords points="1651,1821 2370,1810 2406,1801 2406,1769 1651,1774"/>
                <Baseline points="1661,1802 1697,1803 1734,1804 1771,1804 1808,1805 1845,1805 1881,1806 1918,1806 1955,1807 1992,1807 2029,1807 2065,1807 2102,1807 2139,1807 2176,1807 2213,1806 2249,1805 2286,1804 2323,1803 2360,1801 2397,1799"/>
                <TextEquiv>
                    <Unicode>phonait ettsavait déja sön röle miena</Unicode>
                </TextEquiv>
            </TextLine>
            <TextLine id="r2l24" custom="readingOrder {index:23;}">
                <Coords points="906,1851 921,1847 934,1860 958,1863 996,1841 1007,1852 1033,1841 1042,1847 1094,1844 1095,1822 1069,1825 1009,1779 974,1783 944,1808 906,1806"/>
                <Baseline points="915,1839 943,1839 972,1839 1000,1840 1029,1841 1057,1841 1086,1840"/>
                <TextEquiv>
                    <Unicode>rele 7.</Unicode>
                </TextEquiv>
            </TextLine>
            <TextLine id="r2l25" custom="readingOrder {index:24;}">
                <Coords points="1652,1843 2320,1868 2403,1850 2403,1801 1652,1810"/>
                <Baseline points="1661,1840 1697,1841 1734,1841 1770,1841 1807,1842 1844,1842 1880,1842 1917,1843 1953,1843 1990,1843 2027,1844 2063,1844 2100,1844 2136,1844 2173,1844 2210,1844 2246,1844 2283,1844 2319,1843 2356,1842 2393,1841"/>
                <TextEquiv>
                    <Unicode>que moi. Oest un homme merveil¬</Unicode>
                </TextEquiv>
            </TextLine>
            <TextLine id="r2l26" custom="readingOrder {index:25;}">
                <Coords points="990,1890 1177,1890 1212,1871 1233,1888 1547,1896 1655,1875 1655,1851 1608,1834 1468,1844 1375,1815 1321,1835 1246,1819 1197,1847 990,1844"/>
                <Baseline points="999,1873 1031,1875 1063,1876 1096,1877 1128,1878 1160,1879 1193,1879 1225,1879 1257,1879 1290,1879 1322,1878 1354,1878 1387,1877 1419,1877 1451,1876 1484,1876 1516,1875 1548,1875 1581,1875 1613,1875 1646,1875"/>
                <TextEquiv>
                    <Unicode>— C’est le nom d’un chien trés</Unicode>
                </TextEquiv>
            </TextLine>
            <TextLine id="r2l27" custom="readingOrder {index:26;}">
                <Coords points="1655,1902 1694,1906 1705,1894 1722,1887 1737,1894 1752,1887 1767,1898 1780,1898 1780,1855 1763,1859 1754,1849 1737,1851 1718,1844 1709,1850 1694,1844 1685,1852 1673,1844 1655,1846"/>
                <Baseline points="1665,1879 1691,1877 1718,1877 1744,1878 1771,1877"/>
                <TextEquiv>
                    <Unicode>leug.</Unicode>
                </TextEquiv>
            </TextLine>
            <TextLine id="r2l28" custom="readingOrder {index:27;}">
                <Coords points="895,1923 1614,1928 1659,1924 1659,1875 1547,1896 1212,1871 895,1892"/>
                <Baseline points="905,1917 942,1917 979,1918 1016,1918 1054,1918 1091,1918 1128,1919 1165,1919 1203,1919 1240,1919 1277,1920 1314,1920 1352,1920 1389,1919 1426,1919 1463,1919 1501,1918 1538,1917 1575,1916 1612,1915 1650,1913"/>
                <TextEquiv>
                    <Unicode>sage. i est rrai qu'ä l’äge de qua¬</Unicode>
                </TextEquiv>
            </TextLine>
            <TextLine id="r2l29" custom="readingOrder {index:28;}">
                <Coords points="1697,1918 1786,1929 1877,1911 1898,1927 1997,1932 2090,1920 2122,1936 2187,1912 2186,1873 2171,1868 2010,1881 1950,1855 1872,1891 1844,1877 1697,1894"/>
                <Baseline points="1707,1940 1733,1932 1759,1927 1785,1923 1811,1919 1837,1917 1863,1916 1889,1916 1915,1916 1942,1916 1968,1917 1994,1918 2020,1918 2046,1919 2072,1919 2098,1918 2124,1917 2150,1914 2177,1911"/>
                <TextEquiv>
                    <Unicode>— Ouel est son röle?</Unicode>
                </TextEquiv>
            </TextLine>
            <TextLine id="r2l30" custom="readingOrder {index:29;}">
                <Coords points="909,1951 1025,1971 1649,1960 1648,1921 1607,1919 909,1925"/>
                <Baseline points="919,1954 955,1955 991,1957 1027,1958 1063,1959 1099,1959 1135,1959 1171,1959 1207,1959 1243,1959 1279,1959 1315,1958 1351,1958 1387,1957 1423,1956 1459,1955 1495,1954 1531,1953 1567,1952 1603,1951 1640,1950"/>
                <TextEquiv>
                    <Unicode>torze ans favais commencé une tra¬</Unicode>
                </TextEquiv>
            </TextLine>
            <TextLine id="r2l31" custom="readingOrder {index:30;}">
                <Coords points="1753,1952 2411,1973 2410,1910 2341,1903 2280,1921 2164,1911 2127,1935 1878,1912 1753,1924"/>
                <Baseline points="1763,1959 1794,1960 1826,1960 1858,1960 1890,1960 1922,1960 1954,1960 1986,1960 2018,1960 2050,1959 2082,1959 2113,1959 2145,1958 2177,1958 2209,1957 2241,1957 2273,1956 2305,1955 2337,1955 2369,1954 2401,1953"/>
                <TextEquiv>
                    <Unicode>Celui d'un petit employé, un</Unicode>
                </TextEquiv>
            </TextLine>
            <TextLine id="r2l32" custom="readingOrder {index:31;}">
                <Coords points="908,2010 1093,2007 1139,1984 1184,2010 1642,2005 1641,1960 907,1952"/>
                <Baseline points="917,1997 952,1997 988,1997 1024,1998 1060,1998 1096,1998 1131,1998 1167,1998 1203,1997 1239,1997 1275,1996 1310,1996 1346,1995 1382,1995 1418,1994 1454,1994 1489,1993 1525,1993 1561,1992 1597,1992 1633,1992"/>
                <TextEquiv>
                    <Unicode>gédie sür cet empereur romain:</Unicode>
                </TextEquiv>
            </TextLine>
            <TextLine id="r2l33" custom="readingOrder {index:32;}">
                <Coords points="1659,2004 2404,1997 2404,1965 2374,1959 1659,1956"/>
                <Baseline points="1669,1992 1705,1992 1741,1993 1777,1994 1814,1994 1850,1995 1886,1996 1923,1997 1959,1997 1995,1998 2032,1998 2068,1998 2104,1998 2140,1998 2177,1998 2213,1997 2249,1997 2286,1996 2322,1994 2358,1993 2395,1990"/>
                <TextEquiv>
                    <Unicode>peu dingo, mdis dont le cceur est</Unicode>
                </TextEquiv>
            </TextLine>
            <TextLine id="r2l34" custom="readingOrder {index:33;}">
                <Coords points="1654,2036 2314,2047 2409,2025 2409,1997 2030,2006 1899,1985 1654,2012"/>
                <Baseline points="1663,2029 1699,2030 1736,2030 1773,2030 1810,2031 1847,2031 1883,2032 1920,2033 1957,2033 1994,2034 2031,2034 2067,2034 2104,2035 2141,2034 2178,2034 2215,2033 2251,2033 2288,2032 2325,2030 2362,2027 2399,2025"/>
                <TextEquiv>
                    <Unicode>sincère. Maladroit, it finit par réus¬</Unicode>
                </TextEquiv>
            </TextLine>
            <TextLine id="r2l35" custom="readingOrder {index:34;}">
                <Coords points="912,2033 1060,2053 1095,2034 1637,2044 1650,1993 1181,2006 1138,1985 912,2008"/>
                <Baseline points="921,2034 957,2034 993,2034 1029,2033 1065,2033 1101,2033 1137,2033 1173,2033 1209,2033 1245,2033 1281,2033 1317,2033 1353,2033 1389,2033 1425,2033 1461,2033 1497,2032 1533,2032 1569,2032 1605,2031 1641,2030"/>
                <TextEquiv>
                    <Unicode>mais je n'ai jamais pu dépasser ie</Unicode>
                </TextEquiv>
            </TextLine>
            <TextLine id="r2l36" custom="readingOrder {index:35;}">
                <Coords points="1659,2081 2399,2065 2379,2029 2195,2048 1660,2038"/>
                <Baseline points="1669,2067 1705,2068 1741,2068 1777,2069 1813,2069 1849,2070 1885,2070 1921,2071 1957,2071 1993,2071 2029,2071 2065,2071 2101,2071 2137,2071 2173,2071 2209,2071 2245,2070 2281,2070 2317,2069 2353,2068 2389,2067"/>
                <TextEquiv>
                    <Unicode>sir., Au fond. Charlot. Jen crois que</Unicode>
                </TextEquiv>
            </TextLine>
            <TextLine id="r2l37" custom="readingOrder {index:36;}">
                <Coords points="910,2086 1650,2083 1649,2030 910,2045"/>
                <Baseline points="919,2073 955,2073 991,2073 1027,2072 1063,2072 1099,2072 1135,2072 1171,2072 1207,2071 1243,2071 1280,2071 1316,2071 1352,2071 1388,2070 1424,2070 1460,2070 1496,2070 1532,2069 1568,2069 1604,2068 1641,2068"/>
                <TextEquiv>
                    <Unicode>milien du premier acte. Obstination</Unicode>
                </TextEquiv>
            </TextLine>
            <TextLine id="r2l38" custom="readingOrder {index:37;}">
                <Coords points="1641,2136 1758,2101 2401,2125 2401,2065 1641,2067"/>
                <Baseline points="1651,2107 1688,2106 1725,2106 1762,2106 1799,2105 1836,2106 1873,2106 1910,2106 1947,2107 1984,2107 2021,2108 2058,2108 2095,2108 2132,2109 2169,2109 2206,2109 2243,2109 2280,2108 2317,2107 2354,2106 2391,2105"/>
                <TextEquiv>
                    <Unicode>cest dans ce genre de personnage</Unicode>
                </TextEquiv>
            </TextLine>
            <TextLine id="r2l39" custom="readingOrder {index:38;}">
                <Coords points="917,2132 954,2111 1009,2131 1036,2111 1167,2125 1195,2109 1223,2126 1247,2109 1262,2124 1483,2111 1513,2128 1565,2112 1565,2092 1468,2074 1184,2074 1158,2091 917,2076"/>
                <Baseline points="926,2110 957,2111 989,2111 1020,2111 1052,2112 1083,2112 1115,2111 1146,2111 1178,2111 1209,2110 1241,2110 1272,2110 1304,2109 1335,2109 1367,2108 1398,2108 1430,2108 1461,2108 1493,2108 1524,2108 1556,2108"/>
                <TextEquiv>
                    <Unicode>ou paresse, Pai gardé#lie titre.</Unicode>
                </TextEquiv>
            </TextLine>
            <TextLine id="r2l40" custom="readingOrder {index:39;}">
                <Coords points="1653,2151 2092,2158 2117,2138 2264,2177 2329,2170 2330,2112 1965,2122 1760,2099 1653,2120"/>
                <Baseline points="1663,2147 1695,2146 1728,2145 1761,2144 1794,2144 1827,2143 1860,2143 1893,2143 1926,2144 1959,2144 1992,2144 2024,2144 2057,2145 2090,2145 2123,2146 2156,2146 2189,2146 2222,2146 2255,2146 2288,2145 2321,2145"/>
                <TextEquiv>
                    <Unicode>que Pitoöff est ie plus touchant.</Unicode>
                </TextEquiv>
            </TextLine>
            <TextLine id="r2l41" custom="readingOrder {index:40;}">
                <Coords points="1014,2152 1640,2156 1653,2118 1571,2102 1516,2125 1014,2120"/>
                <Baseline points="1023,2148 1054,2148 1085,2148 1116,2148 1147,2148 1178,2148 1209,2148 1240,2148 1271,2148 1302,2148 1333,2148 1364,2148 1395,2148 1426,2148 1457,2148 1488,2147 1519,2147 1550,2146 1581,2145 1612,2144 1643,2143"/>
                <TextEquiv>
                    <Unicode>Alors pendant quelques années</Unicode>
                </TextEquiv>
            </TextLine>
            <TextLine id="r2l42" custom="readingOrder {index:41;}">
                <Coords points="1749,2186 1779,2197 1794,2185 1852,2194 1927,2184 1970,2198 1981,2188 2074,2176 2074,2155 2039,2156 2022,2143 1996,2157 1962,2146 1940,2159 1898,2141 1884,2156 1859,2158 1779,2141 1749,2152"/>
                <Baseline points="1758,2184 1783,2183 1809,2183 1834,2183 1860,2182 1885,2182 1911,2182 1937,2182 1962,2181 1988,2181 2013,2180 2039,2180 2065,2179"/>
                <TextEquiv>
                    <Unicode>Et Lüdmilla?</Unicode>
                </TextEquiv>
            </TextLine>
            <TextLine id="r2l43" custom="readingOrder {index:42;}">
                <Coords points="906,2205 1250,2180 1334,2205 1390,2188 1661,2211 1660,2138 1419,2164 906,2147"/>
                <Baseline points="915,2187 951,2187 988,2187 1025,2187 1062,2188 1099,2188 1136,2188 1172,2188 1209,2188 1246,2188 1283,2187 1320,2187 1357,2187 1394,2187 1430,2186 1467,2186 1504,2186 1541,2185 1578,2185 1615,2184 1652,2184"/>
                <TextEquiv>
                    <Unicode>nous vons étes éloiqné du thédtre.</Unicode>
                </TextEquiv>
            </TextLine>
            <TextLine id="r2l44" custom="readingOrder {index:43;}">
                <Coords points="1760,2220 2012,2232 2113,2207 2279,2240 2417,2226 2417,2172 1760,2190"/>
                <Baseline points="1769,2221 1802,2221 1836,2221 1869,2221 1903,2220 1937,2220 1970,2220 2004,2220 2038,2220 2071,2219 2105,2219 2138,2219 2172,2219 2206,2219 2239,2219 2273,2219 2307,2219 2340,2219 2374,2219 2408,2219"/>
                <TextEquiv>
                    <Unicode>Une jeune fille oiseau, ser¬</Unicode>
                </TextEquiv>
            </TextLine>
            <TextLine id="r2l45" custom="readingOrder {index:44;}">
                <Coords points="904,2248 934,2251 979,2226 1014,2240 1037,2223 1119,2225 1143,2240 1171,2228 1326,2231 1337,2229 1337,2194 1268,2195 1254,2182 1124,2201 1040,2184 1008,2197 903,2196"/>
                <Baseline points="913,2230 938,2229 964,2228 990,2226 1016,2226 1042,2225 1068,2224 1094,2224 1120,2224 1145,2223 1171,2223 1197,2223 1223,2223 1249,2223 1275,2222 1301,2222 1327,2221"/>
                <TextEquiv>
                    <Unicode>Qu'aves-vous sait ?</Unicode>
                </TextEquiv>
            </TextLine>
            <TextLine id="r2l46" custom="readingOrder {index:45;}">
                <Coords points="1660,2266 2411,2276 2400,2222 1660,2225"/>
                <Baseline points="1670,2260 1706,2259 1743,2259 1779,2258 1816,2258 1853,2258 1889,2257 1926,2257 1962,2257 1999,2257 2036,2257 2072,2257 2109,2258 2145,2258 2182,2258 2219,2258 2255,2258 2292,2258 2328,2257 2365,2257 2402,2257"/>
                <TextEquiv>
                    <Unicode>pent, papillon. Si légère, qu’elle sem¬</Unicode>
                </TextEquiv>
            </TextLine>
            <TextLine id="r2l47" custom="readingOrder {index:46;}">
                <Coords points="974,2267 1641,2273 1640,2211 1595,2204 1444,2202 1366,2236 974,2226"/>
                <Baseline points="983,2258 1015,2260 1047,2261 1080,2262 1112,2262 1145,2262 1177,2262 1209,2262 1242,2261 1274,2261 1307,2260 1339,2259 1371,2258 1404,2258 1436,2257 1469,2257 1501,2257 1533,2257 1566,2257 1598,2258 1631,2260"/>
                <TextEquiv>
                    <Unicode>— Dudroit, de Pariation, ces deur</Unicode>
                </TextEquiv>
            </TextLine>
            <TextLine id="r2l48" custom="readingOrder {index:47;}">
                <Coords points="1662,2302 1713,2316 1830,2298 1903,2310 1959,2292 2068,2315 2086,2302 2122,2308 2122,2269 2102,2265 1663,2269"/>
                <Baseline points="1672,2295 1697,2294 1723,2294 1749,2294 1775,2294 1801,2294 1827,2294 1853,2295 1879,2295 1904,2296 1930,2296 1956,2296 1982,2297 2008,2297 2034,2297 2060,2297 2086,2297 2112,2296"/>
                <TextEquiv>
                    <Unicode>ble danser un ballet.</Unicode>
                </TextEquiv>
            </TextLine>
            <TextLine id="r2l49" custom="readingOrder {index:48;}">
                <Coords points="906,2309 1173,2305 1283,2329 1571,2304 1653,2326 1652,2268 1613,2263 1083,2278 905,2248"/>
                <Baseline points="915,2299 951,2301 987,2301 1024,2302 1060,2302 1097,2302 1133,2302 1169,2302 1206,2302 1242,2301 1279,2301 1315,2300 1351,2300 1388,2299 1424,2299 1461,2298 1497,2298 1533,2298 1570,2297 1606,2297 1643,2297"/>
                <TextEquiv>
                    <Unicode>métiers qui vous apprennent d bien</Unicode>
                </TextEquiv>
            </TextLine>
            <TextLine id="r2l50" custom="readingOrder {index:49;}">
                <Coords points="1750,2335 1817,2332 1847,2347 1870,2335 2010,2337 2026,2322 2047,2324 2047,2307 1987,2296 1977,2302 1964,2293 1951,2301 1919,2297 1905,2309 1834,2298 1804,2306 1750,2301"/>
                <Baseline points="1759,2333 1784,2334 1809,2334 1834,2334 1860,2333 1885,2333 1910,2333 1935,2332 1961,2331 1986,2331 2011,2331 2037,2331"/>
                <TextEquiv>
                    <Unicode> Les autres!?</Unicode>
                </TextEquiv>
            </TextLine>
            <TextLine id="r2l51" custom="readingOrder {index:50;}">
                <Coords points="910,2343 955,2343 974,2354 987,2347 996,2356 1022,2352 1032,2343 1084,2343 1084,2302 1075,2302 1060,2315 1032,2302 1011,2309 979,2304 970,2311 961,2304 942,2311 931,2303 910,2309"/>
                <Baseline points="919,2338 945,2339 971,2339 997,2339 1023,2339 1049,2339 1075,2339"/>
                <TextEquiv>
                    <Unicode>voler.</Unicode>
                </TextEquiv>
            </TextLine>
            <TextLine id="r2l52" custom="readingOrder {index:51;}">
                <Coords points="1712,2372 2398,2376 2398,2331 2314,2321 2219,2340 2144,2324 1713,2338"/>
                <Baseline points="1721,2364 1754,2365 1787,2367 1821,2368 1854,2369 1888,2370 1921,2370 1954,2370 1988,2370 2021,2370 2055,2370 2088,2370 2121,2370 2155,2369 2188,2369 2222,2369 2255,2369 2288,2369 2322,2369 2355,2369 2389,2369"/>
                <TextEquiv>
                    <Unicode>— Charles Fallot, le célèbre chan¬</Unicode>
                </TextEquiv>
            </TextLine>
            <TextLine id="r2l53" custom="readingOrder {index:52;}">
                <Coords points="1030,2378 1314,2394 1344,2378 1480,2404 1512,2385 1637,2385 1656,2337 1600,2312 1495,2333 1395,2312 1329,2337 1299,2322 1249,2351 1141,2318 1030,2344"/>
                <Baseline points="1039,2372 1069,2373 1099,2373 1130,2373 1160,2374 1191,2374 1221,2374 1251,2374 1282,2375 1312,2375 1343,2375 1373,2375 1403,2375 1434,2375 1464,2375 1495,2374 1525,2374 1555,2374 1586,2373 1616,2372 1647,2372"/>
                <TextEquiv>
                    <Unicode>Vous étes, ironique. Aimez¬</Unicode>
                </TextEquiv>
            </TextLine>
            <TextLine id="r2l54" custom="readingOrder {index:53;}">
                <Coords points="1654,2423 1905,2404 1985,2424 2372,2419 2413,2402 2413,2364 2058,2385 1654,2369"/>
                <Baseline points="1663,2410 1700,2409 1737,2409 1774,2409 1811,2409 1848,2410 1885,2410 1922,2410 1959,2411 1996,2411 2033,2412 2070,2412 2107,2412 2144,2412 2181,2412 2218,2412 2255,2411 2292,2409 2329,2408 2366,2407 2404,2404"/>
                <TextEquiv>
                    <Unicode>sonnier, qui remporte ence moment</Unicode>
                </TextEquiv>
            </TextLine>
            <TextLine id="r2l55" custom="readingOrder {index:54;}">
                <Coords points="914,2436 976,2428 1022,2443 1063,2423 1187,2441 1233,2423 1327,2443 1381,2436 1381,2389 1345,2378 1315,2395 1278,2374 983,2383 914,2363"/>
                <Baseline points="924,2413 950,2414 976,2415 1003,2415 1029,2416 1055,2416 1082,2416 1108,2416 1134,2416 1161,2416 1187,2416 1213,2415 1240,2415 1266,2415 1292,2415 1319,2415 1345,2415 1372,2415"/>
                <TextEquiv>
                    <Unicode>vous Beaumarchais?</Unicode>
                </TextEquiv>
            </TextLine>
            <TextLine id="r2l56" custom="readingOrder {index:55;}">
                <Coords points="1664,2451 2363,2459 2411,2450 2411,2409 1664,2418"/>
                <Baseline points="1673,2444 1709,2445 1745,2446 1782,2447 1818,2447 1855,2448 1891,2448 1928,2449 1964,2449 2001,2450 2037,2450 2073,2450 2110,2449 2146,2449 2183,2449 2219,2448 2256,2447 2292,2446 2329,2445 2365,2443 2402,2442"/>
                <TextEquiv>
                    <Unicode>un si grand succès auprès de Lu¬</Unicode>
                </TextEquiv>
            </TextLine>
            <TextLine id="r2l57" custom="readingOrder {index:56;}">
                <Coords points="1013,2467 1359,2485 1605,2462 1658,2480 1657,2431 1598,2417 1501,2438 1332,2420 1295,2439 1226,2424 1129,2446 1097,2423 1013,2443"/>
                <Baseline points="1022,2464 1053,2464 1084,2464 1115,2464 1147,2464 1178,2464 1209,2464 1241,2464 1272,2464 1303,2464 1335,2464 1366,2464 1397,2464 1428,2464 1460,2463 1491,2463 1522,2462 1554,2462 1585,2461 1616,2460 1648,2459"/>
                <TextEquiv>
                    <Unicode>Qui, et Raeine et Corneille, et</Unicode>
                </TextEquiv>
            </TextLine>
            <TextLine id="r2l58" custom="readingOrder {index:57;}">
                <Coords points="1660,2504 1788,2485 2379,2495 2416,2479 2416,2452 1660,2453"/>
                <Baseline points="1669,2479 1705,2480 1742,2481 1779,2482 1816,2482 1853,2483 1890,2485 1926,2485 1963,2486 2000,2487 2037,2487 2074,2488 2111,2488 2148,2488 2184,2487 2221,2487 2258,2486 2295,2484 2332,2483 2369,2481 2406,2478"/>
                <TextEquiv>
                    <Unicode>cienne Boyer, et qui a bien vonlu ae¬</Unicode>
                </TextEquiv>
            </TextLine>
            <TextLine id="r2l59" custom="readingOrder {index:58;}">
                <Coords points="906,2514 1631,2515 1649,2472 906,2480"/>
                <Baseline points="916,2507 952,2506 988,2504 1024,2503 1060,2502 1097,2501 1133,2501 1169,2501 1205,2501 1241,2502 1278,2502 1314,2502 1350,2502 1386,2503 1422,2503 1459,2502 1495,2502 1531,2501 1567,2500 1603,2498 1640,2497"/>
                <TextEquiv>
                    <Unicode>Molière, et Mariraug. Tout béte¬</Unicode>
                </TextEquiv>
            </TextLine>
            <TextLine id="r2l60" custom="readingOrder {index:59;}">
                <Coords points="1666,2533 2311,2537 2410,2515 2410,2490 1666,2491"/>
                <Baseline points="1675,2516 1711,2518 1747,2519 1783,2520 1820,2521 1856,2522 1892,2522 1928,2523 1965,2524 2001,2524 2037,2524 2073,2524 2110,2524 2146,2524 2182,2523 2218,2523 2255,2522 2291,2522 2327,2521 2363,2520 2400,2520"/>
                <TextEquiv>
                    <Unicode>cepter de créer un personnage de</Unicode>
                </TextEquiv>
            </TextLine>
            <TextLine id="r2l61" custom="readingOrder {index:60;}">
                <Coords points="906,2546 1649,2548 1649,2513 1604,2504 906,2514"/>
                <Baseline points="915,2547 951,2545 987,2544 1023,2542 1060,2542 1096,2541 1132,2540 1168,2540 1205,2540 1241,2540 1277,2540 1313,2540 1350,2540 1386,2540 1422,2540 1458,2540 1495,2539 1531,2539 1567,2538 1603,2536 1640,2535"/>
                <TextEquiv>
                    <Unicode>ment. Je ne m'en cache pas. 6 Du</Unicode>
                </TextEquiv>
            </TextLine>
            <TextLine id="r2l62" custom="readingOrder {index:61;}">
                <Coords points="1663,2561 2168,2578 2409,2556 2408,2514 1663,2531"/>
                <Baseline points="1673,2558 1709,2560 1745,2560 1781,2561 1818,2561 1854,2561 1890,2561 1927,2561 1963,2561 1999,2561 2036,2560 2072,2560 2108,2559 2144,2559 2181,2559 2217,2559 2253,2559 2290,2559 2326,2559 2362,2560 2399,2561"/>
                <TextEquiv>
                    <Unicode>savant, avec sa verve si personnelie.</Unicode>
                </TextEquiv>
            </TextLine>
            <TextLine id="r2l63" custom="readingOrder {index:62;}">
                <Coords points="911,2578 1404,2591 1480,2569 1647,2591 1646,2542 1620,2540 911,2555"/>
                <Baseline points="920,2582 955,2581 991,2580 1027,2579 1063,2578 1099,2578 1135,2578 1171,2577 1207,2577 1243,2577 1279,2577 1314,2577 1350,2577 1386,2576 1422,2576 1458,2576 1494,2576 1530,2576 1566,2575 1602,2575 1638,2574"/>
                <TextEquiv>
                    <Unicode>temps que j’étais écolier n que de</Unicode>
                </TextEquiv>
            </TextLine>
            <TextLine id="r2l64" custom="readingOrder {index:63;}">
                <Coords points="1657,2604 2344,2603 2413,2627 2397,2558 1657,2559"/>
                <Baseline points="1666,2594 1702,2596 1739,2597 1776,2598 1813,2598 1850,2599 1887,2599 1924,2599 1961,2599 1998,2599 2035,2599 2071,2598 2108,2598 2145,2598 2182,2597 2219,2597 2256,2597 2293,2597 2330,2598 2367,2598 2404,2599"/>
                <TextEquiv>
                    <Unicode>Madeleine Guittu, qui fait rire schs.</Unicode>
                </TextEquiv>
            </TextLine>
            <TextLine id="r2l65" custom="readingOrder {index:64;}">
                <Coords points="919,2624 1554,2630 1641,2621 1641,2589 918,2581"/>
                <Baseline points="928,2622 963,2621 998,2619 1033,2618 1068,2617 1104,2616 1139,2615 1174,2615 1209,2615 1244,2614 1280,2614 1315,2614 1350,2614 1385,2614 1420,2614 1456,2613 1491,2613 1526,2613 1561,2612 1596,2611 1632,2611"/>
                <TextEquiv>
                    <Unicode>soirées verducs d. la Comédie-Fran¬</Unicode>
                </TextEquiv>
            </TextLine>
            <TextLine id="r2l66" custom="readingOrder {index:65;}">
                <Coords points="1663,2641 2412,2639 2412,2611 2328,2622 2278,2601 1663,2602"/>
                <Baseline points="1673,2632 1709,2633 1745,2634 1782,2635 1818,2636 1855,2636 1891,2637 1928,2637 1964,2638 2001,2638 2037,2638 2073,2638 2110,2638 2146,2638 2183,2638 2219,2638 2256,2637 2292,2637 2329,2636 2365,2636 2402,2635"/>
                <TextEquiv>
                    <Unicode>avoir besein d’ouerir la bouche, ce</Unicode>
                </TextEquiv>
            </TextLine>
            <TextLine id="r2l67" custom="readingOrder {index:66;}">
                <Coords points="915,2666 1649,2663 1648,2618 915,2623"/>
                <Baseline points="925,2661 960,2659 996,2657 1032,2656 1068,2655 1103,2654 1139,2654 1175,2654 1211,2654 1246,2654 1282,2654 1318,2655 1354,2655 1389,2655 1425,2655 1461,2655 1497,2655 1532,2655 1568,2654 1604,2653 1640,2652"/>
                <TextEquiv>
                    <Unicode>çaise., J’entends encore au sond de</Unicode>
                </TextEquiv>
            </TextLine>
            <TextLine id="r2l68" custom="readingOrder {index:67;}">
                <Coords points="1665,2681 2378,2685 2397,2638 1665,2642"/>
                <Baseline points="1673,2676 1708,2675 1744,2674 1780,2673 1815,2673 1851,2672 1887,2672 1922,2672 1958,2673 1994,2673 2030,2673 2065,2674 2101,2674 2137,2674 2172,2675 2208,2675 2244,2675 2279,2674 2315,2673 2351,2672 2387,2671"/>
                <TextEquiv>
                    <Unicode>qui est bien commode pour un au¬</Unicode>
                </TextEquiv>
            </TextLine>
            <TextLine id="r2l69" custom="readingOrder {index:68;}">
                <Coords points="908,2705 1642,2699 1641,2665 1578,2654 1479,2678 1451,2657 1260,2655 1186,2677 1077,2659 908,2681"/>
                <Baseline points="918,2701 953,2699 989,2696 1025,2694 1060,2693 1096,2692 1132,2692 1167,2691 1203,2692 1239,2692 1275,2692 1310,2692 1346,2693 1382,2693 1417,2693 1453,2693 1489,2692 1524,2692 1560,2691 1596,2688 1632,2686"/>
                <TextEquiv>
                    <Unicode>mon enfance lo voir divine de Bur¬</Unicode>
                </TextEquiv>
            </TextLine>
            <TextLine id="r2l70" custom="readingOrder {index:69;}">
                <Coords points="1654,2715 2158,2727 2285,2700 2397,2731 2397,2682 2300,2672 1654,2683"/>
                <Baseline points="1663,2714 1699,2714 1735,2713 1771,2713 1807,2712 1844,2712 1880,2712 1916,2712 1952,2711 1988,2711 2025,2711 2061,2711 2097,2711 2133,2711 2169,2711 2206,2710 2242,2710 2278,2710 2314,2710 2350,2709 2387,2709"/>
                <TextEquiv>
                    <Unicode>teur. Balpétré, le remarquable due</Unicode>
                </TextEquiv>
            </TextLine>
            <TextLine id="r2l71" custom="readingOrder {index:70;}">
                <Coords points="899,2760 1099,2732 1144,2748 1235,2733 1325,2744 1324,2702 1113,2698 1085,2710 954,2699 898,2710"/>
                <Baseline points="909,2735 934,2737 959,2737 985,2737 1010,2738 1035,2737 1061,2737 1086,2736 1112,2735 1137,2734 1162,2734 1188,2733 1213,2732 1238,2731 1264,2731 1289,2731 1315,2731"/>
                <TextEquiv>
                    <Unicode>tet dans Bérénice.</Unicode>
                </TextEquiv>
            </TextLine>
            <TextLine id="r2l72" custom="readingOrder {index:71;}">
                <Coords points="1655,2760 2393,2759 2392,2718 2303,2709 1655,2715"/>
                <Baseline points="1665,2751 1702,2750 1740,2750 1778,2750 1816,2750 1854,2750 1892,2751 1929,2751 1967,2751 2005,2751 2043,2751 2081,2751 2119,2751 2156,2751 2194,2751 2232,2750 2270,2749 2308,2748 2346,2747 2384,2744"/>
                <TextEquiv>
                    <Unicode>Strozzt duns Lorenzaccio, qui, mal¬</Unicode>
                </TextEquiv>
            </TextLine>
            <TextLine id="r2l73" custom="readingOrder {index:72;}">
                <Coords points="1020,2784 1305,2767 1464,2789 1643,2781 1643,2733 1501,2720 1453,2741 1333,2726 1300,2748 1104,2735 1020,2750"/>
                <Baseline points="1029,2770 1059,2770 1089,2769 1119,2769 1150,2768 1180,2768 1210,2768 1241,2768 1271,2768 1301,2768 1332,2768 1362,2768 1392,2768 1422,2768 1453,2768 1483,2768 1513,2768 1544,2769 1574,2769 1604,2769 1635,2769"/>
                <TextEquiv>
                    <Unicode>Et les chiens? Naturellement,</Unicode>
                </TextEquiv>
            </TextLine>
            <TextLine id="r2l74" custom="readingOrder {index:73;}">
                <Coords points="1648,2781 1827,2802 2268,2783 2404,2808 2404,2741 2214,2768 1648,2751"/>
                <Baseline points="1657,2787 1693,2786 1730,2786 1767,2786 1804,2786 1841,2786 1878,2786 1915,2787 1952,2788 1989,2788 2026,2789 2062,2789 2099,2790 2136,2790 2173,2790 2210,2790 2247,2790 2284,2789 2321,2788 2358,2787 2395,2785"/>
                <TextEquiv>
                    <Unicode>heureusement, n’est plus ici qufun</Unicode>
                </TextEquiv>
            </TextLine>
            <TextLine id="r2l75" custom="readingOrder {index:74;}">
                <Coords points="905,2841 1060,2812 1304,2811 1325,2824 1392,2814 1392,2780 1306,2767 1291,2780 981,2783 943,2763 904,2768"/>
                <Baseline points="915,2812 940,2812 966,2812 992,2812 1018,2811 1044,2811 1070,2810 1096,2810 1122,2809 1148,2808 1174,2808 1200,2807 1226,2807 1252,2806 1278,2806 1304,2806 1330,2806 1356,2806 1382,2806"/>
                <TextEquiv>
                    <Unicode>vous adorez les chiens.</Unicode>
                </TextEquiv>
            </TextLine>
            <TextLine id="r2l76" custom="readingOrder {index:75;}">
                <Coords points="1653,2841 1829,2816 2023,2840 2395,2832 2395,2804 2292,2805 2268,2783 1654,2800"/>
                <Baseline points="1663,2826 1699,2826 1735,2825 1771,2825 1807,2825 1843,2825 1879,2825 1915,2825 1951,2826 1987,2826 2024,2827 2060,2827 2096,2827 2132,2827 2168,2827 2204,2827 2240,2827 2276,2827 2312,2826 2348,2825 2385,2824"/>
                <TextEquiv>
                    <Unicode>pécheur ##la ligne. Marie Kalff, unc.</Unicode>
                </TextEquiv>
            </TextLine>
            <TextLine id="r2l77" custom="readingOrder {index:76;}">
                <Coords points="1176,2854 1398,2858 1424,2843 1570,2857 1619,2837 1654,2850 1654,2800 1600,2815 1499,2780 1433,2818 1176,2820"/>
                <Baseline points="1186,2847 1211,2846 1237,2845 1262,2845 1288,2844 1313,2844 1339,2844 1364,2845 1390,2845 1415,2845 1441,2845 1466,2845 1492,2845 1517,2845 1543,2844 1568,2843 1594,2843 1619,2841 1645,2839"/>
                <TextEquiv>
                    <Unicode>le sais pas encore. Je</Unicode>
                </TextEquiv>
            </TextLine>
            <TextLine id="r2l78" custom="readingOrder {index:77;}">
                <Coords points="1018,2864 1055,2863 1089,2846 1106,2850 1119,2861 1141,2859 1149,2851 1169,2846 1169,2818 1102,2822 1094,2816 1074,2818 1059,2811 1051,2819 1040,2819 1027,2808 1017,2808"/>
                <Baseline points="1027,2847 1053,2846 1079,2846 1106,2846 1132,2846 1159,2845"/>
                <TextEquiv>
                    <Unicode>Je ne</Unicode>
                </TextEquiv>
            </TextLine>
            <TextLine id="r2l79" custom="readingOrder {index:78;}">
                <Coords points="1658,2864 2231,2882 2375,2869 2393,2830 1871,2837 1828,2816 1658,2835"/>
                <Baseline points="1667,2862 1702,2862 1738,2862 1774,2863 1810,2863 1846,2864 1882,2864 1917,2864 1953,2865 1989,2865 2025,2866 2061,2866 2097,2866 2133,2866 2168,2866 2204,2865 2240,2865 2276,2864 2312,2862 2348,2861 2384,2860"/>
                <TextEquiv>
                    <Unicode>rieille demoiselle surannée. Et toule</Unicode>
                </TextEquiv>
            </TextLine>
            <TextLine id="r2l80" custom="readingOrder {index:79;}">
                <Coords points="1184,2890 1597,2885 1651,2898 1651,2844 1438,2855 1419,2840 1400,2857 1333,2848 1266,2865 1230,2846 1184,2856"/>
                <Baseline points="1193,2885 1219,2884 1245,2884 1272,2884 1298,2883 1324,2884 1351,2884 1377,2884 1403,2884 1430,2884 1456,2884 1482,2884 1509,2884 1535,2884 1561,2883 1588,2882 1614,2881 1641,2879"/>
                <TextEquiv>
                    <Unicode>ça après la générale.</Unicode>
                </TextEquiv>
            </TextLine>
            <TextLine id="r2l81" custom="readingOrder {index:80;}">
                <Coords points="907,2890 933,2884 1008,2897 1053,2884 1081,2899 1157,2885 1180,2893 1179,2857 1153,2850 1140,2859 1093,2846 989,2856 944,2832 922,2845 907,2842"/>
                <Baseline points="917,2884 942,2885 967,2886 992,2886 1018,2886 1043,2886 1068,2885 1094,2885 1119,2884 1144,2884 1170,2885"/>
                <TextEquiv>
                    <Unicode>vous dirat</Unicode>
                </TextEquiv>
            </TextLine>
            <TextLine id="r2l82" custom="readingOrder {index:81;}">
                <Coords points="1659,2900 2129,2917 2228,2895 2372,2920 2404,2898 2404,2860 1659,2865"/>
                <Baseline points="1668,2898 1704,2899 1740,2900 1776,2900 1813,2900 1849,2901 1885,2901 1922,2901 1958,2902 1994,2902 2031,2902 2067,2902 2103,2902 2139,2903 2176,2903 2212,2903 2248,2902 2285,2902 2321,2902 2357,2902 2394,2901"/>
                <TextEquiv>
                    <Unicode>la troupe de la compagnie Pitoöff,</Unicode>
                </TextEquiv>
            </TextLine>
            <TextLine id="r2l83" custom="readingOrder {index:82;}">
                <Coords points="905,2935 1262,2946 1292,2927 1561,2921 1615,2938 1639,2928 1639,2889 905,2890"/>
                <Baseline points="914,2926 949,2926 985,2925 1021,2925 1057,2924 1093,2924 1128,2924 1164,2924 1200,2924 1236,2924 1272,2924 1307,2924 1343,2924 1379,2924 1415,2923 1451,2923 1486,2922 1522,2922 1558,2921 1594,2920 1630,2919"/>
                <TextEquiv>
                    <Unicode>S’ils jouent leur röle consciencieu¬</Unicode>
                </TextEquiv>
            </TextLine>
            <TextLine id="r2l84" custom="readingOrder {index:83;}">
                <Coords points="1653,2948 2293,2951 2396,2939 2396,2917 2226,2897 2129,2917 1942,2894 1847,2916 1652,2909"/>
                <Baseline points="1662,2940 1698,2940 1734,2940 1770,2941 1806,2941 1843,2942 1879,2942 1915,2942 1951,2943 1987,2943 2024,2943 2060,2943 2096,2943 2132,2943 2168,2942 2205,2942 2241,2941 2277,2940 2313,2939 2349,2937 2386,2936"/>
                <TextEquiv>
                    <Unicode>La Roussorie, Mauprey, Gaultier, Sa¬</Unicode>
                </TextEquiv>
            </TextLine>
            <TextLine id="r2l85" custom="readingOrder {index:84;}">
                <Coords points="900,2975 941,2984 966,2974 1016,2978 1033,2967 1074,2978 1083,2968 1100,2976 1113,2966 1173,2974 1173,2932 1130,2927 1081,2946 1059,2929 900,2935"/>
                <Baseline points="910,2963 935,2963 960,2963 986,2963 1011,2963 1037,2963 1062,2963 1087,2963 1113,2962 1138,2962 1164,2962"/>
                <TextEquiv>
                    <Unicode>sement, ouf.</Unicode>
                </TextEquiv>
            </TextLine>
            <TextLine id="r2l86" custom="readingOrder {index:85;}">
                <Coords points="1638,2982 1750,2972 1786,3000 1905,2982 1942,3005 2215,3005 2254,2985 2364,3008 2394,3006 2395,2941 1638,2943"/>
                <Baseline points="1647,2975 1683,2975 1720,2974 1757,2974 1794,2975 1831,2975 1868,2976 1905,2976 1942,2977 1979,2977 2016,2978 2052,2979 2089,2979 2126,2980 2163,2980 2200,2980 2237,2979 2274,2979 2311,2978 2348,2977 2385,2975"/>
                <TextEquiv>
                    <Unicode>lou, Dagand. dont Léloge n’est pas d.</Unicode>
                </TextEquiv>
            </TextLine>
            <TextLine id="r2l87" custom="readingOrder {index:86;}">
                <Coords points="1021,3016 1379,3032 1561,3010 1676,3031 1794,3010 1794,2982 1654,2988 1593,2962 1021,2970"/>
                <Baseline points="1030,3004 1067,3006 1105,3007 1143,3008 1181,3008 1218,3008 1256,3009 1294,3009 1332,3009 1369,3008 1407,3008 1445,3008 1483,3008 1520,3008 1558,3008 1596,3008 1634,3009 1671,3010 1709,3011 1747,3012 1785,3014"/>
                <TextEquiv>
                    <Unicode>Combien de chiens sur la#faire.</Unicode>
                </TextEquiv>
            </TextLine>
            <TextLine id="r2l88" custom="readingOrder {index:87;}">
                <Coords points="897,3058 951,3059 961,3052 976,3064 991,3058 1007,3068 1032,3046 1049,3050 1049,3022 1036,3022 1031,3016 1016,3020 995,3014 988,3021 973,3009 956,3020 943,3010 915,3006 910,3012 898,3011"/>
                <Baseline points="906,3047 932,3048 959,3048 986,3049 1013,3049 1040,3051"/>
                <TextEquiv>
                    <Unicode>scène</Unicode>
                </TextEquiv>
            </TextLine>
            <TextLine id="r2l89" custom="readingOrder {index:88;}">
                <Coords points="1736,3060 2401,3063 2401,3020 2334,3003 2289,3025 2110,2997 2070,3025 1968,2995 1736,3021"/>
                <Baseline points="1745,3048 1777,3048 1809,3049 1841,3049 1874,3049 1906,3049 1938,3049 1971,3049 2003,3050 2035,3050 2068,3050 2100,3050 2132,3050 2164,3050 2197,3050 2229,3050 2261,3050 2294,3049 2326,3049 2358,3048 2391,3048"/>
                <TextEquiv>
                    <Unicode>— En sömme, une pièce essenliel¬</Unicode>
                </TextEquiv>
            </TextLine>
            <TextLine id="r2l90" custom="readingOrder {index:89;}">
                <Coords points="1654,3098 2401,3116 2401,3058 1772,3063 1654,3040"/>
                <Baseline points="1664,3087 1700,3087 1736,3087 1773,3087 1809,3088 1846,3088 1882,3088 1918,3089 1955,3089 1991,3090 2028,3090 2064,3091 2100,3091 2137,3092 2173,3092 2210,3092 2246,3092 2282,3092 2319,3092 2355,3092 2392,3091"/>
                <TextEquiv>
                    <Unicode>lement française par son auteur et.</Unicode>
                </TextEquiv>
            </TextLine>
            <TextLine id="r2l91" custom="readingOrder {index:90;}">
                <Coords points="1004,3123 1075,3141 1200,3124 1407,3141 1456,3124 1529,3131 1570,3111 1570,3077 1422,3089 1366,3068 1286,3098 1004,3089"/>
                <Baseline points="1013,3118 1040,3120 1067,3122 1095,3123 1122,3124 1149,3125 1177,3126 1204,3126 1231,3126 1259,3126 1286,3126 1313,3125 1341,3125 1368,3124 1395,3123 1423,3123 1450,3122 1477,3122 1505,3122 1532,3121 1560,3121"/>
                <TextEquiv>
                    <Unicode>- Vous n’étes pas inquiet?</Unicode>
                </TextEquiv>
            </TextLine>
            <TextLine id="r2l92" custom="readingOrder {index:91;}">
                <Coords points="1654,3146 1714,3148 1748,3133 1789,3130 1837,3130 1852,3143 1869,3143 1888,3126 1918,3128 1918,3109 1899,3113 1877,3092 1824,3103 1800,3092 1712,3103 1692,3094 1654,3098"/>
                <Baseline points="1664,3125 1691,3126 1718,3126 1745,3126 1772,3125 1799,3125 1826,3125 1853,3126 1880,3126 1908,3127"/>
                <TextEquiv>
                    <Unicode>son elimat.</Unicode>
                </TextEquiv>
            </TextLine>
            <TextLine id="r2l93" custom="readingOrder {index:92;}">
                <Coords points="1755,3175 2306,3167 2418,3190 2417,3123 2337,3139 2240,3104 1755,3136"/>
                <Baseline points="1765,3167 1797,3167 1829,3167 1861,3166 1893,3166 1926,3165 1958,3165 1990,3164 2022,3164 2054,3164 2087,3163 2119,3163 2151,3163 2183,3163 2215,3162 2248,3162 2280,3162 2312,3163 2344,3163 2376,3163 2409,3164"/>
                <TextEquiv>
                    <Unicode>Oui, et c’est peut-étrela raison</Unicode>
                </TextEquiv>
            </TextLine>
            <TextLine id="r2l94" custom="readingOrder {index:93;}">
                <Coords points="971,3175 1656,3187 1656,3143 1557,3118 1352,3151 1202,3126 1094,3150 1027,3119 971,3132"/>
                <Baseline points="979,3169 1012,3170 1045,3171 1079,3172 1112,3173 1145,3174 1179,3175 1212,3176 1245,3176 1279,3176 1312,3177 1345,3177 1379,3177 1412,3177 1445,3176 1479,3176 1512,3175 1545,3175 1579,3173 1612,3172 1646,3171"/>
                <TextEquiv>
                    <Unicode>— Non. Pitoëff a dressé un molosse</Unicode>
                </TextEquiv>
            </TextLine>
            <TextLine id="r2l95" custom="readingOrder {index:94;}">
                <Coords points="1661,3211 2399,3215 2399,3183 2305,3166 1661,3170"/>
                <Baseline points="1671,3204 1706,3204 1742,3204 1778,3204 1814,3204 1850,3204 1886,3205 1922,3205 1958,3205 1994,3206 2030,3206 2065,3206 2101,3206 2137,3206 2173,3206 2209,3206 2245,3205 2281,3205 2317,3204 2353,3203 2389,3201"/>
                <TextEquiv>
                    <Unicode>qui sait que Pitööff s’adonne à sa</Unicode>
                </TextEquiv>
            </TextLine>
            <TextLine id="r2l96" custom="readingOrder {index:95;}">
                <Coords points="908,3227 1646,3225 1646,3180 1623,3176 1289,3191 908,3171"/>
                <Baseline points="917,3217 953,3216 989,3215 1025,3214 1061,3213 1097,3213 1133,3213 1169,3213 1205,3213 1241,3214 1277,3214 1313,3214 1349,3214 1385,3215 1421,3215 1457,3214 1493,3214 1529,3213 1565,3212 1601,3211 1637,3209"/>
                <TextEquiv>
                    <Unicode>qui se précipitera dans ia salle sur</Unicode>
                </TextEquiv>
            </TextLine>
            <TextLine id="r2l97" custom="readingOrder {index:96;}">
                <Coords points="1655,3246 2400,3247 2400,3213 2342,3204 2310,3221 2282,3202 2252,3219 1655,3207"/>
                <Baseline points="1665,3243 1701,3242 1737,3242 1773,3242 1810,3242 1846,3242 1882,3243 1919,3243 1955,3243 1991,3243 2028,3244 2064,3244 2100,3244 2136,3244 2173,3244 2209,3243 2245,3243 2282,3242 2318,3241 2354,3239 2391,3237"/>
                <TextEquiv>
                    <Unicode>mise en scène avec ferveur. Il m'a</Unicode>
                </TextEquiv>
            </TextLine>
            <TextLine id="r2l98" custom="readingOrder {index:97;}">
                <Coords points="903,3254 1643,3261 1643,3224 1568,3211 903,3226"/>
                <Baseline points="913,3252 949,3251 985,3251 1021,3250 1057,3250 1093,3251 1129,3251 1165,3251 1201,3252 1237,3252 1273,3252 1309,3253 1345,3253 1381,3253 1417,3253 1453,3252 1489,3252 1525,3251 1561,3250 1597,3248 1633,3246"/>
                <TextEquiv>
                    <Unicode>toute-personne qui ne manifestera</Unicode>
                </TextEquiv>
            </TextLine>
            <TextLine id="r2l99" custom="readingOrder {index:98;}">
                <Coords points="1661,3287 2167,3275 2339,3294 2406,3266 2406,3234 2230,3259 1661,3246"/>
                <Baseline points="1671,3279 1707,3279 1743,3279 1779,3279 1816,3280 1852,3280 1888,3280 1924,3281 1961,3281 1997,3281 2033,3282 2069,3282 2106,3281 2142,3281 2178,3280 2214,3280 2251,3278 2287,3277 2323,3275 2359,3273 2396,3270"/>
                <TextEquiv>
                    <Unicode>dit: . Je viens de souer du Strin.i¬</Unicode>
                </TextEquiv>
            </TextLine>
            <TextLine id="r2l100" custom="readingOrder {index:99;}">
                <Coords points="909,3304 1641,3297 1641,3262 1582,3252 1528,3269 909,3257"/>
                <Baseline points="918,3296 953,3293 989,3291 1025,3290 1061,3288 1096,3288 1132,3287 1168,3287 1204,3287 1239,3288 1275,3288 1311,3289 1347,3289 1382,3290 1418,3290 1454,3290 1490,3290 1525,3290 1561,3290 1597,3289 1633,3287"/>
                <TextEquiv>
                    <Unicode>pas de Tenthousiasme pour la piéce.</Unicode>
                </TextEquiv>
            </TextLine>
            <TextLine id="r2l101" custom="readingOrder {index:100;}">
                <Coords points="1659,3321 2412,3332 2412,3265 2339,3294 2165,3274 1659,3288"/>
                <Baseline points="1669,3321 1705,3318 1742,3316 1779,3315 1815,3314 1852,3314 1889,3314 1925,3314 1962,3315 1999,3316 2036,3317 2072,3318 2109,3319 2146,3320 2182,3321 2219,3321 2256,3321 2292,3320 2329,3320 2366,3318 2403,3316"/>
                <TextEquiv>
                    <Unicode>berg, du Bergmann, du Schnitzler du¬</Unicode>
                </TextEquiv>
            </TextLine>
            <TextLine id="r2l102" custom="readingOrder {index:101;}">
                <Coords points="1018,3330 1119,3323 1225,3355 1485,3333 1628,3354 1644,3292 1018,3298"/>
                <Baseline points="1028,3326 1058,3325 1088,3324 1119,3324 1149,3325 1179,3325 1210,3325 1240,3326 1270,3327 1301,3328 1331,3328 1361,3329 1392,3329 1422,3329 1452,3330 1483,3329 1513,3329 1543,3328 1574,3327 1604,3325 1635,3323"/>
                <TextEquiv>
                    <Unicode>Les critiques se vengeront le</Unicode>
                </TextEquiv>
            </TextLine>
            <TextLine id="r2l103" custom="readingOrder {index:102;}">
                <Coords points="1659,3362 2409,3369 2409,3333 1658,3322"/>
                <Baseline points="1668,3356 1704,3356 1741,3356 1777,3356 1814,3356 1851,3356 1887,3356 1924,3356 1960,3356 1997,3356 2034,3355 2070,3355 2107,3355 2143,3355 2180,3354 2217,3354 2253,3354 2290,3353 2326,3353 2363,3352 2400,3352"/>
                <TextEquiv>
                    <Unicode>Bernard ### des Suedöis, des Al¬</Unicode>
                </TextEquiv>
            </TextLine>
            <TextLine id="r2l104" custom="readingOrder {index:103;}">
                <Coords points="898,3367 913,3365 941,3388 950,3378 984,3382 999,3371 1036,3375 1051,3368 1096,3379 1109,3368 1124,3376 1162,3367 1162,3348 1135,3350 1113,3331 1048,3338 1031,3325 1012,3334 973,3328 962,3317 925,3320 899,3311"/>
                <Baseline points="908,3366 935,3364 962,3363 989,3363 1016,3364 1043,3364 1070,3365 1097,3365 1124,3366 1152,3365"/>
                <TextEquiv>
                    <Unicode>Lendemain.</Unicode>
                </TextEquiv>
            </TextLine>
            <TextLine id="r2l105" custom="readingOrder {index:104;}">
                <Coords points="1649,3395 2125,3397 2204,3419 2349,3395 2409,3417 2409,3369 2373,3358 1649,3369"/>
                <Baseline points="1659,3395 1696,3395 1733,3395 1770,3395 1807,3394 1844,3394 1881,3393 1918,3392 1955,3392 1992,3391 2029,3390 2066,3390 2103,3389 2140,3389 2177,3389 2214,3389 2251,3389 2288,3390 2325,3391 2362,3393 2400,3394"/>
                <TextEquiv>
                    <Unicode>lemands, des Irlandais, Je reviens à</Unicode>
                </TextEquiv>
            </TextLine>
            <TextLine id="r2l106" custom="readingOrder {index:105;}">
                <Coords points="1026,3417 1181,3415 1207,3397 1228,3415 1323,3402 1388,3424 1584,3405 1584,3381 1463,3348 1360,3378 1291,3357 1209,3376 1026,3376"/>
                <Baseline points="1035,3405 1062,3405 1089,3404 1116,3404 1143,3404 1170,3404 1197,3403 1224,3403 1251,3404 1278,3404 1305,3404 1332,3404 1359,3404 1386,3404 1413,3404 1440,3404 1467,3404 1494,3404 1521,3403 1548,3403 1575,3402"/>
                <TextEquiv>
                    <Unicode>L’avenir n’est à personne.</Unicode>
                </TextEquiv>
            </TextLine>
            <TextLine id="r2l107" custom="readingOrder {index:106;}">
                <Coords points="1654,3452 1743,3431 1810,3455 1900,3458 1956,3432 1975,3445 2150,3443 2150,3398 1898,3395 1878,3410 1851,3395 1653,3394"/>
                <Baseline points="1663,3433 1688,3432 1713,3431 1738,3431 1763,3431 1788,3430 1813,3430 1839,3430 1864,3431 1889,3431 1914,3431 1939,3431 1964,3431 1990,3431 2015,3431 2040,3431 2065,3430 2090,3430 2115,3429 2141,3427"/>
                <TextEquiv>
                    <Unicode>la France, ma nourrice.</Unicode>
                </TextEquiv>
            </TextLine>
            <TextLine id="r2l108" custom="readingOrder {index:107;}">
                <Coords points="1026,3430 1129,3455 1146,3440 1198,3457 1648,3455 1648,3399 1631,3393 1545,3417 1026,3413"/>
                <Baseline points="1035,3438 1065,3439 1095,3440 1125,3440 1155,3441 1186,3442 1216,3443 1246,3444 1276,3445 1306,3445 1337,3446 1367,3446 1397,3446 1427,3446 1457,3446 1488,3445 1518,3444 1548,3443 1578,3442 1608,3440 1639,3437"/>
                <TextEquiv>
                    <Unicode>Sans plaisanterie, étes-vous</Unicode>
                </TextEquiv>
            </TextLine>
            <TextLine id="r2l109" custom="readingOrder {index:108;}">
                <Coords points="1901,3490 2204,3491 2264,3475 2299,3505 2357,3504 2387,3495 2388,3424 2337,3442 2279,3423 2230,3445 1976,3446 1956,3433 1902,3455"/>
                <Baseline points="1911,3474 1936,3473 1962,3473 1988,3473 2014,3474 2040,3474 2066,3474 2092,3474 2118,3475 2144,3475 2169,3475 2195,3476 2221,3476 2247,3476 2273,3476 2299,3477 2325,3477 2351,3477 2377,3476"/>
                <TextEquiv>
                    <Unicode>GEORGES EMMANURE</Unicode>
                </TextEquiv>
            </TextLine>
            <TextLine id="r2l110" custom="readingOrder {index:109;}">
                <Coords points="912,3492 1007,3508 1033,3484 1196,3484 1334,3508 1543,3480 1543,3450 1478,3444 1071,3453 1037,3432 1019,3449 912,3449"/>
                <Baseline points="922,3477 952,3477 983,3478 1013,3478 1044,3479 1075,3479 1105,3480 1136,3481 1166,3481 1197,3482 1228,3482 1258,3483 1289,3483 1319,3483 1350,3483 1381,3483 1411,3483 1442,3483 1472,3483 1503,3482 1534,3481"/>
                <TextEquiv>
                    <Unicode>content de vos interprétes?</Unicode>
                </TextEquiv>
            </TextLine>
            <TextLine id="r2l111" custom="readingOrder {index:110;}">
                <Coords points="917,3562 933,3562 948,3552 963,3552 968,3546 985,3546 999,3555 1002,3551 1017,3553 1016,3508 992,3506 985,3514 981,3510 966,3511 960,3505 945,3504 927,3512 915,3510"/>
                <Baseline points="925,3537 952,3536 979,3536 1007,3535"/>
                <TextEquiv>
                    <Unicode>—</Unicode>
                </TextEquiv>
            </TextLine>
            <TextLine id="r2l112" custom="readingOrder {index:111;}">
                <Coords points="1707,3549 1742,3547 1767,3562 1778,3563 1825,3554 1843,3561 1843,3508 1815,3507 1800,3513 1787,3505 1783,3509 1768,3506 1757,3497 1734,3502 1706,3497"/>
                <Baseline points="1717,3536 1746,3537 1775,3536 1804,3535 1833,3536"/>
                <TextEquiv>
                    <Unicode>  </Unicode>
                </TextEquiv>
            </TextLine>
            <TextLine id="r2l113" custom="readingOrder {index:112;}">
                <Coords points="2060,3560 2071,3560 2081,3555 2095,3564 2108,3562 2130,3566 2134,3562 2149,3563 2152,3509 2132,3510 2122,3516 2099,3500 2095,3504 2088,3499 2078,3505 2063,3502"/>
                <Baseline points="2070,3535 2106,3537 2142,3539"/>
                <TextEquiv>
                    <Unicode></Unicode>
                </TextEquiv>
            </TextLine>
            <TextLine id="r2l114" custom="readingOrder {index:113;}">
                <Coords points="1422,3555 1433,3557 1445,3547 1454,3553 1465,3547 1499,3555 1523,3542 1540,3548 1546,3544 1559,3552 1574,3545 1590,3547 1591,3509 1576,3513 1559,3496 1537,3503 1523,3497 1505,3503 1482,3495 1466,3495 1451,3506 1423,3502"/>
                <Baseline points="1431,3539 1456,3537 1481,3537 1506,3538 1531,3539 1556,3539 1581,3537"/>
                <TextEquiv>
                    <Unicode>—</Unicode>
                </TextEquiv>
            </TextLine>
            <TextLine id="r2l115" custom="readingOrder {index:114;}">
                <Coords points="1591,3640 2296,3601 2280,3547 2124,3569 1914,3549 1760,3569 1691,3547 1588,3574"/>
                <Baseline points="1599,3611 1633,3611 1667,3610 1701,3609 1736,3607 1770,3606 1804,3605 1839,3603 1873,3601 1907,3600 1942,3598 1976,3597 2010,3595 2044,3594 2079,3591 2113,3590 2147,3589 2182,3588 2216,3587 2250,3586 2285,3586"/>
                <TextEquiv>
                    <Unicode>I P#e.—</Unicode>
                </TextEquiv>
            </TextLine>
            <TextLine id="r2l116" custom="readingOrder {index:115;}">
                <Coords points="1147,3651 1171,3654 1179,3648 1201,3655 1339,3646 1336,3568 1306,3563 1286,3570 1271,3563 1252,3573 1230,3564 1224,3570 1196,3565 1144,3573"/>
                <Baseline points="1156,3628 1184,3627 1213,3627 1242,3626 1271,3625 1300,3623 1329,3621"/>
                <TextEquiv>
                    <Unicode></Unicode>
                </TextEquiv>
            </TextLine>
            <TextEquiv>
                <Unicode>box 13/5
N° DE DEeir
geiren A. ECHO DE PARIS
Adresse PLACE DE LOPERA, 6, IX“
Date:
10 MARs 1933
Signakure
rposition: 
  
AU THEATRE DE LÄVENUE
Avant“ Marc- Aurele?“ de M. Le Marois
—
□
— Votre première pièce ?
— Enchanté, et très reconnaissant
Ouf.
à Pitoöff ddvoir accepté une piece de
Une tragédie?
Udébutant. F lut ai donné mon ma¬
Non, une furce.
Inuserit; ie lendemain il me tété¬
 Pourtant ie titre: Mare-Au¬
phonait ettsavait déja sön röle miena
rele 7.
que moi. Oest un homme merveil¬
— C’est le nom d’un chien trés
leug.
sage. i est rrai qu'ä l’äge de qua¬
— Ouel est son röle?
torze ans favais commencé une tra¬
Celui d'un petit employé, un
gédie sür cet empereur romain:
peu dingo, mdis dont le cceur est
sincère. Maladroit, it finit par réus¬
mais je n'ai jamais pu dépasser ie
sir., Au fond. Charlot. Jen crois que
milien du premier acte. Obstination
cest dans ce genre de personnage
ou paresse, Pai gardé#lie titre.
que Pitoöff est ie plus touchant.
Alors pendant quelques années
Et Lüdmilla?
nous vons étes éloiqné du thédtre.
Une jeune fille oiseau, ser¬
Qu'aves-vous sait ?
pent, papillon. Si légère, qu’elle sem¬
— Dudroit, de Pariation, ces deur
ble danser un ballet.
métiers qui vous apprennent d bien
 Les autres!?
voler.
— Charles Fallot, le célèbre chan¬
Vous étes, ironique. Aimez¬
sonnier, qui remporte ence moment
vous Beaumarchais?
un si grand succès auprès de Lu¬
Qui, et Raeine et Corneille, et
cienne Boyer, et qui a bien vonlu ae¬
Molière, et Mariraug. Tout béte¬
cepter de créer un personnage de
ment. Je ne m'en cache pas. 6 Du
savant, avec sa verve si personnelie.
temps que j’étais écolier n que de
Madeleine Guittu, qui fait rire schs.
soirées verducs d. la Comédie-Fran¬
avoir besein d’ouerir la bouche, ce
çaise., J’entends encore au sond de
qui est bien commode pour un au¬
mon enfance lo voir divine de Bur¬
teur. Balpétré, le remarquable due
tet dans Bérénice.
Strozzt duns Lorenzaccio, qui, mal¬
Et les chiens? Naturellement,
heureusement, n’est plus ici qufun
vous adorez les chiens.
pécheur ##la ligne. Marie Kalff, unc.
le sais pas encore. Je
Je ne
rieille demoiselle surannée. Et toule
ça après la générale.
vous dirat
la troupe de la compagnie Pitoöff,
S’ils jouent leur röle consciencieu¬
La Roussorie, Mauprey, Gaultier, Sa¬
sement, ouf.
lou, Dagand. dont Léloge n’est pas d.
Combien de chiens sur la#faire.
scène
— En sömme, une pièce essenliel¬
lement française par son auteur et.
- Vous n’étes pas inquiet?
son elimat.
Oui, et c’est peut-étrela raison
— Non. Pitoëff a dressé un molosse
qui sait que Pitööff s’adonne à sa
qui se précipitera dans ia salle sur
mise en scène avec ferveur. Il m'a
toute-personne qui ne manifestera
dit: . Je viens de souer du Strin.i¬
pas de Tenthousiasme pour la piéce.
berg, du Bergmann, du Schnitzler du¬
Les critiques se vengeront le
Bernard ### des Suedöis, des Al¬
Lendemain.
lemands, des Irlandais, Je reviens à
L’avenir n’est à personne.
la France, ma nourrice.
Sans plaisanterie, étes-vous
GEORGES EMMANURE
content de vos interprétes?
—
  

—
I P#e.—
</Unicode>
            </TextEquiv>
        </TextRegion>
    </Page>
</PcGts>
