3436 4224
457 153 697 229 iebe
961 156 1399 247 box 10/3
256 154 858 272 5. ei
334 977 1437 1088 Max Karfunkel's Nachrichten-Bureau, Argus“
405 1063 1381 1166 Berlin C., Poststrasse 29. Telephon V, 1227.
1184 1129 1370 1203 Paris.
767 1137 1078 1213 New-Vork.
424 1155 651 1225 London.
348 1207 1459 1296 (Liest alle Zeitungen der Welt und liefert aus denselben
539 1243 1244 1313 Ausschnitte über jeden Gegenstand.)
668 1434 952 1530 Nachrichten.
586 1595 1062 1708 Frankfurt a. M.
661 1800 1017 1898 8-TEB.96
413 1928 986 2001 Berliner Brief.
688 1985 1254 2096 Berlin, den 6. Febrikgr.
435 2047 1561 2139 Endlich nach mon telangen Kämpfen hat nun auch das
399 2118 1554 2195 „Deutsche Theite“ einen Erfolg zu verzeichnen. Ist
404 2166 1555 2240 es auch kein Erfolg mit Päiken und Trompeten, so ist es
403 2219 1554 2289 immerhin ein Erfolg, in ehrlicher Erfolg, zu dem Brahm,
402 2275 1549 2346 der Direktor des „Deutschen Theaters“, noch mehr zu
406 2326 1554 2394 beglückwünschen ist, äls der junge Autor des Stückes,
414 2362 1549 2439 Arthur Schnitzler aus Wien, denn die kolossalen Aus¬
416 2413 1557 2485 gaben für die Ausstattung der letzten Durchfälle hatten
418 2459 1563 2528 bedenkliche Löcher in die Theaterkasse gerissen. Man muß
417 2507 1560 2575 es dem rührigen Direktor des „Deutschen Theaters“ nach¬
417 2555 1555 2631 sagen, daß er selbst aus seinen Niederlagen Nutzen zu
414 2605 1560 2683 ziehen weiß, indem er aus denselben mit feinem Gefühl
419 2668 1572 2726 die augenblickliche Stimmung der Berliner Theaterkund¬
426 2698 1574 2778 schaft herausfühlt und im Handumdrehen ein Stück zu
415 2758 1569 2837 serviren weiß, das allen Anforderurgen dieser Gourmand¬
429 2794 1572 2864 laune entspricht. Mit einer ziemlichen Dosis Realismus
418 2844 1575 2931 ist auch dieses Stück gepfeffert, aber doch so, daß man
427 2894 1570 2974 beim Schlucken wenigstens keinen Brechreiz verspürt, wie
434 2943 1571 3025 bei der historischen Pastete „Florian Geyer“, denn
436 2991 1578 3067 Schnitzler's Realismus in seinem Schauspiel Liebelei“
422 3047 1579 3124 ist durchaus genießbar und vor allem — appetitlich. Der
441 3079 1576 3169 fante Cargeruch, der von Hauptmann's dramatischen
442 3127 1574 3212 Saucen ausgeht, verdirbt Einem weder den Genuß noch
435 3178 1579 3272 die Verdauung. Ja Schnitzler thut noch ein Uebriges
434 3228 1585 3309 und mischt in seine „Liebelei“ überaus gemüthliche, an
427 3288 1588 3373 das Wiener Volksstück erinnernde Gewürze, die über das
431 3350 1571 3438 Brutale in der Doppel=Liebschaft seines Helden leicht und
423 3428 889 3504 pikant hinwegtäuschen.
2554 504 2710 652 27
2094 601 3215 789 Varkariuntefs Nachrichten Durenn. Inn¬
2159 704 3146 846 venin C. Poststrase 20. Tlepion v. 1297.
2186 761 2407 848 London.
2535 809 2807 889 New-Vork.
2938 848 3116 923 Paris.
2093 829 3192 980 (Liest alle Zeitungen der Welt und liefert aus denselben
2284 898 2992 1016 Anschmite aber Jodon Gesensund)
2480 1210 2564 1276 14
2293 1650 2948 1752 Berliner Bühnenberichte.
2137 1703 3200 1809 * Nach so mancher wildbewegten Première war dem
2061 1770 3202 1836 DeutschenTheater endlich ein starker, völlig ungetrübter
2068 1826 3189 1896 Erfolg beschieden und während des ganzen Abends der
2066 1863 3195 1931 mit einem gebrochenen Krug begann und mit einem ge¬
2071 1906 3195 1977 brochenen Herzen endete, herrschte zwischen Bühne und
2074 1946 3197 2027 Zuschauerraum jene innige Verbindung, die sich nur aus
2065 1996 3199 2068 den feinen Reizen eines wirklichen Dichterwerks und aus
2066 2044 3191 2105 einer meisterlichen, darstellerischen Vermittelung entspinnt.
2072 2084 3178 2166 Frau Agnes Sorma war die Christine der Liebelei“
2078 2107 3195 2201 Diese unvergleichliche Künstlerin hat hier wieder emmal
2071 2177 3214 2242 aus tiefstem Empfinden heraus eine Gestalt geschaffen, die
2076 2215 3208 2283 sich unvergeßlich dem Gedächtniß einprägt. Es giebt gegen¬
2078 2250 3219 2325 wärtig wohl kaum noch eine zweite Künstlerin der deutschen
2080 2308 3218 2369 Bühne, die mit so meisterlicher Beherrschung ihrer Kunst
2072 2359 3201 2409 einen solchen Zauber der Persönlichkeit und eine so un¬
2074 2401 3208 2454 widerstehliche Macht auf die Seelen der Hörer vereint¬
2076 2430 3198 2505 Die ganze Aufführung war eine der besten, die das
2081 2474 3206 2547 Deutsche Theater seit Langem geboten hat. Als Modistin
2073 2534 3205 2582 Mizi war Gisela Schneider von einer prachtvollet
2076 2568 3210 2624 Frische und appetitlichstem Humor, und Herr Jarno als
2085 2611 3210 2670 echt weaner'sches Früchtl bot eine köstliche Leistung von
2087 2675 3205 2734 flottester Liebenswürdigkeit. Rudolf Rittner spielte den
2090 2690 3214 2776 Fritz mit schlichtester Natürlichkeit, und der alte Musikant¬
2081 2744 3208 2814 war in der aus dem Leben schöpfenden Kunst Reicher's
2092 2784 3212 2865 eine so echt wirkende Gestalt, daß man sich unwillkürlich
2089 2833 3210 2908 fragte: „Wo hast Du nur den Alten schon gesehen?" Die
2092 2874 3207 2949 Episode des Gatten brachte Hermann Rissen zu ein¬
2083 2923 3227 2989 dringlichster Wirkung. Wir haben uns so viel mit dem
2089 2969 3220 3024 modernen Pocten beschäftigt, daß uns jetzt in der vor¬
2086 3013 3213 3095 gerückten Stunde, nur wenig Zeit für den Dichter des
2087 3059 3211 3127 „Zerbrochenen Krug“ und die Darstellung des Kleist'schen
2093 3092 3213 3165 Werkes übrig bleibt. Hermann Müller hat als Dorf¬
2086 3137 3219 3204 richter Adam eine ganz vortreffliche Leistung geboten und
2092 3193 3225 3266 in vielen Zügen diesen alten Sünder und Dorftyrannen
2097 3227 3215 3299 wohl getroffen, ohne aber Alles heraus zu holen, was in
2099 3261 3226 3358 dieser wunderbaren Komödiengestalt steckt. Für die Marthe
2105 3315 3219 3394 Rull ist die Komik Marie Meyer's sozusagen nicht feist
2100 3357 3222 3438 genug. Als verbissene Frau Strumpfwirker hingegen in
2097 3410 3228 3481 der „Liebelei“ zeigte sich die Charakterkunst der aus¬
2107 3448 3219 3533 gezeichneten Darstellerin in ihrer ganzen Schärfe, die hier
2105 3498 3265 3567 auch erforderlich wär. Eine entzückende Eva war Fräulein
2110 3561 2310 3625 Staale-
