3484 4192
372 144 666 214 Liebel
335 138 1335 233 1 box 13/1
353 617 513 781 9
558 711 1213 804 Dr. Max Goldschmidt
567 790 1195 867 Büro für Zeitungsausschnitte
377 851 670 921 BERLIN N 4
923 850 1368 932 Telefon Norden 3051
710 945 1026 1019 Ausschnitt aus
412 1033 1321 1086 Hamburgischer Correspondent
703 1114 1155 1250 26. März 1927.
671 1241 1237 1319 Passage=Theater.
826 1295 1054 1357 Liebelei.
409 1337 1574 1392 Ganz knapp und einfach sind die Konturen dieses kleinen
434 1390 500 1430 itzle
529 1389 1575 1438 Dramas und doch so ungemein wirkungsvoll und
370 1427 1565 1469 gegenwärtig. Ein junger Student verfängt sich ins raffi¬
324 1464 1577 1522 #iert geknüpfté Netz einer charmanten Frau und verendet darin
347 1509 1589 1553 — der Pistolenschuß des betrogenen Gatten spricht ein letztes
342 1541 1586 1588 Wort zur Liebelei. Und ein Jungmädelherz zerbricht, unentrinn¬
1174 1581 1575 1631 So sagt es Schnitz¬
336 1573 1050 1640 bare Einsamkeit hebt den Giftbecher
353 1613 1584 1660 ler, ohne Pathos, zarte Linien malt er, gedämpftes Wiener
324 1671 980 1727 Kolorit, graziös, blutdurchriefelt.
399 1701 1580 1751 In brennend dunklen Farben, voll Spannung und sanfter
331 1738 1574 1773 Traurigkeit, ohne Bruch und Sprung hebt der Film die Vision
325 1770 1576 1826 des Dichters ins Licht. Figuren von Fleisch und Blut stehen
320 1815 1576 1874 triebgebunden an der Grenze einer sinnvoll=sinnlosen Weltord¬
325 1855 1581 1907 nung, man fühlt: hier ist der Tod Notwendigkeit, Ruhe, Er¬
320 1898 1580 1944 lösung. Und erschüttert steht man im Schatten unerbittlich¬
334 1931 1576 1979 unbegreiflicher Naturgesetze. J. u. L. Fleck, die für die Regie
325 1973 1572 2021 zeichnen, sind keine Unbekannte. Aber ihr seitheriges Schaffen
326 2008 1571 2062 tritt weit zurück hinter die überragende Leistung in diesem
327 2047 1567 2095 Siebenakter. Mit Klugheit und feinem Gefühl für das Wesent¬
328 2089 1579 2140 liche sind Großes und Kleines zu einem Stück Leben voll sakraler
333 2135 1571 2174 und profaner Bedingtheiten geformt. Hier ist kein Zuviel, kein
323 2165 1570 2214 Zuwenig, alles wohl abgestimmt auf weichen Kontrast von Dur
331 2210 1280 2258 und Moll, harmonisch und sicher im Rhythmus.
401 2245 1559 2305 Zum ersten Mal begegnet uns Evelyn Holt in Ham¬
329 2288 1568 2344 burg, der junge Star der Hegewald Film=Gesellschaft. Um ihr
331 2332 1568 2381 rührendes Spiel weben alle herben und zarten Lichter des deut¬
325 2366 1572 2429 schen Gretchen=Ideals und sichern ihr von Anbeginn unsere
322 2397 1570 2458 ganze Sympathie. Es ist erstaunlich, mit welcher dramatischen
322 2450 1574 2492 Entschiedenheit, geistiger Durchdringung ihrer Rolle, mit wel¬
332 2481 1562 2537 cher Bühnensicherheit uns diese Filmnovize entgegentritt. Ihr
327 2524 1570 2573 natürlicher Liebreiz (nicht einmal einen Bubikopf trägt die
326 2552 1565 2600 herzige Evelyn) hebt sie leicht aus der Masse, die innere Frei¬
327 2599 1562 2652 heit des Spiels ist ergreifend, der äußeren fehlt manchmal noch
326 2640 1549 2684 ein letzter Schliff. Zu Lillian Gish, deren Mimi in „Bohème“
323 2661 1562 2722 noch unvergessen ist, weisen starke Züge. Aber Evelyn Holt
326 2703 1562 2761 ist noch straffer, herber — gretchenhafter. Süßlich=Geziertes ist
321 2744 1564 2803 der Künstlerin fremd. Ihre Liebe und ihr Leid senken Wurzeln
325 2784 1564 2839 ins Herzblut, sie macht die hauchdünne Wand zwischen Kind und
333 2828 1570 2884 Weib sichtbar — und wir begreifen, daß soviel Zartheit sich
333 2862 1147 2931 ganz auflösen mußte, von innen heraus.
402 2896 1571 2955 Vivian Gibson spielt überzeugend mit allen Mitteln der
324 2954 1571 3002 verführerischen Frau. Alle Elemente der endlichen Katastrophe
330 2986 1574 3042 ballen sich in diesem Weibchen und drängen sunkenknatternd zur
326 3027 1568 3072 Entladung; so gut hat sie uns noch nicht gefallen. Hilde Maroff
326 3062 1563 3110 ist „nüdlich“, und in den männlichen Rollen sieht man wohl¬
327 3087 1559 3159 gefällige Erscheinungen. Louis Lück, in der Hauptrolle führt
326 3130 1572 3188 sich gut ein, doch Henry Stuart steht ihm kaum nach; Robert
820 3179 1344 3228 — schlachterprobte Kämpen.
336 3179 823 3242 Scholz und Karl Platen-
404 3191 1563 3254 Evelyn Holt und das Regisseur=Ehepaar stellten sich per¬
330 3249 1319 3311 sönlich vor — ein überaus lärmvoller Zwischenakt.
395 3293 1568 3343 Der Beethovenfilm ist sehenswert. Mitunter zu bedächtig
322 3326 1562 3377 registrierend — was hätte Romain Rolland daraus gemacht! —
325 3363 1560 3415 aber für breite Kreise eine packende Schilderung dieses Titanen¬
328 3408 1562 3455 Schicksals. Fritz Kortner bringt eine fabelhafte Maske, die man
334 3443 1573 3491 allerdings in den ersten Akten als solche empfindet, aber zum
328 3477 1558 3555 Schluß kann er stellenweise erschüttern. Die Szene, wo Beet¬
301 3538 1546 3630 hoven seiner zunehmenden Taubheit inne wird, ist unnachahm¬
305 3609 1541 3667 lich gestaltet. Beethovens Gedächtnis im Volk dient der Film
305 3653 1004 3733 sicher mehr als die meisten Feiern.
1911 1287 2048 1456 *
2112 1447 2760 1543 Dr. Max Goldschmidt
2119 1523 2756 1608 Büro für Zeitungsausschnitte
1941 1587 2215 1667 BERLIN N4
2474 1592 2923 1672 Teleion: Norden 3051
2252 1692 2585 1765 Ausschnitt aus
1981 1755 2898 1828 Hamburgischer Correspondent
2138 1890 2555 2017 9. April 1927
2011 2061 2659 2158 Kursaal=Lichtspiele,
1717 2113 2950 2207 Reform=Kino und Kammer=Lichtspiele.
1794 2170 2935 2242 Zwei interessante Neuheiten, die obige drei Pflegestätter
2341 2222 2848 2283 Besuchern in dieser Woche
1715 2241 2295 2320 wirklich guter Filmkunst ihre
1720 2262 2768 2340 bieten. Besonders begrüßenswert wieder einmal ei
1859 2304 2700 2375 erfilmt zu sehen, das bereits ungezählte Me
1914 2342 2671 2415 lg über die Bühne gegangen ist: Artl
1970 2396 2265 2456 Berk „Liehel
1984 2422 2318 2488 und L. Freas¬
2020 2461 2316 2528 dlung eine kün
2195 2506 2289 2562 ment
2124 2743 2173 2789 re
1903 2711 2003 2798 ung.
2438 2765 2647 2826 nnendster
1849 2772 2415 2838 westfilme entsprechend voll sp
1743 2804 2686 2866 der bekannte Tom Tyler eine ganz hervor
1748 2837 2784 2918 spielt. Die Emelka=Wochenschau wartet, wie
2800 2873 2921 2917 —K.•—
1743 2895 2519 2957 mit den neuesten Tagesereignissen auf.
2911 2831 2996 2887 nt.
2954 2912 3018 2973 8
