3436 4256
245 180 808 274 5. Liebelei
395 181 1383 295 SSESLET box 12/1
1260 858 1664 961 Telephon 12.801.
717 940 1471 1118 „OBSERVER
561 1083 1654 1192 1. österr. beh. konz. Unternehmen für Zeitungs¬
764 1153 1459 1215 Ausschnitte und Bibliographie.
734 1188 1527 1295 Wien, I., Conoordiaplatz 4.
959 1264 1316 1341 Vertretungen
569 1300 1673 1391 in Berlin, Brüssel, Budapest, Chicago, Cleveland, Christiania,
566 1359 1674 1416 Genf, Kopenhagen, London, Madrid, Mailand, Minneapolls,
571 1375 1690 1488 New ork, Paris, Rom, San Francisco, Stockholm, St. Peters¬
976 1438 1285 1502 burg, Toronto.
925 1482 1325 1553 Oeelienangabe ohne Gewähr.)
565 1541 975 1639 Ausschnitt aus:
567 1603 1599 1764 zem . terstsbürger Tostung, Bor
1852 1712 3017 1787 Die Aufführung war, wie schon gesagt, wieder einmal eine
1779 1737 3032 1844 glänzende. Sie weckt von neuem den schmerzlichen Gedanken,
1791 1788 3029 1882 daß wir die „Komische Oper“ in absehbarer Zeit nicht mehr
882 1795 1514 1903 Komische Oper.
1798 1822 3031 1934 haben werden. Meisterhaft als Sänger wie als Darsteller, löste
650 1870 1814 1969 Zum 1. Male „Liebelei“. Oper in drei Akten von
1800 1858 3036 1984 [Jean Nadolovitch in vornehmster Reserve seine Aufgabe
563 1924 1812 2042 Franz Neumann. Dichtung von Arthur Schnitzler.
666 1950 3035 2059 Die Beifallsstürme, die am Freitag abend nach allen drei in der Partie des Fritz. Nicht weniger gut war Richard
570 1953 3033 2128 Aktschlüssen das bis auf den letzten Platz besetzte Haus durch=[Wissial als Theodor. Ganz der leichtfertige, oberflächliche
582 2003 3029 2159 brausten, sie galten wohl in der Hauptsache dem unverwüst= Lebejüngling, der lustige, erheiternde Gesellschafter. Dem erst
584 2051 3029 2189 lichen Text der Oper, den sich der Komponist — ein Librettist im letzten Akt angesichts der Verzweiflung der Christine die
585 2095 3027 2251 ist nicht genannt — im engsten Anschluß an den Wortlaut, aus Ahnung aufdämmert, daß es auch einen Ernst des Lebens gibt.
577 2136 3028 2273 dem Schnitzlerschen Original geformt hat. Und dann nicht Entzückend lieb, ein süßes Mädel war Susanne Bachrich
578 2225 3050 2344 weniger der vortrefflichen. stimmungsvoll in sich abgerundetens als Mizzi. Maria Labia gab die Christine mit Wärme
1810 2225 3045 2328 und Temperament. Zu größerer, gewichtigerer Geste zwang sie
586 2287 1828 2384 Aufführung, welche vom Direktor Hans Gregor inszeniert,
591 2265 3051 2414 vom Kapellmeister E. N. von Reznicet geleitet wurde. der Komponist. Stimmlich schien nur die vortreffliche Sänge¬
1815 2314 3058 2412 rin nicht ganz auf gewohnter Höhe. Desider Zador gab
1812 2353 3056 2468 seinen Vater Musikanten, wie etwa den alten Miller aus „Ka¬
580 2369 1829 2473 Franz Neumann, der Komponist, z. Z. Kapellmeister am
585 2422 1824 2495 Stadttheater zu Frankfurt a. M., hätte sich kaum ein besseres
591 2445 3060 2555 Tertbuch wählen können; allerdings mußte man sich zunächst bals und Liebe“. Für die zum Klatsch bereite Frau Binder
585 2479 3065 2587 mit der Tatsache abfinden, daß ein solcher Text uberhaupt in sand Emma Seebold Ton und Haltung. Ein Herr war
587 2465 3074 2632 Musik gesetzt wird. Die größte Schwierigkeit bereitete wohl[ Kail Armster. Er war es mit Würde und Anstand. Die
587 2522 3072 2681 der erste Akt mit seinen breit ausgesponnenen Dialogszenen. Daj Regie Direktor Gregors, die Ausstattung waren wie immer
592 2566 3076 2724 galt es, für Banalitäten, für Trivialitäten, für hohle, leerei vorbildlich. Ein Wort wärmster Anerkennung sei dem Orche¬
1821 2603 3074 2728 ster und seinem feinsinnigen Leiter Kapellmeister Rezuicek
2919 2658 3033 2710 —S.
595 2678 1828 2768 Phrasen geeigneten musikalischen Ausdruck zu finden, und hier
1845 2709 2152 2788 ausgesprochen.
595 2721 1841 2812 versagte der Komponist naheliegenderweise häufig. So häufig,
602 2750 1836 2848 daß er in seiner Verlegenheit mitunter ganze Sätze im Sprech¬
596 2806 1842 2887 ton erledigte. Oft wirkte er sogar unfreiwillig komisch. Immer¬
605 2846 1855 2937 hin, die packende Realistik des Textes deckte manche musika¬
603 2895 1859 2993 lische Schwäche. Der zweite und dritte Akt gab ihm Gelegen¬
612 2948 1854 3023 heit, musikalisch breiter zu werden, hier tat er in einer ge¬
601 2970 1862 3063 wissen Redseligkeit dann zu viel. Es entstanden Längen, die
602 3021 1870 3118 ermüdeten. Seine durchaus in modernem Stil gehaltene Musik
608 3062 1863 3153 umfaßt ungefähr, wenn ich so sagen darf, den Zeitraum von
604 3104 1868 3189 Verdi bis Puccini. mit einem gelegentlichen Einschlag ins
612 3157 1857 3247 Musikdrama. Meist wird man wohl an die beiden Komponi¬
610 3193 1871 3297 sten der „Bohème“ erinnert. Wird Neumann dramatisch, so
619 3241 1868 3332 geht er. B. in bezug auf die Partitur der Christine weit über
617 3285 1869 3366 den Rahmen seiner Aufgabe hinaus. Der Vertreterin der
613 3327 1871 3419 Rolle, Maria Labia, blieb gar nichts anderes übrig, als
618 3373 1866 3452 dem Komponisten zu folgen. Das kleine, süße Mädel wuchs zur
616 3402 1876 3516 tragischen Heldin aus. Das darf nicht sein. Weit nettere, leich¬
624 3448 1878 3554 tere Akzente fand er für die musikalisch recht frisch angelegte
628 3497 1866 3592 Partie der Mizzi, Susanne Bachrich. In der Erfindun
623 3536 1884 3639 ist Neumann nicht gerade originell, dafür instrumentiert er
633 3587 1888 3674 gewandt, frisch, farbig und effektvoll. Zwei längere Zwischen¬
644 3617 1891 3714 spiele, besonders das vor dem dritten Akt, beginnen vielver¬
641 3666 1884 3771 sprechend, aber auch hier benutzt der Komponist die Gelegen¬
642 3717 1888 3815 heit, sid in breiter Kantilene zu ergehen, nicht. Man wird,
643 3736 1920 3857 trotz der wirkungsvollen Textbuches bei seiner Musik nicht recht
645 3841 827 3912 warm.
