3484 4256
443 171 798 247 Liebelei
958 179 1396 284 box 12/2
252 176 835 279 5. L.
438 939 1509 1004 Bitte Rückseite beachten!
1049 1000 1499 1092 Telephon 12.801.
1139 1114 1412 1223 LOf
577 1190 1346 1293 „UBSERVER
425 1271 1536 1373 I. österr. behördl. konz. Unternehmen für
732 1334 1231 1414 Zeitungsaussehnitte
442 1382 1535 1459 Wien, I., Konkordiaplatz 4.
843 1447 1149 1507 Vertretungen
439 1468 1531 1544 in Berlin, Basel, Budapest, Chicago, Cleveland, Christiania,
438 1533 1531 1572 Genf, Kopenhagen, London, Madrid, Mailand, Minneapolis,
431 1571 1537 1637 New-Vork, Paris, Rom, San Francisco, Stockholm, St. Peters¬
843 1613 1150 1677 burg, Toronto.
684 1642 1299 1742 (Quellenangabe ohne Gewähr).
450 1723 797 1813 Ausschnitt au
797 1715 1448 1826 faatsbürger Zeitung, Berlie
605 1794 742 1890 77
439 1840 914 1942 von7—
450 1912 1612 1975 Schiller=Theater O. Ein ArthunSchnitzler=Abend.
381 1973 1039 2024 „Liebelei.“ „Literatur.“ —
1036 1978 1602 2021 Die Aufführung, sowohl des
377 2012 1596 2065 dreiaktigen Dramas, wie auch des einaktigen Lustspiels, bedeutete
386 2052 1596 2101 für die neue Leitung der Volksbühne einen großen künstlerischen
390 2091 1594 2135 Erfolg, an dem außer allen Mitwirkenden auch der Regisseur des
381 2118 1614 2186 Abends, Hans Kaufmann, hervorragenden Anteil zu nehmen
376 2167 1598 2221 berechtigt ist. Sieht man davon ab, daß der Wiener Dialekt aller¬
377 2205 1613 2258 dings nicht zu seinem Recht kam, der umsichtigen Regie war es
380 2241 1597 2298 gelungen, in beiden Fällen Stimmung zu schaffen und diese auch
377 2282 1605 2343 festzuhalten. Else Wasa als Christine war ja keine Wienerin,
381 2321 1607 2382 aber bei ihrer schlichten Herzlichkeit, der Wärme ihrer Empfindung,
384 2368 1606 2407 der geradezu rührenden und ergreifenden Realistik in ihrem
382 2409 1599 2458 Schmerzensausbruch, der so gar nichts von Theaterei an sich h..,
375 2451 1612 2504 verschlug das nichts. Packender, ergreifender und Uebenswahrer
387 2484 1598 2539 kann diese Rolle wohl nicht gespielt werden. Nächst Else Wasa
390 2518 1600 2573 ist Paul Bildt in der Rolle des Vaters zu nennen. Auch
378 2559 1595 2617 dieser Künstler schöpfte aus den Tiefen eines schlichten, warm emp¬
381 2603 1601 2653 findenden Herzens. Steffi Kriß gab die Mizi Schlager, den
376 2638 1615 2698 Typ des süßen, kleinen Mädels, das heute den, morgen jenen liebt,
382 2683 1602 2733 sorglos in den Tag hinein lebt, und dem tiefere Empfindung ab¬
380 2725 1615 2776 geht. Nur im letzten Akt versagte die temperamentvolle, in ihrer
375 2748 1605 2821 weltklugen Lebensphilosophie erheiternd drollige Künstlerin. So
388 2801 1591 2851 gleichmütig und ungerührt durfte sie den Ausbrüchen einer so
378 2835 1603 2896 tiefen und haltlosen Verzweiflung ihrer Freundin nicht gegenüber¬
388 2884 1604 2929 stehen. Conrad Wiene bemühte sich, einen warmen, herz¬
385 2922 1611 2965 lichen Ton anzuschlagen. Ihm glaubte man den jungen, flotten
392 2947 1614 3006 Lebemann nicht recht. Auch Leopold Iwald nicht so ganz.
384 2986 1604 3037 Sein Leichtsinn war nicht so echt, als der Ausdruck tiefster seelischer
380 3039 1606 3091 Erschütterung im letzten Akt. Marie Gundra bot als Frau
385 3072 1611 3150 Binder ein Kabinettstück eindringlicher Charakterisierungskunst.
449 3112 1605 3163 Glänzend war die Aufführung des Einakters „Literatur“,
378 3153 1608 3207 [Else Wasa, im Hosenrock, über den sich das Publikum übrigens
388 3194 1612 3244 sehr rasch beruhigte, in einer famosen Maske, stellte ein Urbild
378 3226 1614 3273 der Kaffeehaus=Literatin mit scharfen, markanten Strichen auf
380 3265 1607 3322 die Szene. Leopold Iwald (Baron Clemens) war brillant
379 3302 1612 3357 als vertrottelter, im Oberstübchen nicht ganz klarer Aristokrat, der
381 3342 1619 3392 ganz in die Netze der schlauen, nur auf ihren Vorteil bedachten
371 3388 1618 3457 literarischen Halbweltlerin verstrickt ist. Karl Noack, der sich
384 3421 1614 3473 in der „Liebelei“ mit der Rolle des betrogenen Ehemanns ge¬
379 3473 1614 3506 wandt abfand, zeichnete als Gilbert mit Humor und Laune das
377 3485 1618 3551 Bild des arroganten, aufgeolasenen Hohlkopfes, eines Schwätzers,
373 3540 1614 3598 der immer nur von seinen Werken spricht. Für das nötige flotte
388 3589 1622 3639 Tempo sorgte die Regie, die es sich angelegen sein ließ, 7alle,
385 3624 1611 3668 Pointen des von Witz und Humor durchsetzten Dialogs zu durch¬
388 3654 1618 3717 schlagender Wirkung zu bringen. Im ganzen genommen ein schö¬
381 3708 1565 3772 ner, künstlerischer Erfolg, der wärmster Anerkennung wert ist.
1861 1124 2929 1235 Bitte Rückseite beachten!
2497 1189 2933 1290 Telephon 12.801.
2631 1305 2845 1403 104
2007 1384 2776 1499 „UDSERVER
1870 1470 2968 1567 I. österr. behördl. konz. Unternehmen für
2164 1530 2669 1602 Zeitungsausschnitte
1898 1574 2974 1656 Wien, I., Konkordiaplatz 4.
2290 1638 2583 1706 Vertretungen
1876 1665 2995 1736 in Berlin, Basel, Budapest, Chicago, Cleveland, Christiania,
1881 1720 2975 1777 Genf, Kopenhagen, London, Madrid, Mailand, Minneapolis,
1877 1759 2976 1823 New-Vork, Paris, Rom, San Francisco, Stockholm, St. Peters¬
2293 1806 2600 1873 burg, Toronto.
2123 1847 2720 1926 (Quellenangabe ohne Gewähr).
2249 1863 2958 1977 erhner Morgenpost, Berlin
1891 1920 2246 2000 Ausschnitt aus
2083 2003 2371 2093 APR 1911
1895 2043 2058 2102 vom:
1899 2152 2805 2262 Ein Schnitz'erabend im Schiller=Theater 0.
1974 2217 2798 2283 Das Schllertbgater brachte zwei älterg Arthur
1890 2265 2809 2341 e Schnitzlers“ zur-MAusichumz# ekebelei“, Die den
1915 2332 2811 2376 Dichter den ersten großen Erfolg gebracht hatte, und
1921 2381 2808 2423 den amüsanten Einakter „Literatur“ aus dem
2395 2403 2656 2471 a Dienstürtte
1919 2414 2264 2477 „Zyklus „Lebenvigu
1922 2452 2819 2512 ging von der „Liebelei“ aus. Wie eine schwer¬
1918 2491 2811 2555 mütige alte Melodie klingt uns die einfache Geschichte
1926 2537 2815 2604 dieses jungen Lebens,das an seiner ersten Liebe zu
1930 2575 2824 2633 Grunde geht. Eise Wasa gab das Wiener „süße
1917 2604 2816 2691 Mädel“ mit einer fast norddeutschen Blondheit und
1920 2654 2821 2728 Innigkeit. Der Liebhaber Conxad Wienes litt
1925 2721 2821 2771 unter einem Uebermaß an Verstörtheit. Ganz prächtig
1937 2751 2823 2811 wazm und echt war Paul Bildt als Christinens
1938 2805 2815 2862 Väter. Sehr frisch und ungezwungen wurde das leicht¬
1924 2852 2817 2898 Abige Pärchen durch Leopold Iwald und Steffi
1917 2882 2814 2963 [Kriß dargestellt. Die Regie Kauffmanns hatte
1921 2936 2809 2998 gute Bühnenbilder geschaffen. Besonders glücklich war
1927 2971 2815 3045 im ersten Akt die Stimmung herausgebracht, da sich
1936 3015 2829 3086 in das tändelnde Scherzo plötzlich dumpf drohende
1930 3060 2816 3133 Akkorde mischen; von erschütternder Wirkung war
1935 3113 2238 3186 auch der Schluß.
1983 3126 2829 3212 Die Melancholie, die das Haus nach dem tragischen
1932 3189 2831 3246 Ausklang des ersten Stückes gebannt hielt, wich rasch
1938 3233 2830 3306 vor den tollen Uebermütigkeiten des geistvollen Ein¬
1948 3278 2825 3347 akters „Literatur“. In der kleinen, leicht sa¬
1935 3323 2849 3394 tirischen Komödie steckt ein ansehnliches Stück Psycho¬
1948 3376 2839 3434 logie. Gespielt wurde sie vortrefflich. Durch ihre
1941 3403 2832 3464 Wandlungsfähigkeit überraschte Else Wasa, die jetzt
1956 3466 2836 3516 für die Capricen des Rasseweibes ebenso überzeugende
1940 3498 2832 3555 Töne fand, wie anfangs für die Schlichtheit des Bür¬
1941 3543 2823 3610 germädchens in Züchten und Ehren. Leopold Iwald
1943 3588 2829 3663 und Karl Neack hauchten zwei amüsanten Karikaturen
1929 3635 2147 3706 Lehen
2674 3628 2799 3694 111
