3248 4320
465 159 667 235 iebe
258 139 1376 275 5ei box 10/1
1319 722 1547 829 Seehen
794 954 996 1049 10
994 1011 1111 1091 837
1103 1016 1196 1116 A
869 1055 947 1135 40
338 1187 465 1262 lebt
342 1253 460 1317 stem
604 1246 1266 1371 G
336 1308 457 1360 ner
334 1348 463 1412 ister
793 1336 1105 1460 A
341 1401 467 1454 oll¬
330 1444 464 1508 bild
325 1494 450 1560 Bild
342 1551 454 1609 des
343 1601 455 1664 nen
342 1651 433 1705 #te.“
1146 1668 1391 1776 M
340 1696 451 1759 fört,
1076 1683 1143 1769 8
329 1750 448 1803 von
1014 1765 1138 1854 710
326 1792 448 1854 dis¬
330 1843 449 1908 unkt
569 1856 1639 1932 Ich bin bei Arthur Schnitzler's Wiener chambre¬
329 1893 451 1955 chen
469 1890 1631 1972 séparée=Stück „Liebelei“ im Burgtheater gewesen,
329 1942 445 1997 mir
463 1945 1627 2016 welches aber in gar keiner chamhre séparée spielt,
321 1998 443 2050 imer
469 2002 1629 2069 sondern in der „stillen Häuslichkeit", zuerst bei ihm,
320 2037 451 2105 hren
463 2050 1632 2125 dann bei ihr, was mir als ein feiner Zug des Dichters
322 2086 447 2163 und
460 2096 1252 2165 erscheint, weil doch Jeder, wer nur
1334 2103 1626 2173 bischen Er¬
470 2145 1639 2222 fahrung in solchen Dingen hat, wohl gu. weiß, daß die
314 2154 445 2249 ange
465 2207 1626 2275 ganze Institution der „chambres sépardes“ nur ein Vor¬
324 2291 446 2360 sne
458 2302 1629 2365 einigermaßen überrascht gewesen sein, aus der Zeitung zu
329 2343 454 2421 ala
450 2329 1640 2412 Pergalzren haß eine seiner. „uoMoltd. Goneal
464 2389 1774 2463 urtheil und lange nicht das Gefährlichste ist, sondern aus
1651 2455 1776 2515 schör
467 2455 1631 2507 daß die lustigsten Geschichten sich in der „stillen Häus¬
1656 2504 1790 2564 Unfe
469 2510 1641 2562 lichkeit“ abspielen. Darum muß ich auch, wie immer bei
1654 2554 1792 2613 zu n
478 2554 1637 2609 derlei Kraftproductionen der Moralhenchelei, über das
1652 2599 1796 2664 kauft
476 2602 1639 2670 jämmerliche Geschreie und Gethue lachen, welches schon
1657 2649 1791 2711 sie n
469 2652 1639 2716 wieder von so vielen Seiten erhoben wird über den
1656 2691 1794 2773 Tasd
472 2704 1635 2762 „neuesten Scandal“ im Burgtheater, wohin man jetzt
468 2753 1639 2806 wirklich kein junges Mädchen mehr führen könne. Du
1654 2745 1781 2811 ganz
473 2804 1632 2862 lieber Himmel, was die jungen Mädchen im Theater zu
1661 2838 1776 2909 durc
486 2856 1643 2918 sehen und zu hören und zu lernen bekommen, ist lange
1653 2896 1776 2964 Phil
467 2908 1644 2957 nichts im Vergleich mit dem, was sie in der „stillen
478 2946 1644 3009 Häuslichkeit“ bei Verwandten und Freunden und nun
477 3000 1643 3058 gar erst unter dem schützenden Seelendache der Schule
1658 2996 1799 3066 Aber
1664 3045 1792 3112 ist il
473 3041 1643 3097 und des Pensionates prositiren. Noch weniger, als es
481 3094 1645 3152 Kinder mehr gibt, gibt es heutzutage mehr junge Mädchen
1656 3097 1785 3158 dem
551 3151 1650 3202 in dem Sinne, wie das Wort gewöhnlich gemeint ist.
1645 3129 1789 3206 wärt
1655 3197 1801 3263 verm
481 3183 1648 3246 Aber das ist's ja auch gar nicht, warum die Mädels
1662 3238 1801 3301 Fräu
475 3252 1642 3299 nicht zu solchen Stücken geführt werden sollen — nicht
1659 3286 1800 3352 Also
485 3284 1659 3365 darum, damit sie dieselben nicht sehen, sondern damit
491 3340 1651 3403 sie bei solchen Stücken nicht gesehen werden, weil das
1666 3340 1811 3408 Mäd
478 3396 1658 3452 der gefürchtete „Scandal“ wäre. Also, wie ich gesagt
479 3449 1653 3503 habe, nichts, als die große öffentliche Moralheuchelei.
1216 3489 1655 3554 lächerlicher Einfall
486 3481 1137 3557 Wenn ich eine Tochter hätte
570 3536 1658 3590 ich eine Tochter — besser jedenfalls, daß ich keine
490 3581 1660 3664 habe, besser für mich — uni noch besser vermuthlich
487 3629 724 3707 für sie..
1676 3652 1803 3738 Präi
584 3702 1446 3817 Tharmant har vonnten 70f.
2137 929 3253 1017 denische Fürst Windischgratz.— Badeni ist Real¬
2128 997 3247 1054 politiker. Als solcher läßt er sich von der Vergangenheit
2130 1039 3254 1119 über die Gegenwart und die Zukunft belehren. Unser
2145 1092 2202 1152 8000
2483 1189 2920 1300 Zeutlleton.
2292 1344 3124 1430 Bei Charlotte Wolter.
2208 1402 3253 1485 Ein grauer, trüber, bitterkalter Octobertag. Der rauhe
2129 1446 3255 1525 Nordwest fegt durch die leeren Gassen, die Villen rechts und
2135 1510 3254 1555 links haben zum größten Theile bereits ihr hölzernes Winter¬
2135 1554 3254 1618 kleid angelegt, die Jalousien sind herabgelassen, die Spring¬
2134 1599 3254 1651 brunnen in den Gärten eingetrocknet. Weit und breit kein
2132 1648 3254 1707 menschliches Wesen zu erblicken, so daß die bunten, abge¬
2123 1680 3255 1747 fallenen Reste der vergangenen Sommerherrlichkeit die lange
2122 1736 3255 1792 Straße hinab recht ungestört ihren tollen, verwegenen Tanz
2132 1779 3245 1837 aufführen können. Hier treibt sie der Wind zu dichten Haufen
2126 1822 3253 1875 zusammen, dort stürmt er sie auseinander, dreht sie im Wirbel
2123 1865 3253 1923 herum, entführt sie in die Lüfte und wirft sie weit abseits
2126 1909 3255 1966 wieder unsanft zu Boden. Ein rechtes Bild der Unruhe, der
2125 1942 2596 2012 regellosen Zerfahrenheit.
2206 2000 3255 2056 Die Thüre des kleinen Palais, welches die Gräfin
2120 2033 3241 2099 O'Sullivan=Wolter nunmehr zu ihrer ausschließlichen Residenz
2125 2095 3243 2144 erwählt, schließt sich kaum hinter mir und sofort umfängt
2128 2131 3254 2188 mich jene wunderbare, fast möchte ich sagen kosende Ruhe,
2117 2154 3247 2221 der man gar wohl das Prädicat „künstlerische“ verleihen
2125 2216 3244 2276 könnte. Durch die hohe, weite, lichte Vorhalle der Ausblick
2123 2263 3243 2315 auf den wohlgepflegten Garten, der durch die Kunst der
2127 2305 3249 2363 Menschenhände noch reich erhaltene Reste des blühenden,
2120 2349 3247 2398 duftenden Sommers zeigt. Es ist, als hätten hier drinnen
2125 2390 3254 2458 die Vorboten des nahen Winters, deren herrschsüchtiges,
2111 2432 3244 2495 croberndes Treiben ich draußen beobachten konnte, alle Macht
2112 2472 3243 2563 verloren, so sehr sie auch rütteln mögen am wohlverwahrten
2109 2512 2840 2582 Thore, sich den Einlaß zu erstürmen.
2210 2560 3255 2631 Rechts eine Glasthüre in das Stiegenhaus. Man bleibt
2115 2617 3255 2673 unwillkürlich stehen, wenn man es betritt, wie immer, wenn
2125 2664 3254 2717 man sich einer originellen Idee, die in glücklicher Form
2113 2702 3254 2757 durchgeführt erscheint, gegenübersieht. Trophäen, aus Kranz¬
2124 2744 3253 2803 schleifen zusammengestellt, sie hängen das ganze, reiche Geländer
2116 2791 3253 2853 entlang hera“ Zeichen einer sieghaften Kunst. Und wie
2130 2832 3247 2874 Alles in diesem Hause harmonisch und künstlerisch zusammen¬
2125 2870 3247 2923 klingt, ist es auch das Eusemble dieser mit reicher Malerei
2526 2922 3247 3029 Die heutige Nummer umfaßt
