3484 4320
449 207 785 276 Liebele
293 211 963 319 S. 1
971 211 1421 297 box 11/4
1758 395 2391 529 T. Mornung Phal
1732 561 1977 633 6.Vog.
2131 557 2654 645 THE MORN.
1991 604 2060 654 awch
1990 715 2487 795 HIS MAJESTYS.
1872 848 2589 941 THE AFTERNOON THEATRE.
1991 976 2474 1050 NLIGHT O° LOVE“
2090 1041 2400 1106 (“ LiEBELpr.*')
1980 1092 2498 1158 By Aurnon Schwirzten.
1849 1142 2625 1213 Translated by G. VALENTINE WILLTANS.
1809 1200 2526 1244 Fritz Lobheimer Mr. Hxnky AINLEY,
1810 1238 2527 1291 Hans Weiring Mr. H. R. Hiosrr.
1814 1253 2579 1308 Theodor Kaiser Mr. CHARLES MAUDE.
1821 1310 2516 1338 A Gentleman Mr. JAMES HEARN.
2182 1324 2661 1372 Miss MARGAREr HALSTAN.
1815 1329 2173 1376 Christine
2180 1372 2602 1408 Miss MARGAREr BussE.
1822 1373 2172 1417 Mizi Schlager
1821 1396 2561 1432 Lina Miss Hrrry KENvoN.
1820 1431 2659 1489 Katherine Binder, Miss Sypser FAIRBROTHER.
1816 1469 2249 1513 Act I.—Fritz’s Chambers.
1819 1505 2266 1543 Act II.—Christine’s Room.
1819 1524 2514 1587 Act III.—Christine's Room, two days later.
2004 1565 2501 1618 Time: The Present—Vienna.
1820 1599 2697 1658 So far, with the exception of two plays which
1789 1655 2693 1715 were none too successful, the Afternoon Theatre
1777 1697 2697 1750 has trusted to plays which have been tried else¬
1803 1747 2698 1796 where. Yesterday, however, was given the first
1792 1790 2715 1842 of three matinées—the others are on Tuesday and
1784 1831 2701 1903 Thursday next—of“ Light o’ Love, a transla¬
1790 1865 2711 1933 tion of“ Liebelei, an early play of Schnitzler’s
1797 1915 2714 1980 dating back to 1896. Sehnitzler’s work is not
1787 1963 2707 2046 unknown in this country; one or twoof his shorter
1793 2027 2712 2074 pieces have been produced by societies, the most
1791 2063 2716 2118 striking being that, of which the English title is
1809 2093 2710 2166 " In Hospital,“ produced at the Court some three
1792 2133 2719 2209 years since.“ Light o' Love'' is a story of
1789 2187 2710 2258 student life in Vienna. Fritz has turned from
1796 2242 2712 2312 Christine, the daughter of Hans Weiring, an old
1793 2283 2709 2344 violinist attached to the theatre, to a married
1795 2318 2717 2380 Iady whose name is not disclosed. Her husband
1797 2372 2697 2414 discovers Fritz’s letters, calls on him, and
1793 2419 2712 2460 demands satisfaction. There is a duel, in which
1793 2448 2710 2499 Fritz is killed; his body is buried before
1801 2469 2714 2536 Christine learns what he really meant when he
1799 2521 2710 2572 told her he was going away fe: a day in the
1789 2559 2706 2613 country. He was to üight a duel, and it is, of
1793 2593 2716 2654 course, a special bitterness that the duel was not
1793 2646 2720 2694 on her acconnt but on that of the woman who has
1796 2671 2718 2728 supplanted her. Her father, remembering the
1797 2697 2717 2771 joylessness of his sister’s upbringing, seeks to
1803 2753 2699 2806 comfort Christine; he will not cast her out; they
1799 2794 2698 2826 will be more to each other now than ever before.
1791 2834 2701 2881 Christine is not to be comforted and breaks
1789 2873 2702 2919 away. Her father looking after her as she goes
1793 2915 2709 2957 down the street says that she will never return.
1791 2943 2704 2997 The only other characters in the piece are Fritz's
1797 2968 2696 3041 ehum Theodor Kaiser; Fritz’s lady friend Mizi
1800 3018 2700 3074 Schlager, a much less reflned girl than Christine;
1802 3057 2702 3116 achild, Lina; and Katherine Binder, a gossiping,
1795 3101 2708 3145 prying neighbour of the Weirings. Only the
1802 3135 2710 3185 third act is dramatie, the first two acts depicting
1784 3166 2710 3241 in leisurely fashion the life of the Latin Quarter
1801 3222 2713 3261 of Vienna. The play is produced by Herr Maxi
1798 3246 2713 3301 Behrend, and one mayassume that the atmosphere
1800 3288 2707 3343 of the original play has been the better preserved.
1787 3323 2719 3368 If so, one can only say that that atmosphere is
1792 3367 2708 3408 somewhat oppressive. Every nation has its oun
1794 3410 2704 3459 way of enjoying itself. But the spectacle of one
1795 3438 2711 3493 nation endeavouring to enjoy itself in another
1801 3488 2712 3538 nation’s way is rarely exhilarating. Hence it is
1796 3516 2708 3560 quite possible that“ Light o’ Love?’ would have
1797 3555 2710 3613 been better company had our actors been given a
1798 3593 2710 3645 free hand, had the Viennese atmosphere been
1796 3635 2703 3682 left to take care of itself. One wonders, again,
1797 3671 2719 3729 whether the play is well cast. The story suggests
1787 3706 2708 3766 Bohemian lightheartedness, culminating in
1799 3748 2712 3805 tragedy for the one thoroughly sincere character,
1806 3785 2711 3831 Christine. Now, whatever Mr. Henry Ainley
1803 3818 2715 3875 may be, he is not lighthearted. Recklessness
1803 3872 2715 3924 does not become him, and if his Fritz is reckless
1797 3903 2718 3941 after the Viennese fashion one can only say that
1814 3947 2709 3998 Viennese recklessness is uncommonly like English
1811 3973 2710 4032 dejection and despondeney. Mr. Ainley’s per¬
1785 4009 2716 4080 formance is, of course, thoughtful, or it would not
1785 4058 2698 4110 be Mr. Ainley, and in many ways accomplished.
1789 4093 2713 4142 Tet one feels that many an inferior artist might
1787 4136 2711 4179 betterservethe play. Mr. Charles Maude has, on
