3344 4256
489 171 840 241 Liebelei
1009 169 1422 254 box 11/2
306 176 861 283 B. B 4
1183 1050 1563 1141 Telephon 12801.
511 1230 1572 1350 Aimne kr Brere Smnng
419 1263 513 1330 *
422 1323 510 1375 2
432 1309 1583 1402 O l. österr. behördl. konz. Unternehmen für Zeitungs-Ausschnitte
594 1366 1488 1489 Wien, I., Concordiaplatz 4.
836 1451 1268 1521 Vertretungen
443 1500 1590 1585 0 in Berlin, Budapest, Chicago, Christiania, Genf, Kopen¬
433 1536 1595 1631 hagen, London, Madrid, Mailand, Minneapolis, New-Vork,
442 1579 1560 1675 a Paris, Rom, San Francisco, Stockholm, St. Petersburg.
854 1628 1254 1693 (Quelienangabe ohne Gewahr.)
441 1682 1221 1779 7 Ausschnitt aus: 20801907
446 1759 536 1823 55
774 1725 1585 1892 Relichs Auzeiner, Bernn
441 1812 655 1881 E vom:
669 1852 735 1901 S
742 1899 1225 1982 Theater und Musik.
557 1974 1443 2047 Kammerspiele des Deutschen Theaters.
838 2025 1608 2102 1a Schauspiel „Liebelei“ hat — immerhin
457 2040 716 2113 Arthur
379 2065 1605 2147 eine Seltenheit def Ven=Bühnenerzeugnissen der Neuzeit — ein Jahr¬
387 2101 1622 2193 zehnt überdauert und kehrt im Spielplan dieser und jener Bühne
386 2153 1620 2223 öfter wieder. Gestern bewährte es auf der Bühne des Kammerspiel¬
392 2198 1617 2260 hauses, neben der Stätte, wo es in Berlin im Jahre 1896 zum ersten
384 2250 1621 2303 Male das Rampenlicht erblickte, aufs neue seine Wirksamkeit. Für
391 2273 1616 2346 Werke solcher Art, bei denen die Handlung wenig, das Psychologische
383 2309 1624 2372 und die Stimmung alles bedeuten, ist das Kammerspielhaus, wo auch
374 2347 1617 2419 leise seelische Regungen und Schwingungen wahrnehmbar bleiben, der
392 2385 1623 2458 rechte Ort. Aber es ist auch ein gefährlicher Boden für den Darsteller,
386 2438 1615 2505 denn jeter Mißton, jedes Vordrängen des einzelnen im Zusammen¬
390 2525 1622 2596 spiel macht sich ebenso deutlich fühlbar. Das war nun gestern nicht
397 2581 1618 2638 der Fall, eher könnte man im Gegenteil behaupten, daß in dem
396 2619 1631 2673 Quartett der beiden jungen Leute und der beiden Mädchen die führende
1057 2657 1088 2690 11
1124 2659 1167 2687 #1
975 2659 1016 2694 1
415 2665 1625 2717 Stimme, die unbedingt der Chrisuine zukommt, den anderen gegenüber
408 2694 1627 2745 anfangs gar zu gedämpft erklang. Das lag nicht etwa an der Vor¬
397 2725 1623 2798 dringlichkeit der Mitspielenden, sondern an der Zurückhaltung, die
399 2767 1619 2816 Fräulein Höflich, offenbar um der Wirkung der Schlußsteigerung
399 2815 1618 2869 sicher zu sein, sich in den ersten Szenen auferlegte. Aber um des
398 2848 1636 2907 tragischen Schlusses willen, den sie mit so echter, warmer Empfindung
405 2907 1625 2952 und einer selbstvergessenen Hingabe spielte, die wahrhaft erschütterte, ver¬
406 2928 1632 2996 zieh man ihr später gern den Fehler. Der durchdringende Verzweiflungs¬
412 2963 1627 3026 schrei, den sie ausstieß, als Christine erfährt, daß der Geliebte um einer
404 3019 1635 3063 anderen Frau willen im Duell gefallen, dürfte den Hörern noch lange
415 3048 1633 3099 in Erinnerung bleiben. Die Inhaber der anderen Rollen zeichneten
411 3086 1629 3144 sich durch ein tadelloses Zusammenspiel aus, insbesondere Fräulein
410 3132 1634 3180 Berger als Christinens leichtlebige Freundin Mizi, die Herren Dumont
409 3150 1641 3224 und Ekert als die beiden jungen Leute und Herr Pagay in der Rolle
405 3219 1206 3279 des gemütvollen alten Vaters der Christine.
2758 390 3139 476 Telephon 12801.
2046 539 3137 649 M
1985 591 2080 645 —
2008 637 3139 723 O l. österr. behördl. konz. Unternehmen für Zeitungs-Ausschnitte
2165 684 3040 779 Wien, I., Concordiaplatz 4.
1989 744 2078 799 —
2388 759 2807 836 Vertretungen
1998 813 3123 880 0 in Berlin, Budapest, Chicago, Christiania, Genf, Kopen¬
1980 838 3131 925 hagen, London, Madrid, Mailand, Minneapolis, New-Vork,
2095 899 3103 969 Paris, Rom, San Francisco, Stockholm, St. Petersburg.
2398 941 2782 995 (Quelienangabe chse Gewahr.)
1975 954 2024 1015 —
1994 968 2463 1054 6 Ausschnitt aus:
1977 1043 2069 1090 23
2447 1000 2753 1118 20 3C.1907
1980 1085 2194 1144 E vom:
2185 1137 3030 1264 eeehen denone Zoltung.
2494 1221 2698 1303 Berlin.
2306 1292 2873 1385 Theater und Musik.
2071 1365 3199 1439 B. Das dreiaktige Schauspiel von Arthur Schnitzler:
2000 1416 3207 1482 Ziebelei, diese tragische Geschichte von dem nur allzu ver¬
2004 1462 3204 1523 kiebten „kleinen Mädchen“, die mit ihrer Mischung von
1994 1518 3195 1561 Sentimentalität und Leichtsinn, von Frivolität und Skepsis,
1995 1567 3196 1609 von schnell verrauschender Erotik und verhängnisvoller Leiden¬
1994 1606 3197 1649 schaftlichkeit schon vor etlichen Jahren in Berlin ansehnliche
1987 1642 3196 1701 Erfolge erzielt und reiches Gefallen gefunden hat,
1993 1676 3203 1734 ist am Donnerstag zum ersten Male in den Kammer¬
2006 1720 3199 1784 spielen des Deutschen Theaters gegeben worden.
1997 1779 3207 1829 Auch diese Aufführung übte einen starken Eindruck,
1998 1808 3201 1881 obwohl es ihr weit weniger als früheren gelang, das eigentlich
2004 1852 3215 1928 Wienerische des Dramas herauszubringen. Man machte sich
1994 1913 3198 1978 Inur die Mühe, im wienerisch accentuierten Hochdeutsch zu
2003 1941 3205 2020 sprechen, verzichtete aber sonst=darauf, die Töne einer gewissen
2008 1990 3186 2051 tändelnden Oberflächlichkeit und spielerischen Grazie zu
2006 2024 3213 2104 suchen, die dem Schnitzlerschen Werke eigen sind.
2007 2067 3206 2133 Ein wenig Blasiertheit, ein paar Tränen, Feschheit
2010 2106 3211 2182 ohne Forcierung, etwas volksstückmäßige Rührseligkeit:
2012 2175 3216 2226 diese Züge wurden alle zu dick und zu voll genommen.
2011 2216 3215 2272 Frl. Lucie Höflich als die unglückliche Christine Weiring
2014 2255 3231 2316 ließ das Fatum, unter dem sie wandelt, gleich von Anfang
2023 2310 3214 2362 an ahnen und nichts davon merken, daß auch sie mit einer
2024 2331 3216 2400 artigen Dosis Leichtfertigkeit versehen sein muß. Warum
2016 2381 3222 2446 sonst der innige Verkehr mit der Mizi Schlager, die bereits
2019 2418 3224 2487 auf den Pfaden der berechnenden Kokotte balanciert? Doch
2021 2465 3218 2531 wie Frl. Höflich ihre blonde Christine gestaltete, das be¬
2025 2506 3213 2576 kundete, an sich genommen, eine höchst bemerkenswerte Kunst.
2026 2547 3215 2624 Sie war ganz schmachtende Sehnsucht und sich ver¬
2024 2594 3224 2668 zehrende Hingebung und fand für das schreckliche Er¬
2017 2652 3223 2702 kennen und den grausamen Schmerz einen wahrhaft herz¬
2030 2686 3231 2747 erschütternben Ausdruck, so daß der dritte Akt ihr allein ge¬
2026 2725 3228 2795 hörte. Das „kleine Mädchen“ hatte sich zur wuchtigen Tragödin
2030 2777 3218 2843 ausgewachsen; alle Affekte der Verlassenen und Verzweifelnden
2023 2834 3221 2885 gellten mit wundervoller Ueberzeugung hervor; es war eine
2030 2861 3231 2924 unmittelbar packende seelische Explosion. Minder glücklich
2019 2902 3232 2971 wirkte Herr Dumont als Fritz Lobheimer, der, um den die
2026 2944 3232 3007 Christine bangt und verzweifelt. Er war gar zu dunkel und
2024 2996 3226 3053 gewichtig, gar zu sehr in den Dämmer einer apriorischen
2017 3048 3238 3107 Traaik gehüllt, statt ein wenig von dem Schimmer der genuß¬
1982 3123 3189 3198 frohen Jugend zu zeigen. Besser sein Partner, Herr Ekert,
1990 3174 3193 3256 dem der flotte Lebemann wohl anstand, und der auch hübsch
1974 3210 3201 3295 mit dem Wiener Idiom fertig wurde (worauf der Vorgenannte
1983 3265 3200 3333 ganz verzichtete). Nur der Walzer! Man hopst nicht so an
1989 3303 3198 3372 der schönen blauen Donau, verehrter Herr Ekert! Fräulein
1989 3372 3197 3427 Grete Berger machte die Mizi sehr lustig und laut,
1989 3393 3187 3456 wenn auch vielleicht etwas stark unterstrichen und
1990 3439 3199 3498 nicht selbstverständlich genug. Für den alten Geiger
1985 3500 3205 3547 Weiring war Herr Pagay der rechte Mann, schlicht
1989 3525 3190 3597 und sonnig, gütig und nachsichtig und nach der
1985 3563 3199 3629 national wienerischen Seite hin ganz echt. Endlich lieferten
1991 3602 3203 3669 Herr Steinrück als der betrogene Ehegatte und Frau
1985 3655 3191 3713 Pagay als redeselige Strumpfwirkersfrau anständige Episoden.
1984 3702 3199 3761 In dekorativer und stimmungmalender Hinsicht erwies die
1979 3754 3198 3801 Regie ihre oft bewährte Geschicklichkeit. Das Marschpfeifen,
1983 3793 3202 3839 das sich auf der Gasse mählich verliert, das Sonnenlicht, das
1984 3825 3205 3913 in den Erker des Stübchens der Christine mailich herein¬
1987 3884 2379 3946 flutet, — bravo!
