3484 4320
465 214 878 285 Liebelei
294 210 874 315 3. Llesster
951 215 1455 313 box 10/3
773 1057 3319 1146 nicht da. Herr Rintelen wird sich also einer geschlossenen Phalanx] anderen Gedieken wird ein sihr weitgehrnde: Schaß der kmm 1 Wilteren
789 1092 3419 1183 gegenüber sehen, und er kann beruhigt sein: Sitte und Ordnung schaftlich Schwachen geboten, so beim Miethsvertrag, beim Dienst= Interpellation
783 1156 3414 1240 werden dadurch nicht gefährdet werden. Die Ehe pflegt in der l vertrag, bei den Bestimmungen über Konvenonalstrafen. Ich ! Trausitläger a#
2035 1244 3417 1310 Arthur Schnitzler geh. von dem Gedanken aus, daß ein Mann] jene Liebe für
1968 1296 3412 1367 nicht immer lieben kann, sondern daß er auch zuweilen liebeln die Reise die
1161 1285 1594 1374 Liebelei.
1965 1334 3418 1392 müsse. Seines Helden Fritz leichtlebiger Freund Theodor stellt deutet. Dieser
899 1345 1882 1417 Schauspiel in 3 Akten von Arthur Schnitzler.
1968 1368 3406 1451 sogar die These auf, daß die Frauen gar kein Recht haben, inter= virkte nicht
3129 1407 3390 1473 dramatischen
771 1406 1965 1485 (Zumersten Male aufgeführt im Deutschen Theater
1978 1423 3132 1482 essant zu sein, sondern daß sie nur interessant zu sein brauchen
3136 1433 3428 1515 doch drei Mal
1169 1459 1593 1531 am 4. Februar.)
1966 1458 3133 1517 und daß wir im Grunde eigentlich nur die Frauen
3206 1485 3406 1546 Und das
1966 1496 3144 1556 lieben, die uns gleichgiltig sind. Aus diesem Grunde
877 1504 1961 1579 „Liebelei“ ist eine sehr einfache dramatische Geschichte, aber
3131 1518 3415 1594 Der dritte Akt
1977 1527 3138 1601 hat Theodor mit einer ebenso feschen wie leichtlebigen
782 1540 1966 1614 diese Geschichte hat ein Poet erzählt, der den Menschen nicht blos
3131 1571 3421 1635 Fritz im Duck
1971 1586 3142 1640 Modistin ein Verhältniß angebandelt, und um seinem Freunde
784 1598 1968 1667 abgeguckt hat, wie sie sich räuspern und wie sie spucken, sondern der
3136 1615 3423 1680 voraussieht, v#
1969 1617 3140 1697 Fritz, dem das Blut etwas dicker und langsamer durch die Adern
784 1633 1971 1693 ihnen auch ins Hecz zu sehen vermag und den Sinn jenes feinen
3135 1654 3406 1717 Freunde, der
1970 1651 3141 1736 fließt, eine ähnliche Unterhaltung zu verschaffen, hat er ihn mit
785 1675 1971 1739 Geflechts von Nerven und Adern, von Gedanken und Empfindungen
3130 1677 3420 1750 ven den stu
1965 1702 3139 1771 einer Freundin seiner Freundin zusammengebracht. Für Fritz war
784 1720 1975 1797 zu deuten weiß, das wir Leben nennen. Ich glaube gern, daß die
3131 1729 3414 1800 ruht, bis sie n
1976 1747 3140 1803 eine solche Ablenkung um so nothwendiger, als er durch ein Ver¬
785 1747 1972 1814 Modernen“ Arthur Schnitzler zu den Ihren rechnen, und will des¬
3130 1778 3395 1833 in den Tod
1972 1781 3137 1849 hältniß zu einer verheiratheten Frau schon in eine ganz melancholische
789 1799 1973 1856 halb nicht mit ihnen streiten. Mir ist es ungemein gleichgiltig,
3141 1800 3415 1884 überzeugender
1970 1826 3132 1891 Stimmung gerathen war. Um dieser Stimmung und
790 1833 1977 1902 ob ein „Junger“ oder ein „Alter“ geschrieben hat, und nur gegen
3131 1854 3427 1924 und ganzen D#
1974 1868 3141 1924 unaufhörlichen nervösen Erregungen Herr zu werden, stürzt Fritz
792 1880 1966 1942 den eingebildeten Uebermuth jener „Jungen“, die die alleinselig¬
3130 1902 3407 1964 wissen, sie st
1981 1895 3136 1969 sich Hals über Kopf in diese neue Liebelei mit Christine, der
782 1920 1970 2001 machende Kunst gepachtet zu haben glauben, kann man nicht oft
3133 1942 3395 2003 alter Vater
1972 1943 3136 2021 hübschen Tochter des Geigers Hans Weiring, der im Orchester
795 1962 1973 2031 genug Front machen. Im Uebrigen giebt es für mich nur schlechte
3134 1975 3402 2043 nicht wieber,
1973 1987 3147 2049 eines Wiener Vorstadttheaters beschäftigt ist. Mit einem flotten
790 1999 1928 2078 oder gute Stücke, und „Liebelei“ ist ein ausgezeichnetes Stück.
3139 2021 3418 2083 Arthur Schnitz
1966 2023 3137 2096 Souper à quatre setzt der erste Akt ein, bei dem die Modistin
854 2031 1970 2110 Artkur Schnitzler hat vor diesem Schauspiel nur ein einziges
3130 2065 3410 2131 hervorgerufen
1976 2077 3140 2136 Mizi ihrer Vorliebe für süßen Wein und süßere Torten mit
790 2072 1974 2151 dramatisches Gedicht aufführen lassen. Es hieß „Märchen" und
3135 2088 3415 2164 Beifall mischt
1975 2109 3149 2169 ursprünglichstem Behagen sich hingiebt. Aber schon bei diesem tändelnden
793 2120 1974 2208 erlebte in Wien im Deutschen Volkstheater einen
3135 2133 3428 2198 Das Publiku
1977 2151 3142 2222 Geplauder, das mit bestrickender, graziöser Frische geführt ist,
787 2160 1981 2242 eklatanten Mißerfolg. In Berlin ist der Dichter gestern
3133 2184 3417 2243 gesprochen, vo
1965 2202 3146 2261 offenbart sich, daß Christine doch ein ganz anderer Charakter ist,
793 2200 1980 2281 zum ersten Mal und mit völlig reinen Händen vor ein
3137 2230 3352 2295 hoffen ist.
1970 2228 3141 2280 als die leichte Mizi, und daß ihr die Liebelei zur großen Liebe
802 2252 1973 2311 Publikum getreten, das er sich im Fluge erobert hat. Man
3207 2258 3419 2323 Die Darst
1977 2279 3138 2332 wird, die ihr ganzes Leben entscheidend bestimmt. Das fröhliche
793 2282 1970 2362 wußte wohl, daß „Liebelei“ schon in Wien und Frankfurt a. M.
3141 2298 3424 2363 vortrefflich. A
1973 2307 3147 2384 Mahl wird jäh unterbrochen. Der Gatte jener Frau, die Fritz
799 2324 1977 2405 erfolgreich in Szene gegangen war, aber man weiß ja auch, daß
3135 2343 3403 2402 Empfinden d
1982 2356 3136 2421 geliebt, kommt. Er hat Alles entdeckt und ein Duell ist unaus¬
809 2367 1977 2445 das Berliner Publikum sich durch solche Erfolge vom Hörensagen
3135 2381 3410 2444 sterben muß, #.
1977 2403 2170 2470 bleiblich.
802 2411 1977 2473 nicht gern beeinflussen läßt. Im Gegentheil, es fühlt sich dann
3129 2413 3425 2488 resoluten Leicht
2055 2424 3145 2495 Der zweite und dritte Akt spielen in dem einfachen, wohn¬
806 2450 1977 2517 erst recht kritisch gestimmt, und um so höher ist der gestrige Erfolg
3130 2460 3426 2533 Jarno spiel
1978 2472 3136 2534 lichen Zimmerchen Christine's. Der alte Weiring, den eine klatsch¬
796 2492 1538 2570 des neuen Schauspiels zu veranschlagen.
3139 2512 3419 2570 und überzeuge
1981 2514 3136 2581 süchtige Nachbarin gegen seine Tochter aufhetzen will, ist ein stiller,
888 2510 1981 2592 Auch in „Liebelei“ ist, wie in den meisten realistischen Dramen,
3138 2549 3425 2608 Naturburschen,
1975 2536 3139 2626 feinfühliger Mensch, der über seinem Violinspiel das Denken keines¬
806 2558 1979 2639 wenig Werth auf die eigentliche Handlung gelegt. Sie ist dünn
3137 2587 3427 2646 Form und Ha#
1973 2590 3144 2667 wegs verlernt hat. Er vertheidigt eine Theorie, die für unsere
798 2618 1982 2682 und durchsichtig und sie würde für drei Akte kaum ausreichen,
3137 2616 3410 2698 Meyer und
1982 2638 3146 2700 üblichen moralischen Anschauungen vielleicht etwas befremdlich
805 2652 1976 2726 wenn der Dichter es nicht verstanden hätte, sie mit einer
3225 2662 3411 2731 Heiur
1976 2678 3140 2741 wirkt, der man aber eine starke innere Berechtigung
806 2694 1980 2774 Fülle fein beobachteter Details zu umkleiden und sie
3124 2695 3409 2778 brochener
1974 2701 3135 2776 kaum abzustreiten vermag. Er meint ganz ehrlich, was denn ein
804 2727 1975 2807 durch die klare, plastische Schilderung auch der leichtesten
3126 2748 3420 2812 Werkchen that
1980 2755 3148 2812 armes, junges Mädchen, das abseits im Schatten des Lebens er¬
811 2775 1988 2841 Gefühlsübergänge zu vertiefen. Diese Vorzüge jedoch sind
3138 2789 3418 2854 dem Dorfrichte
1979 2795 3144 2872 blüht ist, von all seiner Bravheit eigentlich hat, wenn es darüber
814 2821 1979 2892 schließlich auch manchem anderen der neueren Dramen
3133 2837 3393 2896 Mühe hatte,
1984 2828 3148 2910 zur alten Jungfer eintrocknet, ohne je sich auch nur an einem
813 2859 1985 2923 eigen, aber was „Liebelei“ vor ihnen den Vorzug giebt, ist die
3137 2855 3421 2933 Leistung Dörin
1977 2873 3155 2950 Schimmer von Glück erfreut zu haben. Er ahnt längst, daß seine
810 2896 1984 2975 Thatsache, daß es auch ein wirkliches Theaterstück ist, daß es sich
2419 2918 3415 2970 aber er gönnt ihr diese Liebe, Marie Mey
1978 2927 2437 2989 Tochter verliebt ist,
814 2932 1979 3011 nicht in vage Stimmungsmalerei verliert, sondern daß es auch den
1975 2968 3412 3014 weil er weiß, daß sie ihr einziges Glück ist. Fritzsseldt als Fr
812 2977 1989 3052 unabweislichen Forderungen der Bühne gerecht wird und ein
1986 3003 3424 3071 kommt noch einmal zurück, um Christine Lebewohl zu sagen, shardt sprach
814 3026 1988 3087 Menschenschicksal zum tragischen Abschluß bringt. Die Handlung
1969 3041 3131 3113 und sie hängt bebend an seinem Halse, denn sie fühlt, daß er nicht
825 3068 1674 3157 ist klein, aber klar und konsequent durchgeführt.
1710 3139 2583 3378 de Wun
2562 3208 3348 3371 „ me-
