3436 4224
910 88 1350 176 box 11/2
478 94 729 166 ebele
211 96 831 203 3. L
1045 524 1426 620 Telephon 12801.
522 625 1228 746 „OBSERVER“
333 755 1444 814 I. österr. behördl. konz. Unternehmen für Zeitungs-Ausschnitte
507 794 1296 872 Wien, I., Concordiaplatz 4.
745 871 1048 942 Vertretungen
346 919 1440 977 in Berlin, Basel, Budapest. Chicago, Cleveland, Christiania,
350 973 1444 1025 Genf, Kopenhagen, London, Madrid, Mailand Minneapolis,
347 1011 1442 1076 New-York, Paris, Rom, San Francisco, Stockholm, St. Peters¬
747 1048 1051 1106 burg, Toronto,
649 1085 1124 1154 (Quellenangabe ohne Gewähr).
1069 1117 1347 1239 er Zellung
338 1149 938 1242 Ausschnitt aus: Ju Pund
537 1235 857 1319 13. 10.1906
335 1271 507 1349 vom:
534 1381 1090 1467 Theater und Musikt.
334 1436 1390 1505 — Deutsches Theater der „Palme“. Als zweite Abonne¬
271 1497 1038 1548 entsvorstellung gelangte am Donnerstag
262 1535 1441 1595 Liebelei“ zur Aufführung und erzietten# g.
268 1574 1453 1627 urchschlagenden Erfolg. An den mit photographischer Treue] 2.
255 1625 1437 1667 ezeichneten Szenen aus der Welt, da man sich amüsiert undich
260 1658 1356 1703 ie Frauen als Spielball seiner Launen, als ein Mittel zu an¬
264 1692 1355 1734 enehmem Zeitvertreib betrachtet, verdarben die Schauspieler
1363 1697 1438 1756 195
261 1730 1372 1782 ichts. Flott, im vorgeschriebenen Ton und Tempo folgten die
1364 1744 1454 1793 12
255 1768 1459 1803 ntwirkenden Damen und Herren den Intentionen des Ver¬—
258 1811 1454 1852 assers und imitierten mit großer Lebenswahrheit eine tolle 2,
254 1845 1380 1897 ineiperei mit Damen, die reicher an Schönheit als an Tugend
246 1885 1400 1938 #nd, daß man sich in die Wirklichkeit versetzt glaubte. Theodorg
250 1921 1380 1989 Passer, den blasierten Vertreter der jennesse dorée, der seine
244 1964 1389 2022 Beliebten wie Handschuhe wechselt und durch seine zahlreichen
254 2003 1378 2046 Erfahrungen sich zu der Annahme berechtigt glaubt, daß auch
242 2036 1391 2097 de Frauen seiner Welt ebenso leicht wie er den Gegenstand
252 2074 1378 2127 hrer Liebe“ wechseln, gab Herr Dedak, der sich bereits als
239 2103 1390 2164 er Pfarrer von Kirchfeldt in vorteilhaftestei Weise dem Publi¬
237 2143 1377 2210 Zum vorgestellt hat. Auch in dieter Rolle zeigte sich Herr Dedak
241 2196 1370 2248 als vielerfahrener Darsteller. Sicher in seinem Auftreten, ge¬
244 2228 1379 2287 wandt in seinen Bewegungen, war er ganz und gar der leicht¬
244 2279 1381 2325 lebige Genußmensch, der blasierte Kavalier, der an eine uneigen¬
232 2311 1379 2363 nützige Liebe der Frauen nicht glaubt und sein Gewissen und
238 2355 1380 2404 seine Verpflichtungen für vollständig absolviert hält, wenn er
243 2389 1388 2444 ein Mädchen für seine Hingabe von Fall zu Fall mit kaltem
228 2424 1395 2487 Golde lohnt. Ebenso befriedigte Herr Rub. Sein Fritz Lob=
223 2472 1380 2515 heimer war jenes Gemisch von bravem Muttersöhnchen und
235 2504 1384 2548 angehendem Lebemann vom Typus seines Freundes und Vor¬
229 2551 1378 2592 bildes Theo Waiser, wie es Schnitzler geschaffen hatte. Seiner
238 2582 1381 2633 recht schwierigen Aufgabe, einen Mann darzustellen, in
237 2625 1384 2685 dem die anerzogenen Moralbegriffe mit den laxen Lebens¬
922 2658 1374 2714 noch kämpfen und
700 2664 905 2721 Freundes
231 2661 675 2711 anschauungen seines
231 2696 1398 2766 bald der gute Junge, bald der werdende Roué den Sieg,
233 2740 1366 2785 behält, wurde Herr Rub durchaus gerecht. In Frl.
242 2773 1372 2838 Weinholz lernten wir als Christine eine Künstlerin kennen,
245 2817 1373 2873 welche, nach ihrer gestrigen Leistung zu urteilen, das Fach der
242 2854 1371 2910 Sentimentalen auf der „Palmen“=Buhne gut auszusüllen ver¬
243 2909 1373 2946 spricht. Sie verfügt über ein angenehmes Außere und, was
236 2936 1387 2994 von weit größerem Weit ist, die Grenzen ihres Talents scheinen
244 2972 1387 3027 recht weit gezogen zu sein. Es gelang ihr in den ersten beiden.
247 3011 1379 3048 Alten den Ton keuscher Mädebenhaftigkeit und rührender Un¬
244 3049 1365 3098 schuld ebenso zu treffen, wie sie es im letzten Akt vermochte, sich
236 3086 1380 3147 zu Außerungen großer Leidenschaftlichkeit zu erheben. Auch die
240 3128 1382 3171 tolle, lebenslustige Mizzi, die wie Theo Waiser das Leben auf¬
241 3171 1383 3218 faßt und die Männer genau so wie die Frauen beurteilt, war
236 3203 1390 3263 durch Fri. Körner befriedigend verkörpert. Anzuerkennen ist,
246 3241 1382 3288 daß Frl. Körner diese naheliegende Gefahr, zu übertreiben,
242 3284 1384 3341 taktvoll vermied und selbst bei der tollen Kneiperei im leichten
245 3323 1381 3357 Dusel die Grenzen des kunstlerisch Zulässigen nie überschritt.
239 3356 1375 3413 Füge ich noch hinzu, daß neben diesen vier Hauptrollen auch
245 3401 1378 3447 die beiden mehr episodischen Rollen (Herr Heuser und Frl.]
242 3440 1397 3499 Palmié) gut gegeben wurden, so erscheint es begreiflich, daß
236 3474 1381 3516 die Auffübrung einen durchschlagenden Erfolg erzielte. Hierzu
247 3513 1377 3575 kommt noch, daß die Regie tadellos ihres Amtes waltete und
249 3553 1379 3615 das Zusammenspiel nichts zu wünschen übrig ließ. Mit diesem
244 3595 1380 3633 keine großen szenischen Anforderungen stellenden und keinn
239 3651 1375 3685 starkes Personalaufgebot verlangenden Stück hat das „Palmen“=
238 3674 1383 3722 Ensemble gezeigt, daß es dem Publikum innerhalb gewisser
248 3716 1402 3782 Grenzen durchaus Befriedigendes und Abgerundetes zu bieten
243 3750 421 3818 vermag.
2371 872 2433 935 0
2344 1034 2707 1120 Telephon 12801.
1828 1176 2536 1287 „UBSERGER
1635 1237 2739 1337 I. österr. behördl. konz: Unternehmen für Zeitungs-Ausschnitte
1791 1322 2593 1400 Wien, I., Connordiaplatz 4.
2050 1386 2341 1456 Vertretungen
1651 1420 2729 1519 in Berlin, Basel, Budapest. Chicago, Cleveland, Christiania,
1660 1470 2736 1547 Genf. Kopenhagen, London, Madrid, Mailand Minneapolis,
1643 1510 2741 1595 New-York, Paris, Rom, San Francisco, Stockholm, St. Peters¬
2051 1563 2345 1622 burg, Toronto.
1955 1580 2447 1677 (Quellenangabe ohne Gewähr).
1664 1675 2731 1766 Ausschnitt aus: 8l. Pe#lsburger Herold
1890 1737 2045 1803 3. 10. 10
1669 1801 1817 1860 vom:
1784 1904 2776 1988 Theater, Musik und Kunst.
1793 1977 2823 2024 2.—I. Deutches Thater der „Palme“.(Donners¬
1729 2017 2819 2112 fag, den 28. September, „Liebelei“ von A. Schnitzter.
1724 2056 2485 2108 war nur eine kleine Schar von Zuschen
1715 2098 2813 2153 sdas Schnitzlersche Schauspiel hatte ins Theater locken
1718 2147 2503 2186 lassen. Denn einerseits ist die „Liebelei“
2551 2138 2807 2193 in oft und
1725 2171 2811 2223 gut hier in Petersburg über die Bretter gegangen, und
1723 2205 2815 2274 anderseits gehört zu einer genießbaren Aufführung dieses
1732 2258 2826 2326 Schnitzlerschen Stückes ein hervorragenderes Ensemble, als
1723 2297 2582 2342 es sich die „Palme“ im allgemeinen leisten kann.
1756 2328 2825 2375 So kam es denn auch, daß den Intentionen des Dichters
1711 2377 2822 2430 eigentlich nur Frl. Weinholz (als Christine) so einiger¬
1718 2418 2820 2466 maßen gerecht wurde: Das Hingebende dieses Mädchen¬
1723 2451 2819 2493 charakters fand bei Frl. Weinholz in Ton und Geste
1721 2493 2811 2546 einen treffenden Ausdruck, dagegen blieb sie uns in der
1714 2525 2820 2569 Gestaltung der dramatischen Schlußakzente manches schuldig.
1721 2567 2817 2625 Frl. Körner (als Mizi) zeichnete die im Punkte der Liehe
1711 2607 2820 2650 erfahrene Modistin denn doch mit zu starken Strichen.
1722 2639 2814 2704 Nach der Auffassung des Dichters soll doch Mizi trotz ihrer
1715 2677 2820 2741 Liebesroutine auch noch ein nettes Käferchen sein. Bei
1722 2731 2819 2781 Frl. Körners Auffassung aber wurde aus Mizi ein
1712 2764 2815 2817 Mädchen, dessen Wissenschaft in der Liebe unsympathisch
1720 2802 2818 2847 berührte. Auch Herr Heuser (als Christines Vater) wurde
1708 2848 2806 2905 seiner Rolle nur wenig gerecht; das innige Zartgefühl,
1724 2881 2811 2942 in das der unglückliche Vater seinen Schmerz kleidete,
1720 2916 2812 2963 kam bei Herrn Heusers Spiel fast gar nicht zur Geltung.
1714 2971 2818 3022 Herr Rub (als Christines Liebhaber) schuf eine Gestalt,
1713 3007 2815 3058 bei der sich der Zuschauer verwundert fragen mußte: Ja,
1710 3047 2809 3085 warum jagt die hübsche Christine solch einen uneleganten
1719 3073 2815 3142 Amant denn nicht zum Teufel? Frl. Palmié (als Frau
1703 3121 2440 3165 Binder) spielte ihre Rolle angemessen.
1749 3154 2818 3203 Im allgemeinen muß ich sagen, daß das diesjährige En¬
1722 3179 2807 3254 semble sich redliche Mühe wird geben müssen, um die
1722 3235 2816 3291 Theaterfreudigkeit des Publikums auf den notwendigen
1714 3273 2197 3333 Wärmegrad zu bringen.
