3436 4224
372 179 765 257 Liebelei
205 160 1364 299 5. Mescier box 10)7
1162 1807 3220 1887 regend und gefährlich gestaltet hat, daß aus dem I muß, die Furcht vor dem Unabwendbaren (er
143 1821 1172 1887 entdeckt sie, daß etwas im Haushalt nicht stimmt,
1162 1851 3228 1930 lebensfrohen, jungen Mann ein nervöser Kopf- Lahnt nur zu gut, daß sein Gegner unerbittlich sein
142 1873 1171 1942 Dr. Kramm beginnt achzurechnen und ein
2180 1917 3220 1973 wird) finden ihren Ausdruck in einer schönen und
1174 1906 2201 1976 hänger geworden ist, der ##e beständiger Angst
136 1903 1183 1986 schwarzer Verdacht, woher die reichlichen Mittel
2194 1954 3182 2011 ergreifenden Scene zwischen dem Liebespaar. —
1174 1960 2196 2019 vor Entdeckung dieses Verhältnisses seine Tage
146 1966 1165 2017 fließen könnten, steigt in ihm auf. Im
2184 1992 3234 2066 Das Schicksal nimmt seinen Lauf. Lobheimer fällt
1166 2009 2196 2071 zubringt. Um ihn aus den Banden der „inter¬
147 2007 1169 2066 geeigneten Moment, inmitten einer heftigen
2197 2039 3223 2098 im Duell, Christine weiß noch nichts, erräth aber
1168 2046 2190 2099 essanten“ Frau loszumachen, hat sein Freund
148 2054 1173 2102 ehelichen Auseinandersetzung, erscheint der
2188 2075 3228 2147 sofort alles, als Mizi und Kayser, bleich und ver¬
1179 2092 2191 2154 Theodor Kaiser (Herr Meitzer) mit ein paar feschen
147 2090 1173 2151 Redacteur (Herr Schieke) des „Familienheims“
2198 2119 3217 2185 stört, bei ihr eintreten. Mit einem Schlage ist sie
1172 2133 2195 2196 Mädeln eine kleine „Liebelei“ in Scene gesetzt,
139 2136 1168 2190 mit einem neuen Auftrag für Kurt von der Aue,
2198 2183 3231 2227 sehend geworden, der Geliebte war ihr ein Gott,
1167 2183 2197 2238 wobei er selber und die Modistin Mizi Schlager
137 2183 1176 2247 der alles aufklärt. Entgeistert steht der Kritiker
2198 2215 3234 2272 sie ihm nur eine „Liebelei“, während sie mit
1181 2226 2196 2297 (Frl. Sophie Ertl) sich vortrefflich amüsiren, aber
149 2228 1175 2279 seinem „Opfer“ gegenüber und muß noch er¬
2204 2258 3223 2325 jeder Herzensfiber an ihm hing, starb er für eine
1177 2265 2199 2339 darin vollkommen einig sind, daß bei ihrer
143 2269 1179 2339 fahren, daß er ohne es zu wollen, für das
2192 2295 3228 2362 andere! Trotz des vollen Verständnisses, das sie
1166 2314 2192 2373 „Liebelei“ Anfang und Ende nicht zu weit aus¬
141 2326 1174 2377 „Familienheim“ geschickte Reclame gemacht hat.
2192 2355 3232 2404 bei ihrem Vater findet, kann und will Christine
1181 2357 2190 2419 einanderliegen werden und es sehr verkehrt sei,
137 2362 1173 2415 Die literarisch-satirische Pointe des kleinen amü¬
2190 2383 3244 2459 nicht mehr leben und mit den Worten des schmerz¬
1175 2406 2173 2459 im Mai bereits an den August zu denken! —
144 2401 1166 2459 santen Lustspiels ist trefflich herausgearbeitet, alle
2199 2431 3222 2506 gebeugten Vaters: „Sie kommt nicht wieder“
1170 2441 2199 2506 Die ernste und gehaltvolle Christine Weirig
138 2450 1167 2493 Mitwirkenden, von denen noch Frau König als
2196 2474 2616 2559 fällt der Vorhang.
1169 2475 2195 2552 (Frl. Voigt) findet hingegen in der Liebe
150 2496 1173 2548 biedere sächsische Köchin und Vertrauensperson zu
2240 2515 3231 2593 Die Darstellung war eine ebenso gute und
1178 2534 2201 2598 zu Lobheimer ihr Schicksal, und es scheint
148 2539 1167 2599 erwähnen ist, spielten mit Lust und Liebe und
2199 2557 3221 2630 durchdachte wie im vergangenen Jahre. Fräulein
145 2576 1168 2628 der Einacter wird sicher noch viele Wieder¬
1176 2571 2199 2638 fast, als könnte es ihr gelingen, über die
2197 2614 3227 2665 Voigt war wiederum eine ungemein sympathische,
2081 2620 2200 2677 Im
1171 2610 1951 2692 „interessante“ Frau zu siegen.
145 2622 1167 2685 holungen erleben. Ueber das Hauptstück des
2194 2659 3227 2717 innige Christine, die sich auch in dem Jammer¬
1177 2644 2196 2725 ersten Acte sind die Vier zu einem kleinen,
143 2657 1169 2729 Abends „Liebelei“ ist im letzten Winter aus¬
2196 2701 3236 2756 ausbruch des letzten Actes von jeder Uebertreibung
1172 2687 2204 2771 reizenden Souper in Lobheimers Wohnung ver¬
153 2714 1168 2769 führlich berichtet worden. Das Stück mit seiner
2204 2745 3223 2805 frei zu halten wußte. Die beiden Freunde, der
1172 2738 2198 2813 eint, man ist auf dem Höhepunkt des Vergnügens
145 2756 1178 2815 ungemein feinen Stimmungsmalerei, seiner poesie¬
2199 2780 3239 2849 leichtlebige und der schwerblütige Wiener, wurden
1173 2795 2199 2858 angelangt, man singt, man tanzt, als das rächende
146 2799 1175 2865 vollen Genrekunst, seinen echten Schilderungen
2200 2818 3232 2899 durch die Herren Meltzer und Berthold trefflich
1168 2835 2198 2899 Fatum Lobheimer ereilt. Der betrogene Gatte
136 2841 1182 2900 des Wiener Lebens mit allen Licht- und Schatten¬
2209 2888 3232 2934 verkörpert. Mit der nicht leichten Rolle des
1180 2886 2195 2938 tritt ein, wirft Lobheimer seine Briefe vor die
134 2876 1177 2931 seiten wurde auch gestern nach den beiden ersten
2199 2920 3235 2974 Vaters fand sich Herr Wallis ebenso gut ab,
1173 2925 2199 2990 Jüße und fordert ihn. Der Contrast zwischen dieser
136 2931 1169 2986 Acten mit warmem Beifall aufgenommen, wäh¬
2196 2954 3233 3030 wie Frau König mit der dankbaren Nebenrolle
1173 2964 2202 3034 kurzen Scene und den vorhergehenden gehört
145 2971 1167 3033 rend der krasse und unbefriedigende Schluß,
2200 2992 3222 3062 der Frau Binder. Herr Schieke gab den Ehemann
1164 3018 2193 3085 zu den Höhepunkten des Schauspiels. — Chri¬
137 3014 1173 3070 ebenso wie bei den früheren Aufführungen,
2198 3039 3238 3109 überlegener und charakteristischer als im Vorjahre.
1172 3046 2202 3112 stinens liebendes Herz ahnt irgend ein kommendes
943 3047 1172 3121 Trotzdem
135 3052 919 3129 einigermaßen verstimmend wirkte.
2204 3094 3233 3153 Als ein neues Mitglied unseres Ensembles lernten
1177 3108 2196 3157 Unglück, wir sehen sie (im zweiten Act) ruhelos
136 3097 1179 3163 aber wird der Zuschauer, für den das Theater
2200 3128 3233 3198 wir Frl. Ertl in der Rolle der Mizi kennen, sie
1176 3147 2199 3203 und voll Sorge, die kleinbürgerliche Nachbarsfrau
145 3149 1174 3211 mehr als ein bloßer Zeitvertreib ist, von dem
2202 3169 3231 3245 führte sich vortheilhaft und fesch damit ein und
1180 3188 2203 3240 (Frau König) macht ihr Vorwürfe, der Vater
147 3181 1183 3257 Schicksal der Heldin im Innersten ergriffen und
2206 3217 3235 3280 entsprach mit der Betonung des Grisettenhaften
1171 3232 2200 3295 (Herr Schieke) läßt sie gewähren, da endlich, am
150 3234 1173 3286 die feine Kunst des Dichters bewundern, der aus
2197 3261 3227 3332 den Intentionen des Dichters, denn ein Dichter
1174 3271 2210 3341 Abend vor dem verhängnißvollen Duell, sucht
149 3282 1168 3337 solchem Milieu diese Christine hervorwachsen ließ.
2211 3290 3237 3369 ist Arthur Schnitzler trotz aller Mängel, die die
178 3311 1176 3380 Der Inhalt des Stückes sei noch einmal kurz
1169 3320 2198 3379 der Geliebte sie zum letzten Male in ihrer ein¬
2200 3350 3226 3414 strenge Kritik an seiner „Liebelei“ finden mag.
144 3361 1174 3413 wiederholt. Fritz Lobheimer (Herr Berthold), der
1178 3368 2207 3420 fachen aber anheimelnden Häuslichkeit auf. Der¬
2213 3401 3236 3471 Es wäre erfreulich, wenn uns Gelegenheit ge¬
1180 3408 2199 3467 Kampf, der in ihm tobt, die Sehnsucht nach
150 3403 1179 3469 Wiener jeunesse dorée angehörend, hat ein
1167 3436 3242 3510 friedlichem Glück, die Erkenntniß, was für ein s boten wäre, im Laufe der Saison noch mehr
155 3439 1185 3521 bedenkliches Liebesverhältniß mit einer ver¬
152 3496 2956 3558 heiratheten Frau, das sich nachgerade so auf¬ Mädchen er gewonnen hat, und was er aufgeben 4 aus seiner Feder kennen zu lernen.
