3436 4192
375 172 765 245 Liebelei
909 168 1335 260 box 12/4
198 170 760 279 5. J
301 592 742 694 Ausschnitt auspr
477 631 1248 764 20 m0. Jarg 0 Tientags-Courier,
316 702 471 769 vom:
460 809 1196 923 Theater und Kunst.
324 890 1345 973 Volksoper. (Liebelei", Text nach dem gleichnami¬
260 956 1350 1014 gen Schaupiel von Arthur Schnitzler, Musik von Franz
264 1004 1355 1060 Neumann). Es mag auf den ersten Blick sonderbar er¬
251 1071 1353 1118 scheinen, mit Schnitzlers „Liebelei“ musikalisch zu kommen
246 1102 1358 1164 und wie es jetzt Mode geworden, das Schauspiel auch als
242 1156 1354 1202 Opernbuch zu benützen. Nachdem sich nun die jungen
245 1204 1366 1269 Wiener Herren und süßen Mädeln mit Musikbegleitung
259 1264 1359 1312 gezeigt haben, weiß man, daß das glänzende Schauspiel
253 1298 1366 1360 schon darum auch ein glänzendes Opernbuch ist, weil die
262 1351 1365 1419 Situationen als solche so spannend und theatralisch effekt¬
249 1397 1364 1461 voll find, daß sie chon an und für sich, mögen sie wo und
257 1448 1354 1521 wie immer erscheinen, jene packende Wirkung haben, die
244 1499 1359 1552 die Bühne verlangt. Der Komponist brauchte vor allem
260 1566 1368 1606 nur dazuzusehen, daß er in diese Situationen nicht mit
256 1603 1291 1667 seiner Musik störend hineinfalle. Er hat #ese Auf¬
258 1639 1356 1714 mit großem Geschick gelöst; überall, wo sich die Vorgänge
254 1696 1363 1748 stark dramatisch gestalten — wie in der Szene zwischen
247 1743 1352 1802 den beiden Nebenbuhlern — tritt er zurück, läßt die Situ¬
245 1798 1350 1869 ation für sich sprechen und wird gerade dadurch viel ein¬
240 1850 1360 1898 dringlicher als wenn er mit einem beredten Orchester
247 1899 1357 1956 alles erklären und erzählen wollte, was auf der Bühne
242 1940 1366 2003 geschieht. Dadurch ist nun allerdings aus dem Schauspiel
250 1994 1359 2063 keine rechte Oper geworden es ist im Wesen Schauspiel
250 2048 1364 2110 geblieben wie denn auch oft die rezitierende Deklamation
251 2108 1361 2157 an Stelle der gesungenen tritt. Die Musik hat darum auch
240 2138 1367 2199 wenig selbständige Geltung, ausgenommen einige lyrische
250 2200 1355 2263 Stellen, wie das Duett zwichen Fritz und Christine im
242 2249 1355 2315 ersten Akt (wohl die musikalisch hübscheste Stelle im gan¬
244 2296 1366 2356 zen Werke überhaupt.) Vielleicht ist sie aus diesem Grunde
255 2344 1357 2409 ohne jedes Profil und ohne Physiognomie, sowohl was
253 2389 1364 2439 Erfindung, Harckonie, Instrumentation und das Lokalko¬
254 2445 1363 2510 lorit betrifft. Diese Mängel werden durch die starke Thea¬
242 2498 1363 2554 terbegabung, die sich schon in der Wahl des Buches äußert,
244 2548 1361 2609 weniger fühlbar. Nur der Dialog wird sichtlich schwerfällig,
245 2605 1369 2653 da der hiezu nötige leichte Konversationston in der Musik
248 2648 1351 2695 fehlt, wobei oft allzu sinnwidrige Betonungen störend
246 2685 1365 2750 fühlbar werden. Musikalische Höhepunkte sind das er¬
237 2737 1359 2794 wähnte Duett im ersten sowie die stumme Szene nach dem
245 2790 1359 2858 Beginne des ersten Aktes, der überhaupt die anderen
247 2845 664 2909 musikalisch überragt.
328 2868 1361 2952 Die Volksoper widmete der Novität eine sehr abge.
250 2945 1350 3003 rundete und gut inszenierte Vorstellung. Frln. Engel ist
253 2987 1355 3047 besonders in dramatischen Momenten, vorzüglich als
242 3049 1337 3098 Christine. Frl. Röder (Mizzi Schlager) findet sich mit
250 3094 1365 3158 ziemlichen Anstand mit ihrer Rolle ab. Herr Brand als
248 3146 1355 3214 Theodor war ein singender Kutschera, HerrLußmann stellte
252 3201 1365 3254 seinen sympathischen und weichen, nur manchmal zu for¬
243 3239 1359 3298 cierten Tenor dem Fritz zur Verfügung. Sehr gut Herr
252 3277 1357 3350 Bandler mit einer gemütvollen lyrischen Baßstimme als
242 3327 1356 3395 alter Weiring. Nicht zu vergessen der „Herr“ (Herr Klein)
252 3382 1351 3450 mit seinem eleganten und diskreten Spiel und Frl. Macha.
251 3430 1365 3500 Der Komponist konnte nach allen Aktschlüssen für oftmali¬
259 3487 1352 3546 zen Hervorruf danken. Ebenso wurde der Dirigent, Herr
266 3550 1365 3601 Tittel, dem das gute Zusammenwirken zwischen Orchester
279 3592 1377 3655 und Bühne zu danken ist, sowie der Regisseur der Vor¬
298 3687 1420 3772 stellung Herr Markovsky gerufen. Am Schlusse erschien
1263 3756 1363 3805 —r.
257 3730 635 3831 sogar Schnitzler.
1696 1169 2596 1313 Ausschnite Malel Aeueste Nachrichten
2095 1254 2376 1342 Z0CK11313
1696 1316 1848 1366 vom:
2059 1409 2490 1522 Theater.
1844 1523 2750 1598 Volksoper. Was wohl den Frankfurter
1734 1583 2744 1647 /Oberkapellmeister Franz Neumann, gebürtig aus
1764 1609 2756 1682 Prirau, gereizt haben mag, gerade zu Schnitzlers
1760 1664 2739 1748 Schauspiel „Liebelei“ eine Musik im Phemistil
1751 1723 2739 1789 zu Schreiben, wird immer etwas rätselhaft bleiben.
1744 1761 2725 1843 4D Schauspiel enthält nichts, was nach einem
1750 1812 2731 1895 mußkalischen Ausdruck unbedingt verlangen würde,
1844 1869 2731 1933 Wirkung und sein geistiger Inhalt liegen im
1749 1913 2736 1982 Wokte und es ist überflüssig die stimmungsvollen
1755 1965 2726 2027 Szenen des Schauspiels zu illustrieren. Wenn ein
1755 2020 2731 2088 routinierter Musiker dennoch dieses Wagnis unter¬
1741 2044 2732 2130 Enahm, so handelt er unkünstlerisch und beging
1748 2116 2732 2195 eine Sünde wieder den guten Geschmack. Aus
1750 2169 2718 2240 Sätzen, wie z. B. „Wo ist denn der Korkzieher?“
1756 2198 2727 2288 der „Du hast ein Konversationslexikon“ oder „Aus
1731 2245 2721 2333 dem Militarismus“, Rezitative zu machen, wirkt
1740 2311 2720 2381 nebenbei ungemein komisch. Der flotte Konversa¬
1747 2365 2717 2426 tionston Schnitzlers wird von der Musik zum
1735 2416 2724 2481 größten Teil erdrückt, nur in der dramatischen
1738 2462 2717 2529 Steigerung des zweiten und dritten Aktes kann
1731 2521 2733 2581 man die Tonmalerei unter prinzipieller Verwahrung
1731 2594 2714 2660 noch hinnehmen, dabei ist jedoch die Musik Neu¬
1742 2644 2720 2700 manns fast durchaus geschickt und verrät überall
1733 2692 2723 2740 den seiner Sache sicheren theaterkundigen Mann.
1731 2739 2719 2799 Direktion und Regie der Volksoper haben alle
1742 2796 2721 2863 Mühe aufgeboten, um dieser Opernaufführung den
1745 2841 2724 2907 Beifall zu sichern, der sich denn auch reichlich ein¬
1733 2886 2722 2938 stellte. Kavellmeister Tittel führte das Orchester
1739 2942 2715 3002 mit staunenswertem Schwung über die Uferlosig¬
1736 2989 2718 3048 keiten dieser Dialogmusik hinweg und die Sänger
1741 3035 2726 3097 setzten alle Kräfte ein, ihr Vorzüglichstes zu leisten.
1733 3084 2727 3131 Aber auch Herrn Lußmanns prächtiger Tenor')und
1732 3129 2717 3201 das charakteristische süße Mädl des Frl. Engel
1730 3195 2728 3267 vermögen nicht über die Unnatur der Neumann¬
1737 3234 2212 3297 Oper hinwegzutäuschen.
