3436 4256
273 155 842 244 5. Liebelei
448 164 1394 273 box 12/1
1299 931 1669 1043 Telephon 12.801.
1371 1031 1541 1117 □4
729 1071 1478 1192 „ODSENVEN
577 1148 1658 1255 I. österr. beh. konz. Unternehmen für Zeitungs¬
774 1208 1451 1272 Ausschnitte und Bibliogrephie.
748 1268 1521 1350 Wien, I., Concordiaplatz 4.
978 1319 1293 1406 Vertretungen
568 1374 1664 1460 in Berlin, Brüssel, Budapest, Chicago, Cleveland, Christiania,
572 1401 1659 1500 Genf, Kopenhagen, London, Madrid, Mailand, Minneapolis,
558 1453 1660 1547 New-Vork, Paris, Rom, San Francisco, Stockholm, St. Peters¬
960 1502 1260 1558 burg, Toronto.
905 1539 1303 1613 (Quellenangobe ohne Gewähr.)
558 1575 960 1656 Ausschnitt aus:
798 1603 1640 1711 Mara Freis Prasen Wien
546 1689 707 1758 vom:
715 1696 1307 1807 21 JAAUAR 1911
661 1844 1557 1935 Franz Neumanus Oper „Liebelei“.
797 1897 1412 1972 (Telegramm der „Neuen Freien Presse“.)
1213 1952 1651 2031 Berlin, 20. Januar.
585 1954 1670 2076 In der Komischen Oper brachte Direktor Gregor als
487 2021 1660 2107 letzte Novität seiner Direktionszeit die Oper, die Franz Neu¬
491 2063 1647 2159 mann auf den Text von Artur Schnitzlers „Liebelei“
501 2108 1661 2204 komponiert hat. Die Musik folgt genau=dem Schnitzlerschen
489 2163 1668 2246 Orama, das, von einigen Kürzuügen abgesehen, unverändert
494 2197 1668 2292 geblieben ist. Es mutet zuerst etwas befremdlich an, wenn man
494 2238 1654 2338 den Dialog eines modernen Dramas, ganz ebenso wie er in
491 2275 1659 2379 diesem gesprochen wird, in der Oper gesungen hört. Sogar die
484 2321 1656 2422 Frage: „Wo ist der Stoppelzieher?“ wird gesungen. Bald aber
480 2376 1650 2474 steht man unter der doppelten Wirkung, die sowohl die Dich¬
476 2425 1660 2510 tung ausübt wie die Musik, welche für die Dichtung, für deren
470 2458 1652 2553 Poesie ebenso wie für deren dramatische Kraft den Ausdruck zu
461 2511 1643 2599 finden weiß. Franz Neumann ist bei Puccini in die Schule
467 2555 1647 2628 gegangen, und durch die Art, wie er die „Liebelei“ komponiert
462 2596 1655 2682 hat, wird man oft an die „Bohème“ erinnert. Aber er ist ein
471 2626 1639 2728 entschiedenes Talent, das in der von den modernen Italienern
457 2676 1641 2774 übernommenen Form viel Eigenes zu geben weiß; die melo¬
451 2721 1642 2812 dische Erfindung fließt reichlich, und namentlich die Liebesszene
462 2754 1634 2848 im zweiten Akt enthält sehr schöne Stellen. Aus dem ersten
448 2806 1628 2898 Akt ist ein reizender Walzer hervorzuheben, der das Abend¬
449 2852 1631 2949 essen der jungen Gesellschaft begleitet. Besonders ausgesprochen
455 2896 1622 2987 ist aber die dramatische Begabung des Komponisten. Sie zeigt
446 2939 1634 3035 sich im ersten Akt in der Szene des „Herrn“ und bringt am
437 2970 1365 3057 Schluß des Dramas eine starke Wirkung hervor.
527 3025 1623 3111 Maria Labia sang die Christine. Es fehlte ihr die
446 3047 1613 3164 wienerische Anmut; sie traf nur den tragischen Ton, diesen
443 3117 1622 3206 aber traf sie meisterlich. Sie sang mit ihrer schönen Stimme
446 3157 1613 3243 und ihr Spiel war überaus dramatisch und hatte namentlich
433 3211 1608 3295 am Schlusse einen ergreifenden Ausdruck. Die Tenorrolle des
426 3236 1611 3322 Fritz sang Jean Nadolovitsch mit redlichem Bemühen,
427 3290 1602 3385 aber nicht immer zureichenden Mitteln. Dagegen war Richard
429 3324 1602 3427 Wissiak vortrefflich in der Rolle des Freundes, sowohl in
426 3373 1606 3462 den komischen wie in den ernsten Stellen, und Susanne
427 3403 1594 3510 Bachrich war als Schlager=Mizzi ein lustiges und herziges
424 3448 1590 3539 Wiener Mädl. Der Beijall war stark, am stärksten nach dem
425 3495 1590 3601 zweiten Akt, nach dem die Darsteller und der Komponist
415 3550 1628 3660 viele Male hervorgerufen wurden. Es war ein großer und
421 3577 706 3647 echter Ersola,
1650 967 1693 1058 7
2769 1206 3162 1300 Telephon 12.801.
2849 1296 3021 1368 Dhet
2202 1321 2976 1440 „OBSENVEN
2043 1406 3147 1496 1. österr. beh. konz. Unternehmen für Zeitungs¬
2264 1469 2941 1543 Ausschnitte und Bibliographie.
2220 1518 2983 1619 Wien, I., Concordiaplatz 4.
2440 1597 2768 1664 Vertretungen
2055 1634 3142 1725 in Berlin, Brüssel, Budapest, Chicago, Cleveland, Christiania,
2051 1673 3141 1759 Genf, Kopenhagen, London, Madrid, Mailand, Minneapolis,
2058 1707 3137 1814 New-Vork, Paris, Rom, San Francisco, Stockholm, St. Peters¬
2442 1764 2742 1821 burg, Toronto.
2396 1802 2780 1863 (Quellenangabe ohne Gewähr.)
2036 1842 2437 1925 Ausschnittus.:
2035 1963 2222 2021 vom:
2221 1929 3117 2053 1MUieues Wioner Jeurmeil
2221 2088 2869 2184 Die Oper „Liebelei.“
2032 2162 3045 2243 Erstaufführung in der Berliner Komischen Oper.
1978 2218 3172 2312 Berlin, 20. Jannar. (Privattelegramm des
1906 2250 3180 2364 „Neuen Wiener Journals“) In der Komischen
1905 2303 3166 2402 Oper wurde heute die dreiaktige Oper „Liebelei“ von Franz
1900 2352 3166 2448 Ngumann, einem Frankfurter Kapellmeister, zum erstenmal
1903 2406 3158 2498 aufgeführt. Der Komponist hat den Mut gehabt, das bekannte
1886 2431 2089 2513 Schnit
2102 2453 3162 2548 lersche Drama gleichen Namens ohne jede Ver¬
1888 2505 3163 2596 änderung zu verronen. Man muß ihm die Anerkennung zollen,
1892 2541 3153 2625 daß ihm das kühne Wagnis voll und ganz gelungen ist. Wenn
1889 2585 3150 2697 auch namentlich im ersten Akt die gesungene Prosa Schnitzlers
1883 2665 3151 2747 ##twas seltsam anmutet, so wird doch in den späteren ernsten
1888 2680 3159 2791 Stellen des Werkes die Wirkung durch die feine, den
1876 2720 3144 2839 Stimmungen sich genau anpassende Musik beträchlich unter¬
1876 2780 2420 2869 stützt. Besonders der
2418 2803 2639 2880 Abschied
2656 2810 3152 2881 Fritzens von seiner
1877 2834 2424 2921 Christine im zweiten
2464 2853 2725 2922 Akt übte
2763 2863 3147 2939 tiefen Eindruck
1868 2883 3153 2986 auf das Publikum, das nach diesem Aufzug den anwesenden
1867 2941 3148 3037 Komponisten zwölfmal vor die Rampe rief. Schnitzler war durch
1871 2994 3136 3083 ein Unwohlsein verhindert, der Premiere beizuwohnen. Sehr
1871 3039 3149 3136 stimmungsvoll und fein orchestriert ist das Zwischenspiel vor dem
1862 3063 3141 3184 dritten Akt, das die Ereignisse nach dem Abschied, das Duell und
1856 3117 3136 3236 den Tod Fritzens, vornehm und dabei eindrucksvoll illustriert.
1867 3173 3135 3288 Auch nach dem dritten, wehmutsvollen Akt erscholl lebhafter Beifall.
1860 3228 3134 3315 Fräulein Labia war zwar nicht das Wiener Mädel, aber ihr
1857 3280 3124 3373 Spiel war von dramatischer Kraft getragen und fand eine prächtige
1852 3315 3136 3410 Ergänzung in ihrer gesanglichen Leistung. Neben ihr bestand
1861 3375 3129 3481 Herr Nadalowitsch als Fritz mit allen Ehren. Das
1853 3422 2432 3497 Orchester hielt sich vorzüglich.
2355 3472 3034 3577 e
2187 3535 2756 3638 —
