3436 4352
445 192 786 265 Liebelej
904 196 1392 288 box 12/6
257 190 874 313 3. L 2
510 1252 628 1334 om —
635 1206 1564 1339 Tanehds1äner Morgen Zeitung.
1312 1309 1576 1398 u. Sst).
675 1435 1322 1537 Allerlei Neues.
569 1507 1116 1616 W Liebelei.
431 1536 1695 1637 Man schreibt uns aus Berlin: Die Damen vom Roten Kreuzig
368 1607 1673 1672 kaben zugunsten ihres Vereins im Theater am Nollendorf¬
397 1655 1698 1718 latz eine Aufführung von Schnitzlers „Liebelei“ veranstaltet, die 9
359 1710 1690 1754 man dadurch pikanter zu machen suchte, daß Agnes Sorma die e
804 1723 1696 1782 famosen Operettenstats Pallenberg,x
355 1753 797 1812 Christine und die
359 1761 1656 1831 Massary und Pfann den alten Weiring, die Mizi und den
1031 1778 1678 1862 ie ganz Raffinierten war der
368 1820 915 1877 Theodor Kaiser spielten. F
360 1845 1692 1901 Münchener Literat und Schauspielerdilettant Franz Blei herbeiele
360 1866 1705 1959 geholt worden, um den „Heern“ zu verkörpern. Nun, es wäre ebenso un¬
352 1925 1687 1981 billig wie ungerecht zu heischen, daß die Sorma, die sich heute wohl
356 1951 1679 2032 schon den —zigern nahern mag, in der Rolle eines jungen, früh=t
357 1989 1691 2067 lingsgefühlvollen Mädels glaubwürdig erscheinen und Teile eines
356 2030 1679 2107 Operettenensembles, das allabendlich daran gewöhnt ist, um 8 Uhr
362 2081 1659 2147 den „Luxuszug nach Nizza“ abgehen zu lassen, über Nacht zu
368 2132 1671 2188 Schnitzlerschauspielern von Bedeutung emporwachsen sollten.
366 2143 1674 2233 Minderte man also klugerweise seine Anforderungen und paßte man
369 2185 1671 2278 seine Ansprüche den Privilegien einer Wohltätigkeitsvorstellung an,
374 2243 1666 2304 dann durfte man über eine immerhin annehmbare Aufführung
371 2272 1664 2353 quittieren. Daß ich nichts unterschlage: in der letzten Szene des
372 2295 1676 2384 Schausptels, die ja bereits durch den Dichter eine ungemein starke Aus¬
370 2344 1678 2430 gestaltung erfahren hat, strebten alle Darsteller über das während
382 2377 1675 2468 des Stückes innegehaltene Mittelmaß hinaus. Hier gaben Pallen¬
370 2430 1677 2493 berg und die Sorma große Momente, hier wurde die Spezialitäten¬
384 2448 1685 2538 bühne zum Theater, der humanitären Zwecken dienende Dilettantis¬
379 2503 1669 2582 mus zur Kunst. Es war auch schade, daß dieses wunderbare, ur¬
385 2543 1704 2633 wienerisch gedachte Stück so ganz unter dem Eindruck des zerstörenden
1096 2594 1236 2678 —.—
424 2699 1718 2744 Unwienerisch stand. Ich kann gar nicht sagen, wie stark die Leistung
429 2733 1730 2785 der Sorma darunter gelitten hat, daß die Darstellerin den Wiener
439 2769 1717 2818 Dialekt, von dem sie nun einma, nicht lassen wollte, in der entsehz¬
437 2806 1724 2861 lichsten Weise radebrechte. Und die Herren Pallenberg, Pfann,
1231 2847 1724 2902 Damen Massary und
441 2850 1235 2907 Stieler (Fritz Lobheimer) und die
433 2882 1729 2939 Valetti (Frau Binder), die doch insgesamt wahrlich nicht mit
434 2928 1718 2977 Spreewasser getauft sind, haben sich während der Zeit ihrer Berliner
442 2961 1730 3004 Erfolge, wahrscheinlich aus Dankbarkeit für die Lorbeeren, die man
442 2997 1721 3055 ionen hier reicht, derart angepaßt, daß auch sie nur einen recht
436 3046 1703 3095 schwachen Hauch echt Wienerischer Atnosphäre zu verbreiten ver
433 3082 1709 3129 mochten. Wie gesagt: es war mit Abrechnung der letzten Szape
431 3118 1748 3161 eine Sosolala=Vorstellung, die in einem mittleren Stadtthealer o#
1352 3158 1390 3221 5
421 3144 1191 3230 mäßigem Erfolg begleite: gewesen wäre.
1472 3157 1653 3236 seiger
726 3200 1412 3288 In her P.newentd### 0
2065 181 2445 266 Ausschnitt aus:
2404 162 3234 304 Gasnen-Ketensen icltag dece
2266 262 2382 347 12
2080 307 2193 353 vom
2523 295 2787 385 15.3
2091 400 2723 533 „Liebelei“ am
2303 511 2984 637 Nollendorfplatz.
2101 637 2998 713 Mit Agnes Sorma, Fritzi Massary und
2394 690 2680 766 Pallenberg.
2148 738 2994 818 Eine Art gelungener Improvisation ist diese
2102 806 2987 864 Auffürung des Schnitzlerischen Stückes im Theater
2096 845 2997 901 am Nollendorfplätz. Eise Pändeville=Bühne, drei
2859 892 2995 945 hals
2104 892 2805 953 Operettenspieler, ein Literat, der
2098 928 3000 993 Mime versucht, zwei entliehene Schauspieler und
2113 983 2987 1036 Agnes Sorma a. D. Das Glück der Vorstellung,
2100 1024 3001 1068 die den Kassen des Frauenvereins vom Roten
2099 1065 3021 1109 Kreuz galt, lag dort, wo man die Gefahr ver¬
2099 1118 2991 1162 mutete: bei den Operettenspielern, die grell,
2099 1148 2991 1206 laut, unschnitzlerisch hätten sein dürfen. Sie
2108 1208 2991 1251 waren nett, natürlich, unvordringlich, ge¬
2103 1236 2990 1296 lassen, amüsant in einer temperierten Lustigkeit.
2103 1286 2999 1348 Es gibt schon zu viele und zu gute Vorlagen,
2099 1330 3001 1391 um eine der Figuren zu verzeichnen, aber
2099 1374 2999 1426 Pallenberg, der den alten Orchestergeiger,
2110 1422 2995 1477 den verständigen Vater der sentimentalen
2108 1461 2998 1509 Christine gibt, kommt sogar zu einer ganz selbst¬
2105 1504 3006 1563 ständigen Gestaltung. Dieser wienerische Mu¬
2113 1549 3000 1606 sikus Miller, der nur Herz ist, der keinen
2109 1602 2994 1646 Knochen im Leibe, nur Weichteile besitzt, ist in
2115 1636 3007 1694 Pallenbeigs Darstellung gütig, mild, ein lieber,
2102 1677 3003 1736 alter Kindskopf, dem die Träne rasch sickert, eine
2111 1723 3003 1780 volksstückhaft rührende Figur. Und Pallenberg
2113 1776 3000 1823 nimmt die seltene Gelegenheit, sich auf der Bühne
2118 1813 3012 1870 einmal recht von Herzen auszuheulen, tüchtig
2114 1854 2394 1914 beim Schopf.
2171 1892 3009 1950 Ein bißchen geht von seiner Weichheit auch
2115 1947 3001 1997 auf das lustige Paar, auf die Gegenspieler des
2115 1983 3003 2053 schwerblütigeren Fritz und der melancholischen
2117 2034 3004 2092 Christine über. Aber Carl Pfann, sonst aus¬
2113 2080 3007 2142 schließlich Tenor, ist doch ein recht komödienhafter
2114 2119 2998 2184 Theodor, dem man die Liebesphilosophie glaubt,
2111 2168 3012 2223 daß die Weiber ausschließlich nur „zum Erholen
2109 2209 2996 2265 da sind“. Auch Fritzi Massary, die Mizzi
2111 2246 3008 2295 Schlager, ist flott, allerliebst lodderig und
2122 2282 3013 2353 drängt ganz die Soubrette zurück, die sich sonst
2113 2332 3004 2382 in den Vordergrund spielen würde. Dies die
2114 2377 3006 2444 Operettenspieler; alle drei kommen sie Schnitzler
2106 2439 3007 2489 am nächsten. Mit Agnes Sorma, deren süßere
2114 2480 2993 2522 Wehmut und tirfinnerste Durchseeltheit vor
2118 2511 3007 2592 rund siebzehn Jahren der Gestalt und dem Stück
2119 2557 2544 2615 zum Siege verhalfen.
2171 2588 3006 2661 Siebzehn Jahre sind eine lange Zeit, und wenn
2113 2645 3007 2710 sie den zwei letzten Akten des Stückes manchen
2117 2680 3008 2752 Schaden zugetügt haben, so haben sie umgekehrt
2106 2727 3005 2798 der Sorma=Christine der ersten Hälfte des
2106 2768 3078 2836 Stückes Abtrag getan. Hier vermag auch der 1
2114 2909 3006 2995 gleichgebliebene Klang der Stimme, die ihren
2113 2980 3002 3032 süßen Schleier behalten hat, die Illusion der
2108 3022 3006 3074 Achtzehnjährigkeit lieber Wiener Vorstadtmädel
2114 3077 3005 3127 nicht zu wecken. Der starke Schmerz, die Ver¬
2115 3114 2999 3167 zweiflung der letzten Szenen, so sehr sie auch dem
2114 3154 3007 3209 reinen Theatereffekt zugetrieben werden, die sind
2122 3213 2996 3264 eine durchweg glaubhafte und starke Kundgebung
2112 3250 3006 3290 der Sorma von heute. Sie wird sich nun wohl
2117 3285 3011 3346 nicht mehr so lange im Verborgenen halten und
2116 3330 2998 3391 die Provinzen beglücken. Wannsee ist von Berlin
2105 3375 3007 3440 nicht weit und wir brauchen Schauspielerinnen
2120 3423 3001 3478 ihrer Art; wenngleich sie nicht justament die
2111 3459 2588 3527 Christine spielen müssen.
2169 3485 3008 3568 Der vom Lessingtheater entliehene Kurt
2117 3552 2998 3599 Stleler war Fritz. Anatol, der sich nach
2116 3601 2990 3660 einer Zärtlichkeit ohne Pathos sehnt und aus
2115 3640 2999 3703 einer süßen Liebelei weggeschossen wird. Säuber¬
2113 3681 2992 3751 lich, adrett, steif. Als der Mann, der ihn finster
2112 3733 2993 3800 zu den Schatten holt, versuchte sich Herr Franz
2116 3774 2993 3833 Blei. Das Experiment, das innerhalb einer
2113 3815 2989 3872 von Franz Zavrel geschickt abgerundeten, nur
2118 3870 3001 3929 im Tempo zu gedehnten Vorstellung unnötig
2113 3910 2992 3964 eine Szene gefährdete, mißlang. Wie die andern
2109 3947 2997 4013 schauspielerischen Versuche, die einige Literaten
2110 4008 2984 4069 in den letzten Jahren anstellten. Legen wir's
2113 4042 2371 4115 zum übrigen.
2552 4060 2949 4151 Norbert Falk.
