3436 4256
434 190 779 262 Liebele
261 194 1395 309 5. „ „1 box 12/1
1253 891 1651 993 Telephon 12.801.
709 1042 1468 1139 „JOSEIVEN
544 1123 1636 1203 I. österr. beh. konz. Unternehmen für Zeitungs¬
757 1180 1431 1237 Ausschnitte und Bibliographie.
738 1216 1505 1308 Wien, I., Conoordiaplatz 4.
944 1308 1271 1368 Vertretungen
554 1350 1643 1416 in Berlin, Brür, el, Budapest, Chicago, Cleveland, Christiania,
547 1396 1645 1455 Genf, Kopensagen, London, Madrid, Mailand, Minneapolis,
550 1434 1651 1502 New-York, Paris, Rom, San Francisco, Stockholm, St. Peters¬
947 1478 1254 1528 burg, Toronto.
911 1513 1307 1575 #tellmangabe ohns Gewähr.
545 1560 895 1653 Ausschnitt au
899 1553 1656 1687 Jeutsche Warte, Berlin
651 1682 879 1747 n: 220
821 1698 1209 1803 S
942 1806 1205 1891 Theater.
903 1878 1281 1949 Komische Oper.
572 1902 1674 2001 „Liebelei“, Oper in drei Akten von Franz Neu¬
477 1987 1446 2042 mann, Dichtung von Arthur Schnitzler.
568 2016 1669 2081 Schnitzlers „Liebelei“ ist nunmehr mit dem in der
489 2080 1670 2151 Komischen Oper üblichen lauten Beifall als Oper in Szene ge¬
489 2110 1682 2193 gangen. Eine Alltagsgeschichte, ein drumatisierter Novellen¬
489 2152 1679 2222 stoff in musikalischer Einkleidung. Kleinliche Sorgen und Er¬
492 2197 1689 2269 lebnisse von Dutzendmenschen hat bisher noch kein Komponist
495 2242 1686 2323 in Musik gesetzt, erst Franz Neumann hat den Gedanken
498 2290 1685 2366 gehabt, die Geschichte von dem armen Nähmädchen zu kom¬
488 2337 1680 2415 ponieren, deren Geliebter in den Liebesneten einer anderen
486 2371 1689 2471 Frau gefangen ist, und der schließlich um dieser Frau willen
496 2424 1684 2492 im Duell fallen muß. Dieses nicht gerade tragische, aber doch
487 2457 1690 2541 recht wirkungsvoll aufgebaute Stück verliert durch die Musik
497 2507 1632 2587 jede dramatische Kraft. Die Musik hält die Handlung auf,
490 2555 1693 2627 verschleppt und verzögert. Schließlich ist man herzlich fkoh,
490 2590 1689 2665 wenn überhaupt nur einige Worte gesprochen werden, die das
488 2637 1704 2706 Stück vorwärts bringen. Das ewige Gesinge in einem Werk,
503 2675 1693 2772 das am besten in schnellstem Tempo über die Bühne gehen soll,
491 2723 1700 2815 wirkt beinahe peinlich. Ich kann mir auch gar nicht
502 2776 1692 2845 vorstellen, wie ein Musiker den Text ohne jede Aenderung
500 2816 1696 2887 durchkon.#onieren kann. Da gibt es nirgends größere Ruhe¬
499 2865 1693 2924 punkte, die ie Musik verinnerlichen könnte, nirgends poetische
501 2904 1691 2966 Momente, die eine musikalische Belebung verlangen. Alles
507 2948 1690 3008 ist in dem gleichen unterhaltenden Plauderton geschrieben.
509 2984 1707 3079 Und dabei ist auch die Sprache von jeder dichterischen Kraft
516 3028 1700 3114 weit entfernt, so daß man eine Komposition des Buches fast
516 3092 998 3176 für ausgeschlossen halt.
602 3101 1708 3202 Franz Neumann hat sich aber über diese Bedenken leicht
515 3159 1706 3230 hinweggesetzt, er glaubte, daß ein gutes Drama auch ein brauch¬
524 3207 1719 3282 bares Opernlibretto abgeben würde, und so hat er zu dem
507 3243 1719 3336 Buch einfach eine begleitende Musik geschrieben. Denn mehr
516 3275 1722 3373 als eine Illustration der Bühnenvorgänge gibt er nicht. Der
521 3332 1725 3410 Text bietet kaum irgend eine Partie, die zu ariosen oder über¬
515 3376 1723 3442 haupt nur zu geschlossenen Formen eine Anregung geben
525 3427 1718 3507 könnte. Neumann setzte deshalb den ganzen Dialog in ein
520 3465 1723 3540 endloses, stets gleichlautendes Rezitativ um. Ein Parlandostil,
527 3505 1721 3587 der auf die Dauer unerträglich wird. Ein verwässerter Perccini.
521 3544 1734 3639 Aber ohne dessen melodische und musikalische Kraft. Neumann
526 3586 1748 3685 hat für die Opernkomposition kein Talent. Die wenigen
1684 1730 2900 1812 Motive, die sich durch das Ganze schlängeln, sollen wohl dem
1692 1778 2887 1861 Wiener Lokalton treffen, zeigen aber doch nur bekannte An¬
1698 1807 2890 1908 klänge. Sehr dürftig klingt auch das Orchester. Wie kläglich
1696 1871 2892 1946 mutet das Vorspiel zum dritten Akt an, das die vorangegan¬
1700 1905 2891 2001 genen Motive summiert! Und wie unbeholfen ist der musi¬
1701 1951 2891 2040 kalische Ausdruck und die Technik! Nirgends zeigen sich Lich¬
1692 1996 2891 2091 punkte, nirgends selbständige und wertvolle musikalische Ge¬
1690 2075 1862 2138 danken.
1789 2075 2905 2168 Was an dem Stück noch zu retlen war, das hatte Direktor
1701 2123 2902 2217 Hans Gregor — der diese Oper übrigens als letzte in
1704 2165 2911 2254 seiner hiesigen Stellung inszeniert hat — sehr vorteilhaft her¬
1702 2221 2911 2290 vorgehoben. Es gab wieder schöne und stimmungsvolle
1710 2262 2905 2337 Bühnenbilder. Auch die Rollen waren durchweg sehr geschickt
1709 2297 2910 2387 verteilt. Maria Labia als Christine, brachte die hin¬
1701 2335 2907 2433 gebungsvolle Liebe, das Sorgen und Bangen des armen
1710 2382 2907 2469 Mädchens ganz prächtig zur Darstellung. Sie ist virklich eine
1706 2428 2908 2516 ausgezeichnete Schauspielerin, wenn auch ihr Gesang rauh und
1719 2474 2905 2563 unausgeglichen klingt. Die übrigen Darsteller standen an ge¬
2733 2517 2915 2572 waren
1713 2525 2614 2618 sanglicher Kultur noch weiter zurück,
1721 2555 2907 2644 aber trotzdem recht charakteristische Vertreter ihrer
2630 2599 2908 2669 (Fritz) und
2231 2619 2505 2675 a dolowi
1709 2628 2177 2697 Partien. Jean
1725 2647 2922 2730 Richard Wissiak (Theodor) spielten flott und
1722 2695 2909 2790 sicher. Zwei hübsche Typen schufen auch Susanne Buch¬
1713 2716 2927 2833 rich als fesche Weanerin und Desidor Zador in der
1724 2775 2909 2873 „Rolle des biederen Musikers. Das Orchester führte seine un¬
1708 2815 2920 2921 dankbare Aufgabe unter der Leitung von E. N. Reznicel
1706 2857 2929 2962 [recht gewandt aus. Der Oper wird aber trotz der aufgewandten
1718 2917 2631 3006 Mühe kaum ein längeres Leben beschieden sein.
2159 2932 2928 3049 Dr. Georg Schünemann./
