3436 4256
1316 158 1389 231 1
407 139 789 227 Liebelei
945 139 1325 245 box 11/
242 165 807 269 5.. Sn ennnue
770 944 1247 1048 Telephon 12801.
386 1051 1624 1107 Alex. Weigl’s Unternehmen für Zeitungs-Ausschnitte
1403 1110 1644 1181 Ausschnitt
614 1131 1285 1263 „OBSERYER‘
1438 1170 1680 1253 Nr. 36
270 1243 1709 1305 I. österr. behördl. conc. Bureau für Zeitungsberichte u. Personalnachrichten
494 1314 1511 1396 Wien, IX/1, Türkenstrasse 17.
685 1373 1309 1451 Filiale in Budapest: „Figyelö“
272 1442 1718 1514 Vertretungen in Berlin, Chicage, Genf, London, Newyork, Paris, Rom, Stockholm.
266 1567 1525 1696 Ausschnitt aus:
283 1700 938 1811 vom:  700
831 1897 1210 1983 Raimund=Theater.
497 1943 1645 2047 „Olgas Spitzbube“ von Beatrice Dovsky. „Liebelei“ von
407 1990 1638 2083 Arthur Schnitzler. „Olgas Spitzbube“ hat mir am Samstag
408 2052 1629 2129 einen bösen Streich gespielt. Er hat sich nämlich in ganz unverant¬
403 2078 1625 2175 wortlicher Gutmütigkeit zum Helden eines Lustspieles hergegeben,
396 2135 1627 2217 das zu schreiben sich Frl. Dovsky unerklärlicherweise für verpflichtet
400 2156 1629 2254 hielt. Das hat sich an den anderen schwer gerächt. Ich will es
405 2219 1622 2301 gerne glauben, daß es der Beredsamkeit der I. U. Dr. Olga Rau¬
402 2254 1628 2338 mann, die von der Autorin ganz allerliebst verkörpert wurde, gelang,
405 2303 1635 2367 einen Freispruch für ihren Klienten zu erwirken; wo aber findet
401 2331 1638 2428 sich das literarische Tribunal, das nicht für die Geschmacklosigkeiten
397 2378 1631 2451 der Autorin Sühne heischte? Und dann, so weit ein tieferer Sinn,
399 2423 1632 2500 ein leitender Grundgedanke in dem Stücke zu entdecken ist, handelt
402 2465 1632 2547 es sich, wie schon die bloße Lektüre wohl die Anfrage gestattet,
288 2492 379 2564 Für
396 2507 1697 2588 ob es der Schauspielerin Dovsky bekannt ist, daß die sogenannte##ve
395 2552 1662 2625 Emanzipation der Frau eigentlich schon mit der Eroberung des für“
324 2585 372 2643 „
380 2568 1685 2668 unweiblich gehaltenen Schauspielerberufes begann — wenn ja, ob sie?n!
1599 2638 1701 2685 raus.
393 2638 1621 2710 geneigt wäre, dies der Autorin Dovsky mitzuteilen, damir diese einen
394 2672 1732 2741 anderen Gegenstand ihrer Satire wähle, falls sie — we Gott ver¬t das
381 2700 1736 2794 hüten möge — die Absicht hat, ein neues Werk zu verfassen. Diees den
286 2745 1615 2832 Abon Rolle, um die das Stück herumgeschrieben ist, spielte Herr Thaller
287 2796 1626 2873 Abon in virtuoser Weise. Wie er durch die Pracht des Empfangssalons
378 2832 1725 2917 der Advokatin erst scheu und unsicher gemacht, bald wieder die nötigend die
376 2870 1720 2950 Kaltblütigkeit wiederfindet, um sein Metier, den handwerksmäßigen gen¬
281 2909 1729 2998 Inha Diebstahl, zu betreiben, wie sich seine Schüchternheit allmählich ver=tung")
283 2949 1731 3030 hläliert und einer frechen Arroganz Platz macht — das ist ein Meister=stliche
293 2996 1724 3065 wodt stück feiner Porträtierungskunst. Eine Wirkung übte wieder Schnitz=e Mit¬
283 3031 1601 3121 Lebeler „Liebelei“. Frau Niese, die die Christine spielte, hatte an¬
294 3066 1613 3166 theil fangs, so lange sie das süße, selbstlos hingebenden Wesen gab,
375 3119 1606 3196 einen schweren Kampf gegen ihre wenig poetische Erscheinung zu
381 3153 1611 3224 kämpfen. Doch im dritten Akte, da die Ahnung ihres Unglücks zur
374 3191 1609 3285 Gewißheit wurde, wuchs die Künstlerin ins Riesenhafte und wußte
366 3261 1605 3321 durch ihre schlichte, so gar nicht gekünstelte Kunst aufs tiefste zu er¬
366 3283 1606 3350 schüttern. Auch Frl. Reingruber bot eine außerordentliche
367 3337 1606 3405 Leistung. Die Inszenierung war durchwegs sehr stimmungsvoll,
369 3375 1602 3447 doch sollte die Intimität der Aufführung nie so weit getrieben wer¬
362 3410 1604 3498 den, daß der Schauspieler unverständlich wird, was leider sehr oft
367 3448 665 3529 der Fall war.
1395 3477 1570 3551 r—
2259 1090 2735 1174 Telephon 12801.
1896 1179 3127 1261 Alex. Weigl’s Unternehmen für Zeitungs-Ausschnitte
2820 1230 3120 1296 Ausschnitt
2936 1283 3187 1380 Nr. 83
2119 1244 2794 1389 „OBSERYER‘
1845 1313 2101 1416 e10
1783 1376 3236 1471 I. österr. behöfdl. conc. Bureau für Zeitungsberichte u. Personalnachrichten
2006 1431 3023 1533 Wien, IX/1, Türkenstrasse 17.
2183 1501 2845 1593 - Filiale in Budapest: „Figyelö“ —
1788 1557 3224 1659 Vertretungen in Berlin, Chicago, Genf, London, Newyork, Paris, Rom, Stockholm.
1778 1667 3120 1812 Ausschnitt aus: Der Salen, Wien
2239 1816 2411 1927 205
1800 1856 2238 1962 vom:
2177 1968 2963 2078 * Der drolligennheit folgte die ale
2696 2031 2969 2109 von Arthur
1971 2038 2704 2128 Ternstgemeinte 3=aktige e“
1991 2084 2972 2171 Schnitzler. Frau Nrese spielte die sentimen¬
1986 2150 2964 2235 tale Christine Weiring, die ihr aber gar nicht lag,
1979 2213 2971 2274 s wir hätten sie viel lieber als #eiche Schlager Mizzi
1991 2262 2976 2348 Tgesehen, die ganz an contruir das ernste Fräulein
1994 2316 2971 2397 =Reingruber gab, es war nicht zu leugnen, aush
1993 2374 2984 2449 mit recht viel Geschick. Aber Frau Niese wirtte
1985 2423 2984 2501 in dem bedeutsamen dritten Akt mit ihren tiefen
1994 2480 2988 2560 Tönen eher komisch als tragisch, was ihrem guten
1990 2541 2982 2620 Spiel nicht am besten zu statten kam. Auch hier
2000 2593 2975 2669 waren die Herren Lackner und Homma als
1804 2634 1911 2695 Für
3002 2617 3212 2696 inclusive
2004 2649 2983 2711 Fritz Lobheimer und Theodor Kaiser wieder am
3015 2682 3182 2737 Porto.
2011 2696 2978 2775 Platze, ganz famos, auch Herr Jules, er gab Chri¬
1900 2682 1943 2762 F
3012 2720 3195 2777 Zahlbar
1899 2748 1990 2802 50
2013 2726 3225 2833 stinens Vater mir ernster, ruhiger Würde, ohne im Voraus.
1841 2796 2001 2859 „ 100
2003 2802 2978 2875 larmotanter Übertreibung, man glaubte ihm den
2978 2824 3249 2886 hitte ist das
1914 2838 1991 2897 In
2018 2855 3253 2932 Schmerz um sein unglückliches Kind. Auch Frall (steht es den
1804 2879 2003 2935 Abonnem
1814 2926 2003 2989 Abonnen
2006 2924 3124 3001 Anatour bot recht gut eine bissige Strumpf= sudern.
1926 2962 2981 3041 De wirkersfrau. Im ganzen fand die „Liebelei“ eine
2966 2985 3253 3053 hthaltend die
1813 3020 3245 3096 Inhaltsa, recht warme Aufnalngnchungen der Wiener Morgen¬
1808 3071 3236 3143 blätter (Tagesjournale ausser „Neue Freie Presse“ und Wiener Zeitung")
1813 3126 3248 3172 wodurch eine Uebersicht über das gesammte politische und wirthschaftliche
1808 3169 3252 3215 Leben des In- und Auslandes in drastischer Kürze geboten wird. Diese Mit¬
1809 3196 2830 3261 theilungen werden in Wien um 9 Uhr Früh verschickt.
2136 3279 2916 3363 Prospecte gratis und franco.
