3484 4256
318 144 444 211 Li
467 143 713 214 belei
875 143 1299 238 box 13/7
183 137 836 243 . Aincentschen
644 521 1483 648 „OBSERVER'
727 637 1435 697 I. österr. behördl. konzessioniertes
694 682 1464 755 Unternehmen für Zeitungs-Ausschnitte
755 736 1390 818 WIEN, I., WOLLZEILE 11
827 798 1320 851 TELEPHON R-23-0-43
630 922 1026 1004 Ausschnitt aus:
1100 934 1626 1086 Kölnische Volksreitung
612 1157 813 1220 O
1043 1119 1358 1243 10. 0KT.
622 1247 2648 1383 Buch u. Bücherei im Aufbruch des Volkstums
629 1398 2633 1505 Der 21. Kursus für Leiter und Milarbeiter in den Büchereien des Borromänsvereins
656 1474 2632 1556 Im Borromäushaus in Bonn begann gestern vor= land in Hermann Erich Busse. Neben dem Bekennt¬
633 1522 1637 1586 mittag unter starker Beteiligung von Geistlichen und
1646 1541 2629 1586 nis zum Stammlichen steht das Bekenntnis zu Ehe
636 1572 1629 1619 Laien, die in der Arbeit des katholischen Volksbüche¬
1637 1574 2635 1636 und Familie. Wie hebt sich etwa Schuitzlers
632 1612 1637 1654 reiwesens der Borromäusvereine in Stadt
1644 1605 2647 1680 Liebelei gegenüber das Bild einer guten Ehe in
626 1650 1629 1697 und Land stehen, der 21. Lehrgang für Leiter
1645 1648 2641 1703 Dörfkers Roman „Um das kommende Geschlecht" und
627 1688 1633 1733 und Mitarbeiter. Er steht unter der leitenden
1643 1688 2626 1741 das ernste Verantwortungsbewußtsein in Carossas
626 1729 1636 1770 Idee „Buch und Bücherei im Aufbruch des
1651 1726 2634 1789 „Arzt Gion“ ab! Und nicht nur die Dichter sprechen
630 1765 1633 1815 Volkstums“. Direktor Johannes Braun er¬
1640 1764 2426 1820 dieses Ja aus, sondern auch die Denker.
630 1798 1638 1848 öffnete die Tagung mit der Feststellung, daß die leb¬
1655 1803 2623 1868 Nur auf einer solchen Grundlage wird sich die
625 1821 1628 1881 hafte Anteilnahme die Notwendigkeit der Veranstal¬
1638 1853 2629 1918 deutsche Zukunft aufbauen können. Die verschiedenen
628 1880 1628 1925 tung beweise. Aus fast allen Diözesen seien Ver¬
1640 1900 2623 1950 falschen Haltungen dem Krieg gegenüber, die sich
636 1911 1636 1959 treter erschienen. Sogar aus Luxemburg, Elsaß¬
1639 1925 2640 1983 während und nach dem Kriege in einer pathetischen
637 1962 1628 2007 Lothringen und Eupen=Malmedy sind Teilnehmer
1640 1975 2645 2035 Verhüllung des Grauens, in einer besinnungslosen
629 1990 1634 2038 nach Bonn gekommen. Die Tatsache, daß so viele aus
1646 2013 2639 2058 Ablehnung und in einer rein sachlichen Darstellung
637 2028 1637 2079 weiter Ferne und unter großen Opfern den Weg
1638 2056 2623 2104 geäußert haben, werden durch eine tiefere Auswer¬
627 2066 1628 2111 ins Vaterhaus der großen Borromäusfamilie gefun¬
1646 2084 2641 2141 tung dieses Grunderlebnisses abgelöst. Man erkennt,
628 2100 1628 2160 den hätten, sei ein Anlaß zu neuem Mut und Ver¬
1628 2138 2631 2181 daß die alten Lebensformen eines bürgerlichen Le¬
632 2141 825 2198 trauen.
1636 2163 2646 2218 bens endgültig zerbrochen sind. Eine neue Jugend
672 2189 1632 2239 Den ersten Vortrag hielt Privatdozent Dr. Hein¬
1641 2203 2639 2254 formte sich mit den Männern, die den Krieg erlebt
624 2210 1624 2272 rich Lützeler über das Thema „Der Umbruch
1640 2233 2636 2288 haben. Ein neuer Freiheitsbegriff, der aus
631 2263 1626 2305 der Zeit“. In den letzten 20 Jahren, so führte er
1642 2277 2635 2330 Verantwortung leht und Bindungen anerkennt,
629 2293 1595 2350 aus, ist der deutsche Mensch schicksalhaft der Mens
1645 2317 2633 2357 ringt sich durch. Der menschliche Grundbegriff der
628 2339 1631 2382 in der Unruhe gewesen. Friedlosigkeit, Unsicher¬
1644 2341 2640 2396 Asrese wird als Bändigung zur Steigerung der
633 2376 1632 2430 heit, Arbeitslosigkeit waren die äußeren Zeichen des
1646 2390 2636 2434 Leistung neu erfahren. Nur durch Bindung ist wahre
625 2402 1631 2466 Sturms der Weltgeschichte, den er erlebte. Der Krieg
1639 2425 2625 2476 Freiheit zu erwerben. Es ist allgemeine Ueberzeu¬
627 2455 1630 2497 ist weithin nicht Anlaß zur Besinnung gewesen, son¬
1639 2451 2445 2510 gung geworden, daß Kameradschaft
2441 2464 2632 2519 zwischen
637 2477 1633 2538 dern Anfang zu weiterer Auflösung. Im katholischen
1641 2497 2641 2557 Männer und Jünglingen neben der Liebe zwischen
627 2526 1627 2581 Deutschland ist immer hellsichtiger Widerspruch gegen
1637 2539 2227 2595 Mann und Weib stehen muß.
630 2570 1633 2618 den wachsenden Verfall laut geworden. Trotzdem ist
1659 2588 2643 2645 Ein drittes muß hinzukommen: Die Beziehung
640 2604 1641 2649 es soweit gekommen, daß das heutige Europa sich vor
1635 2615 2638 2673 zu Gott. Jedes Volk kann aus seiner eigenen Art
629 2642 1632 2687 das Nichts gestellt sieht. Im Denken der Völker ist
1647 2662 2640 2723 die Beziehung zu Gott finden. Eine volksbezogene
640 2681 1634 2726 nichts mehr von einem Glauben an Gott oder Götter
1640 2709 2634 2767 Religiösität tut not, die Erfüllung des Deutschen am
635 2716 1625 2774 zu spüren. In ratloser Trauer stehen die Menschen
1636 2749 2634 2794 katholischen Grundpunkt. Das Katholische ist nicht
632 2750 1636 2801 da, wie es sich etwa in Jakob Wassermanns Roman
1645 2786 2633 2836 eine Bereicherung des Nationalen, sondern eine
636 2794 1629 2850 Etzel Andergast zeigt. Er hat das Wissen um diese
1638 2816 2651 2873 [Notwendigkeit zur Reifung des Vol¬
636 2820 1639 2883 Tatsache, aber nicht das Heilmittel. In Bernard
1638 2864 2641 2914 kes. Es kommt darauf an, daß das Volk sein Eben¬
637 2873 1623 2918 Shaws „Zu wahr um schön zu sein“ zeigi sich das
1634 2891 2642 2944 bild in Gott entdeckt, wie Dante zuletzt sich selbst in
638 2906 1639 2967 Europa vor dem Nichts im Gelächter eines fratzen¬
1643 2927 2646 2992 Gott erblickt. Welch große Aufgaben und Möglich¬
627 2949 1377 3005 haften und relativistischen Zeitbildes.
1631 2960 2639 3023 keiten für den katholischen Menschen in dieser Ent¬
658 2988 1652 3061 Was haben wir gegen das erschütterte Europa zu
1645 3010 2638 3061 wicklung liegen, das lehrt die Geschichte, wo immer
639 3044 2633 3092 setzen? Die Heilkräfte kommen von den ver=wieder Deutschland sich selbst gestaltet in der Begeg¬
637 3073 1642 3128 schiedensten Menschen und aus den verschiedensten
1630 3085 2633 3141 nung mit dem Katholizismus. Ein Grünewald ein
627 3120 1638 3172 Sachgebieten und sie schließen sich, was sehr wesent¬
1646 3113 2629 3171 Lochner, ein Riemenschneider sind in ihrer Kunst
628 3157 1636 3207 lich ist, schon zum Bilde des deutschen Menschen der
1632 3157 2628 3215 deutsch und katholisch. Hermann Platz drückte es in
638 3194 1636 3239 Zukunft zusammen. Das radikale Fragen eines Karl
1638 3198 2631 3256 seinem Buche „Rhein und Abendland“ einmal fol¬
637 3227 1633 3281 Borromäus Heinrich, der den Krieg als die Folge
1636 3233 2624 3281 gendermaßen aus: „Deutsch sein, ist unsere
633 3266 1634 3319 der Gottlosigkeit erkannte, und eines Franz Herwig,
1636 3274 2634 3341 innerste Art, Christ sein, unsere beste
633 3310 1629 3356 der das soziale Mißverhältnis der modernen Gesell¬
1642 3307 1836 3367 Kraft.“
633 3345 1638 3393 schaft durchschaute, weisen die Wege. Wichtiger aber
1659 3352 2632 3417 Wie kommt es, daß die Katholiken, die die Ent¬
637 3383 1630 3433 ist die Gestaltung, das Werk des Menschen, der allein
1645 3405 2621 3450 wicklung erkannten, nicht Träger der staatsschöpfe¬
623 3425 1627 3473 die Zeit verwandeln kann. Aus dem katholischen Be¬
1645 3446 2628 3504 rischen Tat geworden sind? Es ist nicht nur Zufall
634 3452 1632 3505 reich stammen die Dichter des Volkstums: Leo
1640 3483 2623 3529 und Verhängnis, sondern auch eine gewisse Schuld.
639 3502 1632 3550 Weismantel und Peter Dörfler, der im Bauern
1650 3521 2626 3562 Wir haben gewußt, aber nicht gewagt. Die Entwick¬
636 3535 1626 3580 wieder eine Urgestalt des Menschen erkannte. Volk,
1639 3557 2627 3612 lung hat gezeigt, daß ein Glauben auch heute noch
634 3571 1639 3612 Stamm und Geschlecht wurden wieder hohe
1644 3595 2630 3647 Berge versetzen kann. Der Sieg der Zukunft kann
625 3605 1630 3656 führende Worte. Mannigfache Bilder der deutschen
1642 3618 2630 3686 nur dem gehören, der den größeren Glauben hat.
632 3650 1632 3685 Stämme treten in Erscheinung: Die Rhön bei Weis¬
635 3684 1641 3728 mantel, Schmaben bei Dörfler, die rheinische Art bei
1671 3678 2642 3760 Starker Beifall zeigten dem Redner die dankbarc
622 3707 2133 3782 Steguweit, Ostpreußen in Ernst Wiechert, Süddeutsch= Zustimmung der Hörer.
