3436 4192
487 151 875 226 Liebelei
326 159 991 262 5. Dnnennnnnn
1019 137 1459 239 box 11/1
2037 84 3157 127 „Olga's Spitzbube.. Das Originellste an dieser
2029 119 3157 192 anspruchslosen Kleinigkeit ist wohl das, daß als Zeit der
2030 179 3153 241 Handlung weder die Vergangenheit, noch die Gegenwart,
2021 212 3149 279 sondern die nächste Zukunft angegeben erscheint. Die Haupt¬
2028 270 3156 334 colle des Stückes ist nämlich die einer Vertheidigerin in
2022 321 3157 383 Strafsachen, eines JlDr., namens Olga Raimann;
2023 372 3160 425 und da es weibliche Advocaten dermalen in Oesterreich
2018 400 3164 482 bekanntlich noch nicht gibt und das Stück in Wien spielen
3144 436 3277 510 lusive
1852 438 1982 520 Für
1986 462 3250 529 5esoll, blieb wohl nichts Anderes übrig, als eben diererto.
1974 500 3259 582 10 Handlung in die Zukunft zu verlegen. Zu Beginn desgulbar
1973 534 3291 622 20 Stückes befindet sich der weibliche Doctor juris eben im Voraus.
1979 579 3318 674 50 Schwurgerichtssaale, für einen des Diebstahles Angeklagten jet das
1968 613 2043 669 100
1914 631 1962 692 „
2000 656 3325 715 I, plaidirend, indeß ihr Gatte im Hause für Kind und Küche zun es den
1872 706 3193 764 Abonnensorgen hat. Frau Olga erringt ihren ersten forensischehrn.
1870 748 3150 798 AbonnenErfolg, und hievon berauscht, ladet sie den von ihr Ver
2014 811 3327 862 theidigten, von dessen Unschuld sie selbst überzeugt ist, iultend die
2004 830 3316 910 Dihr Haus zum Speisen ein. Gleich beim Eintritt in dilorgen¬
3117 877 3307 930 Zeitung")
1874 849 3312 965 Inhaltsaohnung seiner Retterin läßt =Olga's Spitzbube= einelzchaftliche
1890 908 2109 962 blätte.,
1879 940 3329 1002 wodurchsülberlössel verschwinden und benützt späterhin eine günstigdiese Mit¬
1889 998 3165 1046 Leben Gelegenheit, um seine sämmtlichen Tischgenossen ihrer Uhren
1880 1034 3149 1089 theilungn berauben. Nach Schluß des Muhles erscheint ein
2019 1089 3156 1155 Detective, um den Gauner abermals zu verhaften, doch
2026 1134 3168 1185 iesem gelingt es, sich in der Eile der Doctorin Hut und¬
2021 1183 3155 1236 Mantel umzuwerfen, und in dieser Maskerade zu entfliehen.
2025 1232 3157 1288 Die bestürzt Zurückgebliebenen erfahren nun, daß sie es
2026 1276 3175 1355 nit einem berüchtigten Verbrecher, der vor Kurzem¬
2027 1326 3153 1380 rst der Strafanstalt entsprungen war, zu thun
2039 1377 3145 1446 atten. So wenig bedeutend das Stück an sich
2030 1425 3149 1485 such ist, konnte man doch infolge der gelungenen Dar¬
2036 1478 3158 1520 tellung derselben an ihm naives Vergnügen haben. Die
2023 1523 3154 1591 Hauptrolle wurde von den Autorin selbst, die ja vordem
2033 1573 3154 1634 Schauspielerin war, sehr gut gespielt, noch köstlicher war
2027 1607 3144 1670 derr Willy Thaller in der Rolle des Spitzbuben,
2034 1667 3146 1735 echt gut auch Herr Lackner als Gatte Olga's. Es gab
2036 1698 3149 1763 ementsprechend auch reichen Applaus und sogar Blumen¬
2035 1762 3136 1828 penden für das in doppelter Eigenschaft gefeierte Fräu¬
2019 1818 3146 1881 ein Dovsky. — Dieser lustigen Kleinigkeit folgte ein
2026 1854 3136 1928 ehr ernst gemeintes Stück, nämlich das dreiactige Schau¬
2021 1914 3145 1965 viel: =Liebelei= von Arthur Schnitzler. Zwei
2018 1958 3134 2030 unge Männer, Fritz Lobheimer (Herr Lackner) und
2012 1998 3146 2054 Theodor Kaiser (Herr Homma), unterhalten Liebes¬
2022 2036 3151 2111 verhältnisse mit zwei jungen Mädchen sehr verschiedenen
2018 2085 3137 2180 Naturells. Während die Geliebte des Letzteren, die
2010 2144 3145 2222 Modistin Mizzi Schlager (Fräulein Reingruber),
2008 2188 3153 2268 die ganze Sache von der leichtesten Seite auffaßt,
2100 2239 2251 2296 die
2008 2232 2104 2291 hat
2275 2235 2677 2305 Auserkorene des
2711 2240 3145 2310 Ersteren, Christine
2010 2274 3151 2366 Weiring (Hausi Niese), eine tiefe Leidenschaft für
1999 2332 3136 2409 ihren Verehrer erfaßt; doch dieser spielt mit ihr nur, gleich¬
1999 2387 3147 2463 wie sein Freund mit der Modistin. Fritz unterhält nämlich
2004 2435 3142 2500 nebsibei Beziehungen zu einer Frau, von deren Manne er
2006 2469 3153 2554 im Duell getödtet wird. Als dies Christine erfährt, verfällt
2010 2526 3142 2599 sie in Raserei, verläßt das Haus ihres Vaters (Herr
2004 2587 3152 2660 Jules), und des Letzteren Worte: Sie kehrt nicht
2004 2627 3135 2714 wieder!“, mit welchen das Drama schließt, lassen uns
2008 2675 3126 2736 einen tragischen Ausgang ahnen. (Dem eben Erzählten zu¬
1991 2727 3145 2799 folge hat es den Anschein, als ob das Stück weiter keinen
1998 2776 3142 2835 Zweck verfolgte, als eine Schilderung von Begebenheiten,
1995 2828 3142 2891 wie sie sich im Sumpfleben einer Großstadt tagtäglich ab¬
2004 2868 3137 2924 spielen, zu bieten. Die Sache liegt jedoch noch schlimmer.
1992 2928 3129 2988 Der Antor sagt uns durch Christinens Vater, es sei ein
2001 2973 3131 3032 Unrecht, junge Mädchen wohl zu behüten, und auf diese
1998 3011 3129 3080 Weise um Jugendfreuden zu bringen. Der Alte erzählt uns
1992 3065 3123 3144 er habe wohl um seiner Tochter Verhältniß gewußt, ohne
2006 3112 3123 3187 jedoch etwas zum Bruche desselben zu unternehmen, um
2002 3169 3120 3232 nicht an ihr dasselbe Unrecht zu begehen wie an seiner
1999 3222 3123 3279 Schwester, die er vor Gefahren geschützt, dadurch jedoch
2001 3261 3131 3333 um den Genuß ihrer Jugend gebracht habe. [Gegen solche
1986 3313 3120 3373 Tendenzen muß wohl doch entschieden protestirt werden.
2002 3360 3124 3410 Hansi Niese's Spiel als Christine konnte uns nicht be¬
1997 3402 3118 3476 friedigen, solche Rollen liegen ihr eben nicht; viel besser
2001 3452 3116 3519 am Platze war Fräulein Reingruber in ihrem allerdings
1985 3494 3120 3552 leichter zu gebenden Part. In einer Episodenrolle, als
1986 3544 3121 3617 Strumpfwirkersfrau Katharina Binder, bot Frau Ana¬
1995 3595 3112 3675 tour eine gelungene Leistung. Die Herren spielten durch¬
1997 3660 3123 3713 wegs gut. Die Aufnahme, welche das Stück fand, war
1995 3685 2471 3771 eine sehr wohlwollende.
2920 3693 3139 3788 Wgr.
