3436 4224
484 134 818 210 Liebele
302 138 1431 245 51 box 12/7
1529 609 1659 698 12.00
1641 652 2344 744 Mähriecher Grenzbote, iglau
1676 868 2480 969 „Liebelei“ löste seine starke
1443 873 2476 990 Wirtung Aich bei=der donnerstägigen schwachen Auf¬
1447 934 2459 1047 führung aus. Eine recht gute Leistung bot Frl. Dee¬
1447 979 2464 1060 ren in der Rolle der Christine, obwohl ihr alles
1439 1006 2462 1112 andere liegt, als das Wienerische. Würdig stand ihr
1436 1047 2459 1159 Herr Lippert als Vater zur Seite. Die Schlager¬
1444 1083 2446 1186 mizzi des Frl. Ger stein wollen wir gelten lassen;
1439 1117 2461 1230 sie war zwar wienerisch, lustig, auch nicht zu laut,
1435 1159 2448 1274 dafür aber zu wenig grisettenhaft. Herr Dem er#
1439 1204 2452 1301 war ein mit wienerischem Behagen gut angegessener,
1427 1236 2447 1329 leichtfertiger, jedoch kein männlich starker Theodor. In
1435 1278 2454 1359 kleinen Rollen war Herr Prix und Frl. Schnutt
1428 1312 2167 1394 zufrieden stellend. Herr Ble ibtreu
2212 1356 2443 1420 im dritten
1419 1349 2397 1439 Akt hat den jungen Fritz sein Schicksal schon ereilt —
1419 1388 2445 1496 das heißt: Herr Bleibireu ist nicht mehr auf der Bühne.
1417 1421 2430 1523 Schicksal ereilt? Ach, er sah aus, als hätte er keines
1406 1463 2431 1568 haben können. Er betrug sich wie ein Friseur mit einem
1415 1508 2428 1610 Innenleben und deutete öfter mit einer erklärenden
1403 1548 2421 1636 Handbewegung an: „Passet auf, bisher stand ich nur da,
1403 1578 2425 1684 jetzt kommt das Innenleben.“ Es kamen aber nur Au¬
1402 1623 2425 1706 ßenreden und die nicht fließend! Ein verderbter und
1399 1651 2424 1759 untergehender Jüngling, sollte das sein? Ach, er war
1406 1705 2421 1807 enorm unverderbt. Einer von der Wiener Jugend.
1356 1756 2393 1899 Von Jugend lein Bauch, von Wien lein Ton. Wenn
1366 1805 2383 1936 ihn diese lebendige Christine an sich drückte, erwartete
1359 1854 2395 1978 man, die Luft pfeifen zu hören aus seiner ausge¬
1356 1881 1658 1958 dehnten Leere
1455 1942 2395 2049 Das Haus war nur schwach besucht, kargte auch
1344 1954 1705 2041 sehr mit Beifall.
1849 2258 2103 2339 zäJ 10
1360 2334 2084 2442 Steyrer Tagblatt
1232 2418 1480 2503 Paaniter
1329 2485 2347 2560 Stadttheather in Steyr. Ein sehn freuliches
1256 2535 2334 2614 Interesse hat das theaterfreundliche Publikum dem
1261 2588 2339 2645 „Schnitzler=Abend“ am letzten Samstag entgegengebracht.
1250 2632 2341 2708 Genwarde „Liebelei“, Logen und Parterre
1244 2690 2337 2758 waren dicht besetzt und reicher, gern gegebener Beifall
1252 2740 2336 2805 zeigte, wie sehr die Zuhörer mit dem Gebotenen auf der
1246 2785 2342 2851 Bühne. zufrieden waren. Fräulein Holzer zeichnete sich
1239 2834 2344 2910 durch ein wahrhaft rührendes Spiel aus. Sie verstand
1248 2890 2333 2960 es, die sympathische Figur der „Christine“ innig und
1236 2929 2332 3002 seelenvoll zu verkörpern. Ebenbürtig zur Seite stand ihr
1240 2985 2340 3038 Herr Klein, der seinem „Fritz“ die schönsten und wirkungs¬
1238 3029 2329 3098 vollsten Effekte abzugewinnen wußte. Mit entzückender
1240 3079 2335 3129 Natürlichkeit zeigte Fräulein Rauwolf als „Mitzi“ ihr
1242 3127 2332 3185 ausgesprochen schauspielerisches Talent und selbstverständlich
1234 3172 2338 3239 wußte Herr Alten als „Theodor“ wieder alle Funken
1231 3226 2334 3273 seines blitzendes Humors sprühen zu lassen. Den alten
1238 3275 2326 3345 Violinspieler „Weiring“ stattete Herr Exner lebens¬
1232 3328 2330 3395 warm und gemütvoll aus und Fräulein Enders brachte
1242 3366 2334 3426 es zuwegen, aus der weniger dankbaren Rolle der „Frau
1234 3420 2328 3488 Binder“ etwas zu machen, ebenso hat Herr Fink seine
1239 3463 2327 3538 Partie bestens ausgestattet. Besondere Auerkennung vere
1234 3521 2326 3571 dient auch diesmal wieder die sorgfältig durchgeführte
1232 3558 2322 3631 Spieleitung des Herrn Exner Alles in allem bracht¬
1230 3604 2334 3666 der Abend ein schönen Erfolg und nach diesem zu schließen
1228 3660 2324 3736 dürfte das interessante Schauspiel gewiß mehrere Wieder¬
1230 3714 1795 3767 holungen gewärtigen können.
1314 3762 2363 3834 Etenrer ViehentafeI 07„. 00    „ „  hen 1
