3436 4320
472 168 744 235 Liebel
289 162 1415 276 51 box 10/5
2218 102 2912 143 belei“ bedeutet einen Schuß in's Schwarze,
2204 122 2931 179 und Agnes Sorma als „Christine“, dieses
2204 159 2918 210 Wiener Muükantenkind in seinem jubeln¬
2209 202 2924 258 den Liebesglück und in seinem herzzer¬
2212 233 2930 286 reißendem Leide zu sehen und zu hören,
2215 271 2933 338 das sind Eindrücke, welche festhaften für
2200 308 2537 369 lange, lange Zeit.
2252 334 2937 409 Doch ehe wir auf die geniale Leistung
2214 390 2919 429 der großen Künstlerin eingehen, ein paar
2204 414 2928 469 Worte über das Schnitzler'sche Schauspiel.
2218 455 2931 513 Es ist eigentlich eine ungemein einfache
2211 486 2933 542 Geschichte, welche der noch junge Autor
2210 528 2920 568 uns da in drei Akten erzählt. Aber er ist
2218 561 2928 603 ein Dichter, der zu uns spricht, und uns
2211 601 2925 653 im tiefsten Innern zu erfassen weiß.
2218 634 2926 682 Denn, was er uns zeigt, sind lebendige
2218 672 2926 711 Menschen, wie wir alle sie kennen mit ih¬
2208 705 2939 770 ren bösen und guten Eigenschaften, ihren
2215 744 2930 793 Fehlern und Vorzügen. Diese jungen
2212 773 2939 828 Lebemänner, welche gelegentlich vielleicht
2220 819 2939 859 lieben, stets jedoch ohne viel Skrupel lie¬
2675 853 2920 902 und die ver¬
2221 854 2616 896 beln, giebt es überall
2215 895 2924 936 trauensseligen jungen Mädel, die den
2216 922 2925 970 zärtlichen Worten jener Leichtsinnigen
2212 963 2933 1019 glauben, leider auch. Um sich von einem
2212 1000 2926 1040 sehr ernsthaften Verhältniß mit der Frau
2220 1038 2923 1081 eines Anders etwas „abzulenken,“ knüpft
2225 1070 2926 1121 Fritz Lobheimer auf den Rath seines
2222 1110 2932 1157 Freundes Theodor, der mit einer kleinen
2222 1152 2920 1193 Modistin innige Beziehungen unterhält,
2214 1184 2927 1238 mit der Tochter des Musikers Hans Wei¬
2210 1210 2936 1268 sing an. Und die hübsche Christine geht
2217 1249 2937 1304 darauf ein, leider jedoch ist bei ihr die
2213 1292 2924 1338 Gluth einer tiefen, ehrlichen Liebe, was
2222 1326 2931 1377 bei ihm nur Liebelei ist. Sehr lustig und
2220 1369 2929 1405 vergnüglich ist dieser Anfang, aber das
2230 1403 2933 1444 fröhliche Mahl, zu welchem sich Fritz und
2219 1441 2931 1483 Theodor mit ihren Schätzen zusammenge¬
2220 1471 2938 1514 funden haben, wird jäh unterbrochen: der
2221 1502 2935 1549 betrogene Gatte, der Alles entdeckt hat, er¬
2236 1533 2948 1592 scheint plötzlich und zieht den Verführer
2224 1581 2935 1622 seiner Frau zur Rechenschaft. Im zwei¬
2234 1619 2929 1662 ten und dritten Akte schildert der Autor
2235 1640 2941 1697 dann ganz meisterhaft den Kampf zwischen
2222 1688 2923 1733 Furcht und Hoffnung in Christine, zwi¬
2222 1735 2941 1771 schen dem Bösen und Guten in Fritz. Die
2231 1769 2936 1808 Wage neigt sich zu Gunsten des Guten —
2224 1793 2935 1837 da macht das Schicksal einen jähen Strich
2224 1836 2940 1891 durch die Rechnung: Fritz fällt im Duell
2219 1866 2910 1916 und zieht Christine nach sich in den Tod.
2253 1908 2942 1963 Das ist der Inhalt des Stückes, welches
2220 1929 2934 1987 das Publikum in höchster Spannung hält
2228 1983 2937 2024 und sowohl seiner ausgezeichneten Durch¬
2222 2024 2938 2068 führung nach, wie hinsichtlich der ihm zu
2223 2056 2932 2096 Grunde liegenden echten Moral zu den be¬
2226 2090 2938 2154 sten Werken der Jung=Modernen zu rech¬
2226 2128 2368 2178 nen ist.
2257 2150 2995 2213 Und wie spielte Agnes Sorma die Chri=!“
2224 2193 2947 2243 stine! Das war ein Menschenkind, das aus
2220 2231 3018 2282 dem tiefsten Empfinden der großen Künst=3
2218 2271 2942 2331 lerin emporgestiegen ist, keusch, innig, ein¬
2230 2304 2938 2355 fach, entzückend in ihrem Jubel und er¬
2222 2346 2937 2402 schütternd in ihrem unendlichen Schmerze.
2227 2388 2959 2445 Sie findet Töne in der Offenbarung der
2221 2406 2943 2472 Liebe, welche dem Herzen entquellen und
2935 2446 3003 2513 *
2226 2458 2939 2515 deßhalb auch zum Herzen gehen. Und wie
2228 2495 2934 2545 dann in ihr aus der Freude der Schmerz
2226 2530 2936 2572 geboren wird, wie er zu herzzerreißender
2221 2567 2910 2614 Kraft emporwächst, um sich am Schlusse i
2232 2605 2920 2651 einem einzigen furchtbaren Aufschrei Luf
2218 2634 2931 2696 zu machen, — das ist so erschütternd, daß
2230 2674 2926 2724 wohl nur wenige Augen in dem Zuschauer¬
2220 2712 2940 2769 sraume dabei trocken bleiben konnten. Wenn
2228 2747 2943 2800 Agnes Sorma keine Rolle als die „Chri¬
2236 2784 2919 2831 stine“ auf ihrem Repertoire hätte, — die
2228 2810 2955 2885 allein würde sie unter die Größten ihrer
2223 2860 2463 2921 Kunst stellen.
2254 2880 2953 2951 Die Aufnahme Seitens des Publikums
2216 2940 2952 2984 war schon in den beiden ersten Akten, wo sie
2230 2970 2945 3017 ihrer leidenschaftlichen Liebe den größten
2228 3004 2942 3058 Zwang anthun mußte und trotzdem durch
2234 3045 2948 3092 Spiel wie durch die wunderbar weiche Mo¬
2223 3083 2945 3137 dulation der Sprache Alle mit Zauberge¬
2227 3120 2927 3168 walt zu fesseln wußte, eine enthustastische
2230 3146 2947 3196 und steigerte sich bei jeder Szene des letzten
2224 3185 2946 3234 Aktes bis zum Schluß. Wie wunderbar, wie
2231 3223 2930 3267 bisher unerreicht würde sie im „Faust“ das
2233 3263 2924 3305 Grethchen zu verkörpern wissen! Der ihr ge¬
2228 3296 2934 3337 spendete Beifall war selbstverständlich.
2224 3330 2941 3381 Sämmtlichen Mitspielenden aber muß das
2219 3368 2939 3425 Lob ertheilt werden, daß sie ihr ganzes Kön¬
2220 3407 2944 3459 nen und Wollen vollauf zur Geltung brach¬
2218 3444 2937 3498 ten. Adolph Link als Hans Weiring, Hu¬
2222 3480 2941 3530 bert Reusch als Fritz Lobheimer, Julius
2227 3513 2953 3568 Strobel als flotter wiener Windbeutel, so¬
2222 3551 2939 3606 wie Max Bira in seiner kleinen, aber wich¬
2218 3592 2954 3652 tigen Rolle leisteten in Allem ganz Meister¬
2218 3630 2366 3690 haftes.
2262 3648 2956 3718 Heute und morgen Abend wiederholt
2230 3689 2945 3742 Agnes Sorma die gestrige Rolle. Am
2227 3735 2953 3792 Samstag wird sie auf vielseitigen Wunsch
2214 3772 2734 3842 als Norma wieder auftreten.
2504 3843 2618 3890 *
