3436 4192
433 148 695 222 Liebe
267 148 1398 262 5. box 11/1
2060 78 3168 117 habe, ihre Fürsprache entwaffnet, so daß sie, als der
2070 108 3168 153 König erklärt, ohne sie den einsamen Weg bis zu des
2057 142 3169 189 Todes Pforten wandeln zu müssen, den Kranz sich aufs
2072 188 3173 237 Haupt setzt und dem König sich zu eigen gibt.=Dies sowohl
2069 224 3180 276 wie der wohlgetroffene Ton des letzten entscheidenden Wortes
2068 273 3175 321 „Zares“ sprachen für die Künstlerschaft des Gastes, und doch
2068 314 3180 360 muß die Kritik einige Ausstellungen machen. Agnes Sorma
2066 354 3167 406 brachte durchaus nicht alle Verse des Dichters zur schönen
2060 395 3172 439 Geltung; einige wurden zu hastig vorübergejagt; bisweilen
2068 447 3178 493 tat auch die Darstellerin zu viel in der Pantomimik, und
2062 489 3170 530 zwar auf Kosten der Lebenswahrheit, welche doch für die
2060 521 3176 585 Künstler der modernen Richtung das höchste Gesetz ist. Bei
2064 562 2318 622 den Worten:
2215 584 3071 657 Es ist das Weib vom Selbst des Manns ein Teil,
2216 643 2912 691 Und wer hat seinen Arm sich abgehauen
2213 677 2941 727 Weil er ihm nicht gefiel, den Fuß vertürzt,
2215 720 2895 765 Weil er zu lang, das Auge ausgebohrt,
2208 755 2773 804 Weil braun es war, nicht blau —
2059 790 3175 855 wies der Gast mit lebendigen Gestikulationen auf den Arm,
2063 836 3171 890 auf den Fuß, auf das Auge hin — das ist aber eine Ueber¬
2066 886 3171 943 ladung des Geberdenspiels, denn kein Sterblicher wird, be¬
2070 927 3177 972 sonders wenn er nur vergleichsweise spricht, seine Worte mit
2060 976 3165 1020 solchen Fingerzeigen unterstützen. Im ganzen aber war diese
2069 1011 3166 1067 Esther eine ebenso anmutige wie sympatische Bühnengestalt,
2061 1064 3168 1109 und auch das Publikum war dieser Ansicht, welches der Dar¬
2072 1106 3177 1148 stellerin reichen Beifall zollte. Der König, in welchen der Dichter
2064 1143 3175 1196 viel von seiner pessimistischen und verbitterten Weltanschauung
2073 1183 3174 1236 hineingeheimst hat, wurde von Herrn Brückner anfangs als
2061 1231 3177 1276 düsterbrütender Melancholiker dargestellt, aber auch seine
2061 1267 3169 1318 Wandlung, nach der plötzlichen Erscheinung dieser weiblichen
2061 1305 3176 1361 Lichtgestalt hob er glaubwürdig hervor. Der vielgeschäftige
2065 1360 3174 1399 Haman, der etwas von einem persischen Polonius hat, wurde
2056 1391 3181 1444 von Herrn Bornstedt gut gezeichnet und Elisabeth
2073 1428 3192 1491 Anders als Zares gab der Entrüstung über des Königs
2074 1471 3186 1517 Benehmen seiner Gattin gegenüber warmen Ausdruck. Die
2068 1517 3196 1569 Grillparzerschen Verse haben etwas Herbes und sprechen sich
2064 1563 3179 1609 nicht leicht. Den energischen Aufschwung verselben gab Herr
2073 1593 3190 1655 Hofmann als Mardochai gut wieder und in der Gruppe,
2068 1632 3197 1687 die sich im Palast versammelte, wohl am besten Herr Bar¬
2067 1683 2532 1734 tholomé als Bigthan.
2131 1725 3191 1778 Von dem prächtigen Schlosse des persischen Monarchen
2067 1763 3190 1822 in die bescheidene Wohnung des Violinspielers Hans Weiring
2070 1823 3198 1858 in Wien ist ein großer Sprung. Hier lebt, wie wir aus
2068 1845 3191 1906 Schnitzlers „Liebelei“ erseben, eine Louise Müllerin,
2077 1900 3193 1946 eine Geigerstochter, die aber ihr Herz nicht an einen
2069 1933 3194 2003 vornehmen Kavalier gehängt hat, sondern an einen
2062 1990 3189 2038 jungen Studenten, ein ernstgesinntes und tieffühlendes
2077 2015 3198 2065 Mädchen, Christme, die den Liebeleien ihrer Kreise
2068 2058 3192 2117 fremd ist und eine ihr Herz und ihr ganzes Leben be¬
2079 2097 3191 2159 herrschende Empfindung hegt. Den Gegensatz hat Arthur
2071 2138 3193 2198 Schnitzler im ersten Akt mit zu breiter Zuständlichkeit aus¬
2074 2191 3185 2241 gemalt; die Exposition ist neuartig, aber es fehlen ihr die
2078 2223 3189 2290 dramatischen Accente; daß der Dichter aber diesen Gegensatz
2079 2271 3189 2323 selbst erfaßte, gibt seinem Schauspiel größeren Wert als
2067 2313 3198 2381 vielen seiner späteren Erzeugnisse. Christine erfährt, daß ihr
2069 2373 3192 2409 Geliebter wegen einer Liaison mit einer verheiratheten Dame
2075 2396 3195 2450 ein Duell besteht — dadurch ist sie innerlich vernichtet. Er
2083 2436 3191 2497 ist im Duell gefallen; sie hat auch einen Toten zu beklagen
2071 2482 3192 2533 und wenn sie am Schluß selbst aus dem Leben scheiden will,
2064 2534 3195 2578 so weiß man nicht recht, welches der beiden Motive für sie
2080 2576 3194 2621 das entscheidende ist. Diese etwas zwiespältige Beleuchtung
2080 2608 3197 2655 der Katastrophe stört den Gesamteindruck. Stille Wasser
2084 2646 3197 2703 sind tief — im ersten Akt macht Christine den Eindruck eines
2079 2699 3191 2756 stillen Wässerchens; sie hat etwas Unscheinbares und Agnes
2067 2736 3198 2790 Sorma hält sie im Schatten, schon im Interesse der drama¬
2072 2771 3202 2832 tischen Steigerung. Dieser erste Akt gehörte der flotten Jung¬
2072 2829 3192 2877 gesellenwirtschaft einer studentischen Bohême. Herr Mehnert
2076 2864 3198 2921 als Fritz Lobheimer war der Vertreter der leichtlebigen Moral
2082 2905 3191 2957 und Ungeniertheit; er spielte dies bemooste Haupt mit vielem
2083 2949 3182 3012 Humor. Sehr übermütig, vielleicht zu burschikos war
2073 3003 3181 3049 die Mizzi der Martha Kolmar, welche ohne Schaden
2080 3034 3193 3082 ihrer Wildheit einige Dämpfer aufsetzte. Auch der Theodor
2083 3077 3190 3134 Kaiser des Herr Hartmann war offenbar kein Fuchs mehr,
2087 3119 3190 3181 wenn er auch sein Studium mehr in den Boudoirs vor¬
2079 3158 3195 3214 nehmer Damen, als in den Hörsälen gemacht hat. Die
2076 3198 3196 3259 Scenen mit Christine, besonders im zweiten Akt, spielte er
2074 3243 3195 3301 mit warmer Empfindung, man sah, wie das trauliche Heim
2086 3305 3205 3354 mit seiner Idylle ihn gefangen nahm. Hier war Agnes
2089 3327 3208 3388 Sorma von gewinnendem Liebreiz, die Ahnung eines herein¬
2074 3373 3196 3434 brechenden Unheils, von der sie ergriffen war, gab sie mit
2074 3412 3213 3484 feinen Zügen wieder. Im letzten Akt erhob sie sich auf die
2082 3450 3199 3514 Größe ihrer Darstellungskunst, da war ihr Spiel ergreifend
2076 3506 3197 3560 und packend, nur hatte die elementare Gewalt, mit der ihr
2081 3537 3203 3591 Gefühl sich Bahn brach, anfangs etwas zu Grelles, fast Un¬
2090 3587 3197 3640 schönes. Dann aber riß sie die Zuhörerschaft im Sturme
2083 3636 3195 3687 des Affektes mit sich fort zu einem begeisterten Schluß¬
2088 3675 3188 3729 applaus. Der alte Hans Weiring des Herrn Forsch, die
2090 3720 3194 3775 Katharina Binder der Agnes Wenkhaus, der Herr des
2096 3756 3013 3818 Herrn Grevenberg waren gute Charaktertypen.
2605 3796 3153 3860 Rudolf von Gottschall.
2555 3888 2729 3959 Musik.
2211 3945 3084 4018 Klavier=Abend von Anton Foerster.
2132 4008 3197 4061 Leipzig, 16. Dezember. Im städtischen Kaufhaussaale gab
2095 4046 3195 4104 Herr Anton Foerster mit einem gut gewählten
3184 89 3273 143 stel
3192 131 3257 177 ist
3197 169 3278 215 als
3196 211 3268 256 Pe
3188 249 3266 299 St
3198 295 3267 340 lat
3187 332 3267 379 „2
3196 417 3267 463 w
3195 456 3268 499 w
3182 494 3261 547 in
3189 532 3264 593 tr
3190 613 3254 669 H
3178 697 3244 756 tr
3194 819 3254 871 F
3186 864 3261 906 re
3189 901 3256 953 A
3196 945 3249 992 g4
3187 986 3265 1037 W
3182 1064 3260 1116 R
3185 1105 3263 1156 w
3189 1145 3255 1195 di
3193 1186 3257 1233 ku
3197 1230 3251 1274 w
3193 1304 3253 1353 de
3186 1348 3261 1400 ke
3183 1391 3263 1461 ei
3198 1542 3252 1610 *
3226 2823 3268 2899 5
3207 2901 3283 2976 90
3206 2967 3299 3019 rigt
3211 3000 3303 3057 wah
3212 3042 3285 3086 die
3200 3078 3294 3137 und
3203 3231 3332 3299 Wier
3205 3285 3300 3342 mit
3207 3330 3325 3379 mend
3214 3370 3330 3439 Spie
3208 3477 3304 3536 des
3209 3531 3302 3575 seine
3218 3561 3311 3613 Kor
3220 3606 3308 3652 Pau
3211 3640 3292 3696 des
3217 3683 3303 3729 zwe
3215 3720 3308 3765 von
3201 3754 3310 3816 Kar
3210 3792 3314 3841 „Re
3202 3828 3311 3891 kan
3218 3871 3279 3913 run
3207 4020 3305 4062 näd
3229 4058 3315 4103 find
