3436 4224
25 1082 97 1141 in
-8 1117 99 1190 des
-20 1172 106 1239 Erbt
-5 1248 84 1340 sich
11 1417 97 1480 Eff
-7 1462 101 1526 die
8 1513 107 1572 herv
-4 1553 110 1617 Aben
13 1604 108 1675 sisch
10 1664 108 1767 iere
22 1752 97 1810 n z
13 1787 110 1865 höch
23 1842 98 1904 aud
29 1895 111 1956 Ki
30 1939 102 2006 zah,
-7 2190 105 2299 aat
-5 2277 118 2349 3i
-6 2329 112 2393 n u
-16 2374 106 2438 den;
-14 2473 123 2532 altun
-20 2520 119 2584 Gesä
-12 2567 116 2630 rence
-13 2620 118 2680 rgeb
-12 2660 125 2730 Melo
-15 2711 115 2773 rinn
-8 2762 117 2823 hau
-13 2808 116 2869 War
-7 2841 123 2917 nten
-20 2907 118 2966 ürde
-21 2949 117 3013 sobal
-16 2998 125 3064 Anmi
-20 3050 43 3111 en
29 3148 111 3206 hrun
-17 3196 98 3257 gen,
-15 3229 148 3306 stellis
-20 3287 116 3355 ornel
-15 3322 127 3398 aben
-13 3387 127 3450 rer
-1 3426 129 3506 Kün
-19 3480 114 3551 eser 4
2 3533 102 3590 en —
14 3580 115 3641 ländi
453 179 855 272 Liebelei
921 186 1443 291 box 12/1
284 186 882 302 3. LTEDETET
245 846 466 931 Rrouseel..
601 912 3224 1024 zur Beteiligung ablehnend oder annehmend zu schreiben. Der aus dem Bett. Dabei wird er von krampfhaften Leibschmerzen
1917 964 3233 1043 erfaßt, sie und ein ganz schauerliches, verschlafenes, verschlumptes
612 989 1936 1066 Papierkorb wird zum verschlingenden Ungeheuer, das an keinem
1917 1007 3241 1086 Dienstmädchen in greulicher Nachttoilette kochen ihm heilkräftigen
602 1037 1911 1118 Tage für neue Nahrung und neue Füllung seines kaum ent¬
1925 1065 3241 1138 Tee. Während dessen klingelt ein Bote sie heraus, der ihnen mit¬
604 1085 1912 1171 leerten Bauches zu sorgen braucht. Drei theatralische Erstauf¬
238 1081 544 1168 27. Januar.
1929 1099 3233 1188 teilt, daß ihre Erbtante eben gestorben sei. Sie kleiden sich eiligst
602 1141 1914 1212 führungen folgten am Ende der vorigen Woche einander auf dem
221 1149 615 1220 ße Tag der Kaiser¬
1917 1157 3233 1236 an, um an das Totenbett hinüber zu eilen und erfahren dann,
607 1177 1930 1269 Fuß und drei Ausstellungseröffnungen fanden zu gleicher Zeit
217 1205 607 1274 ter scheint bei uns
1917 1202 3239 1281 daß der Bote sich getäuscht hat, daß es eine ganz andere Altez
602 1231 1921 1310 an demselben Tage statt. Die erste Premiere, der ich beiwohnte,
212 1250 605 1322 ei Tage einziehen
1919 1254 3239 1326 war als die ihre, die gestorben ist, und er sich in der Adresse ver¬
604 1266 1927 1351 war die der von Neumann komponierten Oper „Liebelei“
219 1301 605 1374 ann wenn einmal
1917 1300 3236 1380 sehen habe. Es lohnt kaum den Inhalt der Handlung zu erzählen.
600 1312 1928 1408 in der „Komischen Oper“, dem letzten Werk, welches Direktor
235 1349 617 1418 eintritt, so hält
1927 1341 3243 1426 Den komischen Effekt vermag man doch nicht annähernd wieder¬
601 1376 1928 1451 Gregor vor seinem Scheiden von Berlin und seiner Übersiedelung
212 1382 625 1467 Elzt zu Wasser und
1922 1390 3249 1483 zugeben, den die Darstellung durch Alexander und die beiden
603 1409 1945 1506 nach Wien zur Übernahme des Direktorats der dortigen Hof¬
214 1448 615 1513 cher berührt. Die
1921 1443 3241 1520 Weiblichkeiten hervorbringt. Eine dritte Erstaufführung erfolgte
605 1468 1936 1570 oper noch einstudiert hatte. Der Komponist hat nicht recht daran
219 1493 598 1559 ubt es zu fühlen —
1917 1495 3248 1553 I an demselben Abend im Neuen Schauspielhause. Ein schön bear¬
619 1521 1886 1601 getan, daß er das bekannte ergreifende kleine Drama von Schnitzle
212 1540 625 1607 er genügend freie
614 1579 3237 1647 die „Liebelei“ ganz einfach Wort für Wort vertonté. und mehrfbeitetes französisches Lustspiel „Das Schokoladenmädchen“
206 1586 614 1658 ein= und Großgeld
1924 1580 3243 1680 wurde gegeben; es erntete lebhaften Beifall. Noch eines anderen
608 1611 1928 1695 noch hat er darin gefehlt, daß er für diese einfache tragische Hand¬
222 1633 631 1704 e Tage, aus ihrer
1936 1626 3244 1725 ungemein interessanten und ergötzlichen Abends sei hier
609 1653 1928 1729 lung, das beklagenswerte Schicksal eines tief und stark empfin¬
213 1688 618 1761 hon mehrere Jahre
1931 1686 3254 1772 gedacht, an dem zwar keine Bühnenaufführung stattfand, aber
619 1709 1934 1801 denden kleinbürgerlichen jungen Mädchens, Stürme von Ton¬
221 1733 618 1794 wärmeren Süden,
1922 1736 3245 1794 eine Folge von höchst originellen, reizenden und fesselnden, gesang¬
624 1758 1936 1849 massen entfesselt, als ob es sich um die Schilderung eines Welt¬
216 1779 629 1842 von Schnee und
1928 1768 3256 1871 lichen, durch Plaudereien eingeleiteten Vorträgen auf der kleinen
615 1794 1941 1909 unterganges, einer Götterdämmerung oder Vernichtung eines
214 1819 619 1895 n der Nähe und
1928 1833 3255 1910 Saalbühne des Künstlerhauses am Dienstag zu Gehör und zur
614 1849 1941 1935 ganzen Volkes durch Naturkatastrophen oder feindliche Mächte
216 1882 621 1951 En in froher Gesell¬
1934 1883 3243 1958 Anschauung des zahlreich versammelten, lebhaft angeregten Publi¬
612 1913 1936 2003 handelte. Diese Musik will sich nur ausnahmsweise mit der Hand¬
245 1924 624 1997 Ich muß immer,
1930 1910 3246 2001 kums gebracht wurde. Herr Marc Henry und Madame
621 1947 1940 2037 lung des Dramas und mit dem Charakter und Wesen der sie
241 1964 631 2045 sie eben genossen
1935 1975 3243 2053 Delvard, die noch von den Münchener „Elf Scharfrichtern“
617 2001 1940 2083 singenden Persönlichkeiten decken. Aber ob als Oper oder als
220 2009 621 2090 husiastischen Schil¬
1941 2024 3249 2108 her bei uns in gutem Gedächtnis geblieben sind, gaben diese
625 2042 1941 2132 Schauspiel geboten, wird dies Werk durch seinen Stoff immer
217 2069 625 2144 icht so ferne hinter
1939 2067 3257 2142 Soirée und bewährten wieder glänzend ihr eminentes Talent
620 2091 1944 2178 eines starken Eindruckes gewiß sein können; zumal wenn die Figur
216 2119 621 2179 Freund in Schmiede¬
1945 2114 3267 2205 im Vortrag und der Darstellung von Szenen mannigfachsten
628 2144 1944 2231 der Heldin, der armen zärtlichen Christine, der Musikanten¬
230 2176 634 2237 Schlesiens Bergen
1935 2144 3262 2250 Stils und Charakters, französischer und deutscher Chansons, alt¬
632 2184 1941 2271 tochter, so wundervoll verkörpert und ihre kleinen Freuden und
222 2219 627 2284 hier sicher noch nie
1946 2225 3265 2293 normännischer Zwiegesänge, die in normännischem Kostüm
625 2239 1945 2323 bitteren, herzzerreißenden, sie in den freiwilligen Tod treibenden
228 2269 637 2329 schlittenfahrt" über
1937 2261 3264 2349 eines Matrosen und einer Bäuerin in prächtiger Echtheit vor¬
623 2277 1935 2367 Leiden durch Spiel und Gesang einer Künstierin mit so ergrei¬
263 2309 634 2377 ins Tal hinab.
1940 2311 3271 2396 getragen wurden; traurige und lustige Balladen, ein Apachen¬
632 2330 1943 2407 fender Echtheit zum Ausdruck gebracht werden, wie es hier durch
220 2348 633 2432 engebirge heimische
1947 2355 3273 2433 gesang, von Henry in grauenhafter Echtheit in der Erscheinung,
634 2377 1950 2462 die, wie für solche Rollen geschaffene prächtige Labia geschieht.
223 2404 643 2473 an Leib und Seele
1941 2410 3272 2483 der ganzen Haltung und Mimik vorgetragen, liebliche, lustige,
648 2429 1948 2507 Sie hatte in dem von ihr geliebten, so tragisch endenden jungen
216 2454 644 2520 ern habe ich damals
1951 2477 3266 2529 altfranzösische Gesänge des Paares zur Laute und eine durch eine
628 2476 1944 2556 Freund, der von Herrn Nadolowitsch mit schönem Tenor gesungen
207 2495 639 2572 n und in befreun¬
1951 2500 3270 2576 deutsche Conférence Henrys vorbereitete und erläuterte Vortrags¬
631 2525 1951 2607 wurde, einen vortrefflichen Partner. Die Aufnahme durch das
222 2550 646 2610 n von verschiedenen
1952 2572 3268 2623 folge von althergebrachten sogenannten „cris de Paris“, d. h. den
630 2567 1957 2661 Publikum entsprach der Vortrefflichkeit der Leistungen. Immer
226 2602 638 2669 ber heute sind diese
1942 2595 3273 2670 in bestimmten Melodien und Rhythmen von den Straßenverkäufern
642 2619 1954 2702 wieder und wieder wurden nicht nur die Hauptdarsteller, auch
212 2637 644 2720 hregulären Winter¬
1955 2652 3270 2721 und Verkäuferinnen gesungenen gesangartigen Anpreisungen
644 2667 1952 2753 der Direktor und der Kapellmeister hervorgerufen und der Abschied
233 2698 649 2763 von Alt und Jung,
1949 2690 3283 2777 der von diesen hausierenden Straßenhändlern und Händlerinnen
623 2712 1954 2806 von seiner Schöpfung, der „Komischen Oper“, mochte Direktor
211 2746 650 2813 kuleins streng syste¬
1948 2734 3268 2826 mitgeführten Waren für den Haushalt der meist von kleinen
637 2779 1575 2852 Gregor schwer genug gemacht worden sein.
219 2789 647 2864 hft überall betrieben
1950 2775 3266 2867 Leuten bewohnten Quartiere der großen Weltstadt. Madame
722 2793 1962 2893 Tags darauf fand jene Erstaufführung dreier kleiner einaktiger
230 2841 654 2917 , die sich im Winter
1953 2829 3276 2915 [Delvard würde keiner beim ersten Anblick für eine Schönheit¬
647 2867 1959 2944 französischer Possen von Feydeau und Veber im Residenztheater
1959 2869 3298 2974 halten. Aber sobald sie fröhlich blickt und lacht, gewinnt ihr Gesicht
646 2909 1957 2991 statt, die den Gesamttitel „Das Menu“ führen, während jedes
221 2921 648 3002 n in der freien
1951 2944 3274 3029 einen wahren Anmutszauber, während ihre feine, schlanke, graziöse
638 2957 1961 3043 der drei Stücke als „ein Gang“ dieses Menus bezeichnet wird.
245 2987 654 3056 t erquicken, werden
1953 2986 3272 3053 Gestalt in den verschiedensten Phantasie=, Gesellschafts= und
647 3007 1959 3095 Die Erfindung der komischen Situationen machte dem humo¬
245 3037 645 3104 wechselnde Ver¬
1965 3022 3281 3110 Nationaltrachten in fast gleichem Maße zur Geltung gelangt.
645 3055 1952 3130 Pristischen Talent der Verfasser wieder alle Ehre. Alexander
230 3074 661 3154 Tages= und Nacht¬
1961 3093 3276 3158 All diese Vorführungen haben nichts gemein mit den landläufigen
644 3095 1956 3202 trat nur in den beiden letzten auf; und machte in ihnen als ein
219 3131 655 3198 ringen, die von er¬
1956 3121 3280 3200 Kabarettgesängen, Vorträgen und mit solchen verbundenen
643 3148 1962 3227 imehrere Schritte vom rechten Weg abgewichener, blamierter,
273 3175 663 3255 jedenfalls nichts
1963 3168 3286 3262 szenischen Darstellungen. Ein Hauch von feiner Poesie, zartem
651 3177 1964 3287 hereingefallener, ehelicher Sünder, die gewohnte überwältigend
223 3226 651 3295 lt sind. Die Menge
1956 3211 3120 3323 Humor und vornehmer Anmut ist über sie ausgebreitet.
651 3244 1971 3325 komische Wirkung, wie er sie in solchen Rollen schon durch sein
223 3273 662 3339 der Erstaufführungen
2040 3267 3280 3334 Am Sonnabend in den Mittagsstunden, spielte sich ein Schau¬
653 3288 1980 3378 bloßes Erscheinen zu erzielen pflegt. Der letzte Einakter spielt
223 3324 663 3394 und Possen, Opern
1970 3325 3282 3401 spiel von anderer Art in den schönen lichten Sälen des Hauses der
648 3335 1979 3427 im Schlafgemach einer hübschen jungen Frau um 4 Uhr morgens
237 3372 664 3442 Virtuosenkonzerten,
1970 3379 3289 3450 Akademie der Künste am Pariser Platze ab: Die Eröffnung
652 3386 1971 3470 in der Winternacht. Der Gatte kommt im Prunkkostüm Louis'XIV.
228 3425 660 3490 ehrhaften und amü¬
1971 3427 3286 3501 einer von dieser Körperschaft veranstalteten Winterausstellung
656 3442 1968 3523 mit enormer Allongeperücke von dem „Mäuschenball“ heim und
223 3466 659 3534 toren beiderlei Ge¬
1971 3472 3294 3543 von Kunstwerken — Gemälden, Plastiken und graphischen Arbeiten
664 3476 1976 3575 findet die hübsche kleine Frau, nur mit einem langen Nachthemd
217 3519 667 3585 ächst mehr und mehr
2031 3524 3297 3590 ihrer fremdländischen und deutschen Mitglieder. Die hervor¬
646 3530 1981 3621 bekleidet, in ihrem Bette. In gerechten Zorn bei den ehelichen
230 3572 664 3637 Freichen um nur die
240 3599 3301 3677 die Aufforderungen! Strafpredigten geraten, die sie ihm hält, springt sie immer wieder! ragendsten Hauptstücke dieser Ausstellung sind freilich von aus¬
2021 3654 2483 3764 ∆144—
239 3675 309 3760 4
