3344 4256
-13 1843 59 1901 all
-24 1991 62 2056 #14
967 116 1408 221 box 10/7
444 135 834 223 Liebelei
273 142 849 266 5. Lsu
194 1004 3058 1148 Zug, die höchsten unabhängigen Abgeordneten gehört, welcheNatio= Gedanken einer national=autonomist.schen, politisch geeinten
180 1092 2200 1198 ksten und Schachteln nalitätenhetze ungescheut verdammen und wohl imstande Verwaltung steht.
1898 1110 3029 1198 „Nach dem, w##ch eben gesagt“ sagt Abg. Kareis,
187 1133 1829 1240 leile gebürlich auf sind, den selbständigen Bestrebungen der Nationen ein
601 1147 3032 1283 unbefangenes Urtheil entgegenzubringen. Die Ansichten „erspare ich iir die#twort in vollem Umfange der Frage;
1907 1240 1976 1310 S
177 1219 613 1300 doch brachte es das
1434 1249 1500 1314 Garter
596 1258 3045 1376 Einer der geistreichsten Deutschen schrieb anlässlich des Centrum von neuem die Gelegenheit ergriffen, um in
595 1314 3044 1433 Todes von Victor Hugo: „Und wenn wir in demselben Sachen der Kunst ein Wörtchen mitzureden. Herr
610 1360 3034 1486 Jahre in Deutschland Goethes Tod erlebt hätten und die Dr. Lieber hat urbi et orbi verkündet, dass der Gemälde¬
184 1466 3043 1548 alen haben das Heft Regierung erbäte sich vom Reichslage einen Beitrag zum Schmuck, den Franz Stuck, der berühmte Münchener
1814 1461 3050 1554 Maler im Auftrage des Baumeisters Walloth für das
198 1501 1833 1601 ihre Macht auszu= Leichenbegängnis oder zu einem Denkmal — was geschähe?
206 1563 3040 1654 n, mit den Dunkel= Eugen Richter würde von den Lasten des armen Volkes Reichstags=Gebäude hergegeben, nicht mehr und nicht
195 1560 3045 1697 fregieren. Sie wären sprechen, andere aus seinem Gefolge würden fragen, was weniger als eine triste Schmiererei sei. Nun — ihm ist
208 1610 3034 1747 weidlich ausnützen der Verstorbene wohl für die Freiheit gethan. Windthorst heimgezahlt worden. Die deutschen Künstler, Lenbach und
236 1665 3051 1796 unserem jetzigen würde unter stillschweigender Zustimmung der rechten die Größten an der Spitze, haben gegen diese Anmaßung
185 1703 3053 1855 ssen haben, der ihnen Seite hinzufügen, Goethe sei ein Heide gewesen und habe einen geharnischten Protest erlassen, und die Witzblätter
186 1767 3055 1897 sen Anschauung und niemals für sein und seines Volles ewiges Heil gesorgt, haben für eine Weile Stoff um sich mit dem samosen
1833 1795 3054 1902 Dr. Lieber auseinanderzusetzen. Herr Dr. Lieber
195 1843 1837 1944 r schwärzeste Cultus= in den Zeitungen aber hätten die Jnden elende, aus
1831 1852 3056 1945 glaubte, dem Beispiele des deutschen Kaisers folgen zu
195 1879 1834 1990 lessen. Das Centrum irgend einem Conversations=Lexikon geschöpfte Artikel
177 1900 3055 2044 Bunker und Pfaffen gebracht, die am nächsten Tage schon ieder vergessen dürfen, der bekanntlich den Reichstagsbau, das Werk des
181 1971 3050 2101 den aalglatten Herrn wären. So denke ich, stünde es bei Goethes Tod im Mail genialen Walloth, in Grund und Boden verdonnert hatte.
1819 2003 3051 2112 Damals waren bereits Stimmen aufgetreten, die ohne
200 2058 1050 2149 Barricaden stürmen des Jahres 1885.“
738 2037 3058 2163 Der das schrieb, war Victer Hehn, einer von den Schen dem kaiserlichen Verdiete entgegentraten. Man
189 2120 646 2190 nmer verstanden hat,
182 2113 3054 2247 sein Uebermensch, der Deutschen, dessen tiefsinnige Bücher („Culturpflanzen kann ein ausgezeichneter Monarch sein, so hieß es, ein
194 2153 3048 2290 s, was man schlecht= und Hausthiere", „Italien", „Gedanken über Goethe“) vorzüglicher Soldat, ein glänzender, zu jeder Stunde be¬
195 2192 3056 2336 ntwortlichkeits=Gefühl zu den Schriften zählen, die man nach Schopenhauer'schem reiter Redner, und man braucht trotz alledem für Kunst
183 2244 3065 2397 sten der Politik zum Recepte zum mindesten zweimal gelesen haben muss, bevor kein tieferes Verständnis mitzubringen. Niemand wird es
187 2338 3067 2433 Indessen, mich dünkt, man über sie urtheilen darf. Er war ein baltischer Wilhelm II. verargen, wenn er unter den zeitgenössischen
186 2391 3066 2483 bhannes von meinem Conservativer von hereditärem Antisemitismus, der Keine Poeten den Hauptmann Lauff und die Firma Blumental¬
200 2392 3064 2540 schwarzen Brüder in herunterkritisierte, weil er Jude war — aber er war eine Kadelburg besonders schätzt und auszeichnet. Aber niemand
196 2480 3069 2597 en, soll hier notiert Persönlichkeit ernster Art, die in den Brunnen Goctbescher wird verpflichtet sein, dies Urteil irgendwie anzuerkennen.
632 2545 3049 2626 Weisheit herabzusteigen wusste. Es liegt in dem Citate, Wenn nun aber Herr Dr. Lieber sich als Kunstpapst auf¬
646 2539 3072 2668 das die „Voss. Ztg.“ zu glücklicher Stunde ausgegraben spielen will, ohne einen Schein von Berechtigung hierzu
201 2598 652 2685 rolath, der, ohne
646 2630 3073 2715 hat, eine wilde Ironie. Statt Windthorsts tritt Herrl mitzubringen — so ist das doch ein ganz anderes Ding.
181 2663 660 2734 gs=Abgeordneter und
641 2687 3057 2758 Schädler vom Centrum auf, und ihm secundieren die Und wenn er den Reichstag dazu benützt, um einen an¬
187 2711 662 2791 n bescheidenen Wunsch
204 2744 3070 2836 für ein Goethe=Denk= Herren von der Rechten. Aber der andere Theil der gesehenen und hoffnungsreichen Künstler herabzuwürdigen,
961 2748 3066 2855 ist arg ins Wasser gefallen. Herr Eugens so ist das einer jener größenwahnsinnigen Anmaßungen,
187 2809 984 2884 simme von sage und Phrophezeiung
185 2833 3076 2922 Herren vom Centrum Richter und seine Partei hat kein Wort gegen das deren nur ein Abgeordneter fähig ist, der sich einbildet,
189 2877 3076 2976 #ie erklären, sie sähen! Goethe=Denkmal einzuwenden gehabt= und die Radicalsten mit dem Mandate sei ihm auch der Verstand gekommen.
1959 2878 3084 2970 Es ist überhaupt eine landesübliche Auffassung, dass
188 2928 1873 3026 hie zu bewilligen, sinte= im Reichstage, die Socialdemokraten, haben stillschweigend
213 2928 3086 3096 sei. Wer lacht da? dem Antrage zugestimmt. Einige Tage später hat das über Kunstdinge ein jeder dreist und gottesfürchtig urtheilen
