3436 4256
229 217 798 311 5. Liebelei
410 228 1374 336 box 11/5
1175 1480 1522 1575 Telephen 12.391.
633 1622 1283 1734 „UDSERTER
434 1706 1545 1776 1. öoterr. bebördl. konz. Unternehmen für Zeitungo Ausechnitte
609 1777 1378 1845 Wien, I., Conoordinplatz 4.
828 1837 1155 1890 Vertretungen
427 1864 1537 1928 in Berlin, Basel, Budapest, Chicago, Cleveland, Chstefianta,
565 1914 1540 1963 Kopenhagen, London, Madrid, Mailand, Minneapolte,
431 1955 1538 2004 New-Vork, Paris, Rom, San Francisco, Stockholm, St. Peters¬
887 2001 1155 2056 ug, Toronto.
1030 2041 1157 2099 —
435 2102 779 2188 Ausschnitt aus
774 2104 1404 2205 Tho Times, London
570 2189 917 2289 26 SEP 1910
429 2227 567 2293 vom:
868 2271 958 2331 —
801 2273 861 2330 1
592 2280 644 2337 1
565 2349 1512 2460 LAfthur Schnitzler’s Lichelei, which the Afternoon
562 2428 1516 2491 Theatre produreu i May of last year under the
570 2466 1506 2542 #tle of Light o' Love, has been turned into an opera,
578 2504 1506 2571 with music by Franz Neumann. It was produced last
566 2543 1523 2616 deek at the Opera House at Frankfurt with immedliate
576 2606 762 2677 s#ccess.
2609 469 2964 573 Telephon 12.801.
2066 634 2722 743 „UDSERTER
1855 702 2980 783 1. österr. behördl. konz. Unternehmen für Zeitungs-Ausschaltte
2049 762 2804 845 Wien, I., Concordiaplatz 4.
2281 820 2603 887 Vertretungen
1871 852 2971 936 in Berlin, Basel, Budapest, Chicavo, Cleveland, Christlania,
1885 907 2982 968 Geni, Kopenhagen, London, Mad.id, Mailand, Minneapols,
1870 949 2976 1027 New-Vork, Paris, Rom, San Francisco, Stockholm, St. Peters¬
2274 992 2603 1050 burg, Toronto.
2203 1028 2672 1103 (Oualienangabe e## boutw).
1878 1082 2907 1233 Ausschnitt aus: Der Humorist, iv.6.
2330 1211 2626 1304 1 10.1910
1887 1230 2025 1315 vom:
1979 1307 2893 1429 Frankfurter Theaterbrief.
2656 1387 3084 1463 27. September 1910.
1851 1448 3117 1541 Der Erfolg, den Neumanns Vertonung der Schnitzler'schen
1777 1511 3108 1608 „„Liebelei“ bei der hiesigen Uraufführung fan.d, war rauschend.
1784 1567 3123 1649 ##ereite nach dem zweiten Akte sammelten sich Lorbeerkränze von
1813 1669 3145 1749 unheimlicher Größe auf der Bühne und die Hervorrufe wollten
1800 1724 3146 1798 kein Ende nehmen. Ein solches Uebermaß von Lob ist meist vom
1809 1777 3155 1838 Uebel, denn es drückt einem Werke immer den Stempel des
1810 1823 3152 1882 Lokalerfolges auf. Im Falle Neumann ist das doppelt zu be¬
1812 1868 3151 1930 dauern, da wir in ihm einen vornehmen, gewandten und überaus
1804 1915 3145 1987 seinfühligen Komponisten kennen lernten. Seine „Liebelei“ lehnt
1814 1966 3147 2038 sich musikalisch an die Jungitaliener, besonders an Puccini, an.
1805 2015 3155 2070 Aber auch Massenet und Debussy sind ihm Vorbilder. Ein bloßer
1810 2068 3159 2125 Nachahmer ist der Künstler aber trotzdem nicht, denn die persön¬
1813 2108 3155 2188 liche Note fehlt an keiner Stelle. Der erste Akt, in dem auf jedem
1811 2173 3127 2235 Worte ein Ton sitzt — selbst auf dem gesuchten Stopfenziehen —
1807 2197 3156 2280 fesselt weniger. Hier ist eigentlich nur das liebliche Liedchen der
1817 2247 3166 2339 Christine und der effektvoll gesteigerte Auftritt mit dem „fremden
1811 2316 3152 2384 Herrn“ von Bedeutung. Auch das hübsch eingeflochtene Walzer¬
1824 2352 3159 2430 motiv vom „Doppeladler“ ist gefällig. Der zweite Akt gehört der
1816 2399 3158 2488 Lyrik und hier der and es Neumann, die prachtvollen Schnitzler'scheit
1822 2447 3170 2520 Szenen in zartangepaßter Weise im Orchester zn#eren¬
1829 2506 3160 2576 Seiner Orchesterführung gebührt überhaupt das größte Lob. Da
1824 2563 3171 2626 ist alles so fein und doch mit (effekt instrumentiert, daß man seine
1818 2600 3166 2672 helle Freude daran haben kann. Im Schlußakt müßte einiges ge¬
1829 2651 3160 2725 strichen werden, wenn auch Schnitzler darunter leiden sollte.
1817 2705 3160 2767 Musikalisch drängt hier alles zum Ende, der Komponist aber hält
1890 2747 3161 2823 der Gefülsmalerei wegen — den Abschluß auf und schadet
1824 2806 3160 2862 dadurch seinem Werke. — Die Aufführung unter Dr. Rotten¬
1821 2860 3165 2916 bergs Leitung war recht gediegen. Frl. Sellin versteht
1833 2895 3161 2967 Rollen, wie die der Christine, wirkungsvoll zu interpretieren. Ihr
1823 2947 3167 3011 Partner (Fritz) fand in Gentner den am besten geeigneten
1821 2993 3165 3066 Vertreter. Breitenfeld war gesanglich glänzend disponiert
1826 3039 3167 3098 und Schneider stattete den alten Musiker mit allen Vorzügen
1839 3090 3166 3159 seines reichen Könnens aus. Mit der Mizzi Schlager hatte
1828 3136 3164 3212 Frl. Doninger kein Glück. Die Stimme war spitz und spröde,
1833 3187 3174 3253 das Spiel nicht so, wie es für die Freundin einer Christine sich
1832 3232 3168 3309 eignet und die Kleidung gar direkt abscheulich. Sie und Frl. Sellin
1830 3282 3180 3356 rangen um die Palme der Geschmacklosigkeit in der Toilettierung.
1831 3333 3180 3401 Ein süßes wiener Mädel weiß gerade so gut wie die pariser
1840 3381 3185 3458 Midinette, was schick ist, ohne daß sie deshalb allzu tief in das
1843 3428 3173 3504 kleine Portemonnai zu greifen braucht. Sonst war die von Herrn
1836 3478 3187 3548 Intendant Jensen geleitete Regie tadellos. Zum Schlusse,
1843 3536 3183 3599 nachdem der Komponist mit den Solisten, dem Kapellmeister und
1847 3583 3188 3656 Intendanten unzählige Male vor dem Publikum erschienen war,
1838 3640 3182 3697 mußte auch noch Dr. Schnitzler seine Balkonloge verlassen und
1849 3687 2655 3766 sich vor der begeisterten Menge zeigen.
1957 3696 3200 3803 Madame Alno Ackté sang die „Saklome“ und „Tosca“. Die
