3436 4320
451 161 645 234 Lieb
945 159 1409 255 box 10/4
266 165 926 267 5. Lstele1
232 1113 2499 1169 ngen per maand kunnen produceeren. 5“ heopugen gaat gemakkenjker; 6“, net enderhoud! Ajax (II, won met 1—0.
2071 1090 3077 1161 Gisteren speelden de Haarlemsche V. C. Haarlem en
227 1145 1239 1223 zechts 61 waggons worden afgeleverdjis eenvondüger.
1985 1145 3083 1217 de Amsterdamsche F. C. Volharding, te Heemstede. De
229 1172 1987 1255 twe olie in Duitschland beperkt is, Daarop besprat litenant De Kroijf het gerecht in het
188 1249 2583 1300 Ia nen doen ontwerpen voor den bouw polderland, er op wijtende, dat vooral de wieltijdens eerste won met 5 tegen 2 goals.
1983 1316 3027 1382 Chriatine vraagt: „Heb je ruzie (met je lief) gehad' —
896 1332 1978 1401 daarom is het des te aangenamer nu om het te zeggen, dat gis¬
189 1348 905 1413 r personen noeinden, over het hoofd ge¬
1978 1371 3087 1431 vervallen by de volgende vertooning. Er valt dan wellicht
905 1379 1976 1442 teravond Marie Vink gespeeld heoft, neen maar, dat was nu toch
170 1393 898 1455 en ernstig meisje van hart, maar den
1988 1391 3079 1461 nog meer te verbeteren, en morgen b. v. zal zeker ook eon
910 1421 1978 1482 z66 voortreffeljk! Zoo hselemaal echt con jolige meid
189 1434 911 1488 r milien ontkomen doet zi niet. Met
1978 1452 3081 1503 ander eoort publiek hes eorste bedwif in juiste stemming
901 1459 1977 1522 met zilveren lach en liefde voor al wat verder zilver is
188 1475 904 1523 w als juffrouw Binder en een buurmeisje
1978 1492 3075 1536 zien, en de vrooliskheid van Mizi en Theodor minder
911 1480 1972 1558 zonder hart maar geen kwaad ding, al lang haren „cerste'
186 1514 913 1567 met een gemoedeljjk-lichtzinnig-denkend
1982 1530 3070 1569 soueligueeren met gelach. Het is toch an de vraag, of, om
909 1527 1977 1590 vergeten, dom en toch vermakeljjk, minder slecht dan niet¬
185 1538 907 1608 mvan dat de pret herbergend tooneel¬
1978 1552 3090 1636 het geheel, hier en daar éénige matiging van deze beiden niet
908 1572 1985 1639 goed. En lag het aan ons, maar anders is het, als Marie Vink
310 1590 902 1640 er toe komen: censdeels om z00
1976 1603 2245 1667 noodig ware.
909 1614 1976 1668 speelt, altoos net of ze alles doet om de zaal plezier
187 1637 908 1689 Fste liaison aan te gaan, anderdeels om
2019 1615 3084 1683 Doch haasten we ons naar het laatste bedrif, dat ook
911 1647 1988 1706 te doen — en nu was het, tusschen haar en Brond¬
195 1664 900 1726 ernstig op te nemen. Die uit de licht¬
1983 1667 3081 1735 gisteravond de gansche zaal onder den indruk bracht. Wat
908 1699 1982 1753 geest, of se het enkel deden voor eigen plezier, en
187 1704 897 1751 ar milien voortkomende lichtvaardig¬
1970 1710 3076 1768 kwam het er dahr nog op aan, dat mevr. Kerckhoven
915 1733 1551 1802 de pret ook haast niet op-konden.
230 1740 902 1806 die gaf mevrouw Kerckhoven niet
1977 1755 3083 1808 met haar accent en haar boeketaal mèèr uit den band¬
199 1770 913 1832 zelfs dat men zich afvroeg hoe een
1981 1797 3081 1860 valt dan men in cen realistisch stuk verdragen kan! Daar, waar
935 1777 1982 1860 Met dat eerste bedrif is de heift van het stuk gezien.
200 1823 907 1880 ia Fritz eenige — de lezer permitteere, het
1986 1827 3081 1882 zjj losbärstte in al dekracht van haar temperament. — Hoevele
918 1839 1977 1902 Het handelingsdrama bestaat hierin, dat de bedrogen echt¬
200 1862 910 1925 de tekst, eenige Erholung bij haar had
1986 1857 3080 1924 bezwaren het onderwerp meebracht, men voelt hetnergens bij de
907 1873 1980 1936 genoot de vreugde komt verstoren, nadat de twee meisjes in
1988 1892 3082 1958 lezing van het stuk zoo sterk als in het laatste bedrjjf. Die
913 1905 1981 1973 een andere kamer sin gedrongen. Die pin in ziine woorden,
197 1914 913 1992 en mevrouw Kerckhoven in het eerste
1983 1938 3074 1997 Christine die daar op eens, bij zülk een slag, doorvos¬
909 1941 1989 2012 nu hi den man die hem zin geluk ontnam, alweer met
175 1965 903 2041 ljk zwaar-larmoyant, d.w.z. den ernst
1982 1971 3082 2046 Ien moet al wat wij voelen dat er vreeseljjk-abnormaals
910 1991 1983 2045 andere vrouwen, met juffies vindt, was wel mooi, maar anders
210 2011 914 2059 en van haar liefde ons delicater
1984 2019 3076 2073 en leugenachtigs is in de verhouding van Fritz tot haar.
918 2031 1976 2091 heeft dit scenetje natuurljjk, in die zeer uitvoerig-realistisch
190 2050 909 2108 et eersté bedrijf zou een en al meester¬
1989 2054 3090 2113 Mevrouw Kerckhoven heeft het waar gemaakt door hare
907 2068 1990 2136 gegeven pret vallend, iets melo-melo.s. (Bovendien werd
194 2084 913 2146 g geweest zin. De eigenaardige ver¬
1989 2092 3080 2165 kracht. Zjj bleef in het zeggen van al die overleggingen en
910 2107 1986 2158 het rolletje hinderljjk slecht gespeeld.) Maar het is nood¬
175 2126 915 2174 kunstwerken onzer dagen, ale van heel ons
1987 2118 3084 2190 overwegingen zóoveel hartstecht leggen, dat de gedachten geen
913 2149 1990 2216 zakeljjk voor den gang van zaken. Het eigenljjke, het
187 2165 915 2222 mers juist het subtiel-gecompliceerde.
1991 2184 3085 2236 hersenwerk meer bleven, maar werkeljjk de natuurlijke klach¬
919 2181 1993 2249 gevoels- drama begint trouwens reeds te komen: deweemoed
201 2196 917 2262 üze complicert zich in het eerste
1987 2204 3087 2272 ten werden van iemand die zoo bedrogen is in cen z00 grooto
919 2230 1986 2275 van die Liebelei, die niets is voor den een en alles voor
198 2237 926 2306 de pretmakerjj van twee Weener jongelui
1999 2251 3082 2307 liefde. Niet de mastschappjj, zelfs niet haar vader, straft
911 2264 1929 2322 de Ander, en toch, ja toch wel even iete voor den een.
196 2272 909 2340 es mee naar des eenen kamer genomen
1995 2286 3083 2348 Christine: die liefde die can misgroei wes, straft enkel zich¬
947 2290 1988 2349 Dit lnatste bljjkt in het tweede bedrif, wanneer Fritz
185 2318 922 2382 #ing van werkeljjke, volkomen, liefde —
1997 2328 3082 2389 zelve. Dit is het wat de moraal in het stuk mooi maakt.
926 2336 1991 2394 kuat oul afscheid te nemen, en hij, zwäk in dat vöör
184 2359 920 2407 ontüdig is, die groeit opn plek
1996 2361 3093 2421 Fritz dood — in een duel — om een vrouw — die hij lief
923 2370 1991 2439 zich zien van den waarschjjnlijken dood, de waarde
173 2389 907 2441 Sor haar is, maar die daarom niet minder
1987 2402 3081 2456 had — zjj Christine niets voor hem — voor haar ook geen
927 2414 1989 2470 voelt van die liefde die gisteren zoo weinig leek, en
184 2439 921 2495 is. Er zitten spaties op de ble m van
1995 2440 3090 2505 brief, geen beodschap nagelaten — het afscheid, ziin lief
922 2448 1993 2503 waarin hi nu, koesterend, zich zou willen verbergen,
187 2473 909 2529 e onverwacht opblceit, ook liggen er om
1989 2484 3077 2552 gemoedeljk zich bli bj haar veelen den laatsten avond, bedrog —.
917 2502 1993 2557 misschien, voor den poos „O God, wat liegen zulke
175 2511 912 2561 Edderbodem, enkele van haar roseblaadjes:
1996 2528 3075 2584 zin ouders, ziin vrienden evenzeel, meer voor hem dan 21 —
916 2539 1984 2589 uren!' Die bfina tot sentiment groeiende sentimentaliteit van
187 2551 918 2596 el licht, en teer, en kiesch.. Nog
1987 2557 3087 2627 en nu, hi al begraven, zoodat af ham niet meer zien kan,
928 2572 1996 2625 hem, naast de nu door geen schifngond van een ourein
186 2587 908 2641 stine in het eerste bedrijf 266 gezien
1985 2599 2976 2667 nooit meer O, wat sneed het alles de ziel door
920 2606 1979 2661 souper meer leeljjk-gemaakte, enorme liefde van haar, het
183 2621 916 2679 anderen Fritz, dan zou het geheel een
2023 2625 3091 2689 Het allerlaatste alot van het stuk zouden we iets anders
916 2646 1989 2709 is een prachtig drama. — En daaromheen het Wiener Leben
189 2676 641 2728 che poözie zin geweest.
1999 2669 3087 2739 gewenscht hebben dan Schnitzler het gemaakt heeft, een¬
923 2688 1993 2756 van de achterbuurt: Dakzicht, sen vogeltje in het raamkozjin;
175 2679 921 2759 neen Mizi en een Theodor die voor¬
1992 2724 3092 2774 voudiger, stiller nog, daar het een bevestiging is onzer lichte
927 2732 1983 2777 Schubert en gemaakte bloemen; een affreuze Besthoven
190 2740 915 2795 ndgeest was de Theodor: elegant, galant,
1998 2757 3001 2814 bedenkingen van sentimentaliteit tegen het mooie stuk.
919 2765 1987 2814 aan den wand en een halfcompleet Conversations-lexicon
190 2780 921 2824 Juan maar toch vooral ook weer niet te
2022 2799 2980 2848 Maar het geheel is zeer fijn, vol gevoel, heel mooi.
1052 2801 1998 2854 boekenrek. De vader ziin melancholie over het
968 2806 1063 2859 p
181 2810 926 2889 ja, in zulke rollen waar geen dieper gevoel
2028 2812 3084 2880 En door het vele bewonderenswaardige in het spel, stond
916 2837 2005 2898 pretloos bestaan van een eerbaar arm meisje luchtend
173 2848 922 2910 Ede manicen veel te beteekenen hebben,
1997 2871 3082 2922 deze vertooning zeer hoog. Jammer, dat een alte ongedwongen
924 2876 1989 2940 bi een nu braaf-doende buurvrouw; deze nisdig zeggend
175 2895 924 2963 t men het best, welk een aanwinst dese
2000 2912 3077 2967 gekuch en gonics, met de frivole vrooljjkheid van toeschonwers
921 2919 1989 2982 „dat ze't weot’ tegen Christine, en gebluft door de nog
171 2934 922 2985 eden huise, wiens bewonderenswaardige
1993 2944 3081 3001 op alle rangen tidens hetjeerete bedrüf, voor wie daar om een
925 2948 1989 3005 schaamteloozer en nu jonge Mizi.. In die omgeving
183 2977 913 3030 bit iets tegen zin opgewektheid vermag,
1994 2978 3100 3046 een ernstig genot kwamen iets van den schoonen indruk
929 2984 1999 3045 Christine: — Mevronw Kerekhoven, thans op dreef. Naast
195 3015 508 3069 Tooneelisten is.
1994 3034 2201 3099 wegnam.
923 3033 1996 3088 haar, de heer De Ves, zeer goed getypeerd, als de oude
205 3026 924 3093 Van Eysden—Vink. De populaire artieste
929 3069 2003 3135 Weiring, uitmuntend in die rol van den gemoedeljken incons¬
185 3084 928 3140 ar vleiers rekenen. Hebben we — Mizi
2408 3069 2647 3159 Ba
926 3103 1462 3170 ciente, die alles goed vindt.
186 3119 929 3176 eravond, op een krant kan je ook niet
967 3118 1999 3198 Een paar kleinigheden: een fout met het licht, en een te#
191 3161 933 3211 en we haar wel eens te weinig gevleid?
192 3174 2037 3270 Ithans zün we geene schuld bewust. Maarj dicht bj Weiring staan van Katharine als ze, weggaande aan
2666 3145 3130 3286 Stele 1# Jelle
2705 3232 3152 3341 deese, Meettte
