3436 4224
468 159 830 236 Liebele
1006 151 1441 258 box 12/7
303 167 878 283 5. SS E
274 606 1030 706 Oesterreichische Volks
589 677 773 768 Wien.
359 800 661 907 9- 332 270
2114 832 2582 913 tomdl. Uriam.
2760 870 2846 959 E
577 871 1328 966 K
3120 878 3397 969 nn S
1328 945 2339 1011 mann, und den jungen Herrn zum Duell fordert.!
2378 953 3409 1022 Es war im Herbst 1894 als Artur Schnitzker Gla
397 931 469 1007 9
1332 978 1967 1048 Eine Szene von zwei Minuten.
390 962 1301 1065 Mer Theaterwoche.
2314 987 3404 1057 ins Burptheater gehen wollte, dem Direktor die er z##
1399 1029 2307 1092 Daß Damen illegitime Beziehungen zu Herren
2318 1041 3405 1102 Handschrift von „Liebelei“ einzureichen. Er traf eisg
329 1037 1334 1111 Zur Wiederaufführung von „Liebelei“ im
1328 1067 2313 1126 unterhalten, war im Burgtheater schon oft dagewesen.
2315 1074 3302 1131 ihn mitten am Wege, auf dem Votiokirchenplätz,
3290 1088 3403 1147 Fratz
330 1083 684 1155 Burgtheater.
762 1103 1322 1167 Wie Hotrat Burckhart
1330 1113 2310 1174 Auch daß sie mit ihnen zu Tische sitzen. Aber da trägt
2320 1129 3302 1172 als Dr. Burckhard gerade nach Hause gehen wollte
3291 1132 3406 1187 übe
324 1138 925 1207 Schnitzters Stück annahm.
1004 1139 1326 1199 Mitterwurzer
1343 1158 2305 1211 die Männerwelt Smoking und die Damen erscheinen
2324 1162 3294 1240 Die beiden Herren gingen zusammen, denn
3292 1176 3396 1235 Fau
316 1180 844 1256 als „Fremder Herr“.
902 1180 1327 1257 Revolutionär und
1331 1193 2311 1262 in ausgeschnittenen Toiletten; und alles spielt sich in
2324 1207 3291 1289 sie wohnten in einem Hause hinter der Votivkirche,
3290 1221 3386 1287 zu
692 1221 992 1298 Bureaukrat.
1322 1223 2320 1304 einem Salon oder in einer chambre particulière
2321 1248 2626 1312 Frankgasse 1.
409 1272 2324 1354 So ist denn in Erfüllung gegangen, was man ab — nicht in einer Studentenstube! Und da sitzen
2388 1272 3292 1352 „Geben Sie mir das Stück gleich jetzt,“ sagte
3289 1307 3381 1362 zu
325 1308 1327 1381 in früheren Jahrzehnten als einen schlechten Wir
1330 1332 2315 1383 die Herrschaften bei einem Souper und haben eine
2317 1327 3291 1418 Burckhard, „denn ich fahre heute noch nach Berlin
3292 1348 3383 1406 der
323 1358 1322 1424 bezeichnet hätte: Girardi ist im Burgeheater in
1335 1370 2310 1441 Liaison, während die Christin und die Mizzi mit ihren
2316 1392 2952 1449 und werde es im Coupé lesen.“
3286 1396 3379 1447 die
331 1417 1327 1468 einer Sonnen halrolle aufgetreten. Nicht als Nathan
1327 1412 2324 1473 Freunden bloß ein Verhältnis haben, eine Liebelei,
2381 1409 3401 1493 Tags darauf telegraphierte der Direktor dem Den
328 1447 1326 1510 oder Lear, aber in der wienerisch=tragischen Rolle
1331 1463 2313 1515 und mit ihnen ein Nachtmahl essen! Das aber ist
2310 1459 3385 1536 Dichter, er habe das Stück angenommen, es gefalle in d
326 1494 1326 1553 des alten Violinspielers Hans Weiring in „Liebelei“
1331 1503 2311 1552 ordinär! Man kann doch beim Volk nicht ruhig an¬
2320 1508 3374 1573 ihm außerordentlich. Gleich nach seiner Rückkeyr ssche
323 1540 1321 1595 Es sind noch nicht fünfundzwanzig Jahre, daß
1336 1545 2308 1616 sehen, was höchstens bei der höheren Gesellschaft
2312 1558 3366 1617 besprachen die Herren die Besetzung. Da zeigtessicht vei
325 1583 1325 1652 Artur Schnitzler mit diesem seinen Jugendwerk
1334 1573 1890 1658 hingenommen werden kann!
2310 1595 3326 1659 sofort, daß berühmte Damen und Herren das Stück
330 1628 1332 1687 ins Burgtheater eingezogen ist. Nur ein jungen
1400 1629 3370 1708 Doch das wär's nicht allein gewesen. Viel und die ihnen zugedachte Rolle aus einer gewissen La
332 1676 1327 1719 Burgtheaterdirektor, wie es auch der ältere Burck¬
1325 1670 3346 1750 ärgerlicheren Anstoß mußte die Gestalt des alten Furcht nicht mochten. Zu ihnen zählte auch der #
323 1709 1325 1771 hard war, der die Alten mit deren würdevollen
1337 1720 2803 1776 Weiring erregen. Er wei daß seine junge Tochter ausgezeichnete Bernhard¬
2891 1732 3396 1805 neister, der bat, ihn lich
324 1763 1327 1826 Ueberlieferungen auch einmal gründlich ärgern
1337 1764 3296 1830 uhristine ganz und gar dem Herrn Fritz sich hin¬ von der Darstellung des Weiring zu entheben. Da
3287 1788 3395 1845 ein
323 1799 1328 1853 wollte, konnte es wagen, diese Gesellschaft, die
1329 1809 2314 1866 gegeben hat, der sie doch nie heiraten wird. Er weiß
2307 1808 3305 1886 erst sprang Sonnenthal ein. Mit Begeisterung
3292 1833 3388 1907 im
326 1849 1324 1906 jungen Herren Fritz und Theodor mit ihren
1326 1852 2311 1898 es und geht nicht mit der Faust auf sie los und
2309 1847 3304 1915 sogar, und gab nicht nur den Musiker, sondern
330 1884 1325 1953 beiden süßen Mädeln aus Währing, dem
1325 1890 2312 1949 jagt sie nicht aus dem Hause. Im Burgtheater aber
2318 1902 3404 1986 übernahm auch die Spielleitung. Es war überhaupt Abg
330 1931 1325 1983 Publikum der Hofbühne vor die Nase zu setzen.
1335 1942 2310 1996 war man gewohnt, daß ein Vater in solch einem
2303 1951 3296 2013 eine Prachtbesetzung Viktor Kürscher#serschien als
3299 1969 3384 2018 die
329 1977 1327 2026 Man denke nur: An der klassischen Stätte
1320 1989 2310 2043 Falle seine Tochter zum mindesten ermordet. Und
2318 1988 3298 2041 Fritz (ein paar Jahre später spielts er im Volks¬
313 2015 1326 2079 der Jamben und Trochäen wurde zum erstenmal
1323 2026 3305 2080 doch hatte der Dichter diese milde Gesinnung des theater den alten Weiring), Adele Sandrock wirkte
321 2065 1324 2128 wienerisch gesprochen! Und der zweite und dritte Al¬
1331 2072 3295 2126 alten, braven Musikers so moralisch begrundet. als Christine erschütternd, die Kallino“ gab der
3292 2074 3402 2166 Si
315 2109 1313 2163 spielten sogar in der Dachstube eines Musikers, wer
1325 2104 3302 2191 Weirings einst so schöne Schwester war vor kurzem Mizzi eine liebenswürdige Leichtferligkest. Von der
323 2151 1316 2204 draußen in der Vorstadt. Gewiß, eine Musikerstune
1320 2146 3285 2227 als weiße Matrone nach einem freudlosen Dasein alten Besetzung ist nur eine Kraft auf dem Posten
3297 2170 3391 2245 büh
315 2202 1323 2270 war schon einmal auf der Hofbühne dagewesen, auch
1321 2198 2308 2266 jungfräulich gestorben. Der Bruder hatte sie vor
2305 2212 3285 2266 geblieben: Frau Walbeck als Frau Binder. Denn
3290 2231 3400 2287 Sou
323 2247 1323 2294 in einem revolutionären Stück, in Schillers „Kabale
1332 2254 2312 2305 „allen Gefahren, aber auch vor allem Glück behütet“.
2306 2252 3214 2327 nunmehr erscheinen Girardi als Weiring,
3287 2277 3398 2350 gefall
319 2288 1330 2350 und Liebe“ nämlich. Aber da erscheint doch wenigstens
1318 2283 3282 2354 Nun soll es seiner Tochter Christine nicht geradeso Medelsky als Christine, Viktor Kutscheras Tochter
317 2329 1315 2383 am Schluß ein hoher Präsident und läßt das ganze
1328 2333 3290 2396 gehen. Wenigstens ein Sonnenstrahl von Himmels= als Mizzi Schlager, Herr Gerasch als Fritz, Herr
319 2371 1317 2430 Gesindel durch die Polizei abführen. Doch hier? Hier
1322 2373 3279 2454 glück soll ihr Antlitz treffen. Eine freudige Erinne= Lackner als Theodor. Endlich der Spielleiter H#r
3279 2406 3392 2468 paar
315 2414 1323 2475 wagte man es, einen alten Musiker, nicht aus der
1315 2414 2300 2502 rung wenigste soll sie in ihr späreres Dasein mit¬
2312 2425 2901 2499 Deorient als „fremder Herr“.
3282 2453 3393 2506 Scht
313 2453 1515 2517 Hofoper, sondern aus dem Orchester des Josefstädter nehmen!
3282 2492 3394 2552 szi
317 2510 1320 2564 Theaters, heraus zu holen und ihn samt seiner nach
1392 2499 2316 2580 In der Tat, Christine geht ins Wasser, als
2377 2507 3393 2607 Mit dieser Zweiminutenrolle hat es bei der Erfo
310 2542 1318 2599 bürgerlichen Begriffen absolut nicht ehrbaren
1323 2547 2300 2607 sie zwei Tage nach jenem „Nachtmahl“ erfährt,
2309 2580 3291 2641 Uraufführung keine kleine Ueberraschung gegeben.
3291 2589 3379 2645 lang
311 2594 1316 2645 Tochter zu idealisieren. Das war denn doch ein bisser!
1326 2598 2303 2677 Fritz sei im Duell gefallen. Wegen einer anderen!
2307 2628 3390 2690 Einige Wochen vor jenem Abend hatten sich Burck= nicht
308 2639 1313 2704 zu stark! Kein Wunder, daß man von bösen Zensur¬
1322 2637 1767 2712 So endet ja das Stück.
2303 2669 3398 2724 hard und Schnitzler spät nachts vor dem gemein= wirk
1671 2691 1732 2740 *
322 2678 775 2757 schwierigkeiten sprach.
2298 2715 3395 2767 samen Haustor getroffen. Auf der Treppe sagte in ei
1394 2733 3379 2814 Aber des Dichters und Weirings Entschuldigung der Direktor: „Lieber Doktor Schnitzler, ich habe pflich
398 2771 1319 2853 Man muß sich nur die Situation in Erinnerung
1317 2802 3381 2857 wollte man damals nicht gelten lassen. Und als Ihnen eine freudige Mitteilung zu machen. Wissen wert
309 2813 1322 2890 bringen, um die damalige Entrüstung der Hüter
1319 2840 3390 2903 Burckhard mutig die Aufführung durchsetzte, schrieb Sie, wer den „fremden Herrn“ spielen wird? schref
322 2861 1331 2951 alter Burgtheatermoral zu begreifen. Im ersten
1319 2879 2299 2953 ein sittenstrenger Kritiker, der alte Weiring könnte
2301 2889 3391 2964 Niemand geringerer als Friedrich Mitterwurzer.“ solch
326 2930 2301 2979 Ak. „Liebelei“ sitzt in der Wiener Wohnang Geschäftsführer eines Nachtkaffees sein. Und
2379 2944 3306 3001 „Sie haben sich getraut, Herr Direktor,“ sagte
318 2964 1321 3023 des #t oenten Fritz Lobheimer ein lockerer Vier¬
1320 2965 2292 3030 Charlotte Wolter ließ sie interviewen und erklärte
2300 2966 3370 3041 Schnitzler hocherfreut, „ihm diese winzige Rolle au¬ wiss
2493 3017 2537 3054 7
316 3018 1317 3069 bund: Der junge Hausherr selbst, sein Freund, der
1319 3014 2296 3064 voll Entrüstung, sie sei froh gewesen, als der Vor¬
2293 3021 2519 3095 zubieten?“
3280 3034 3396 3103 theat
321 3064 1314 3113 Theodor, und die beiden hübschen Vorstadtmädeln,
1322 3059 2307 3114 hang über dem ersten Akt Schnitzlers sich senkte,
2371 3042 3289 3129 „Das hab' ich nicht getan,“ antwortete Doktor
317 3105 1310 3151 die er mitgebracht hat. Die ernste, hingebungsvolle
1321 3098 2288 3179 denn man hätte am Ende sonst noch scheußlichere
2299 3084 3384 3196 Burckhard. „Er hatte sich das Stück ausgeliehen hab'
313 3136 1319 3207 Christine Weiring,d Fritz aufrichtig liebt,
1322 3145 2128 3210 Sachen in der Burg zu sehen bekommen.
2294 3162 3287 3214 und es gelesen. Und eines Tages kommt er zu mir
320 3179 1327 3231 und die leichtlebige Mizzi Schlager, die dem
1383 3169 2299 3242 Ueberhaupt Wiener Dialektstücke — meinten
2301 3202 3284 3272 und meldet sich freiwillig für die Rolle mit den
3276 3202 3391 3263 Jon#
1316 3220 2286 3304 die Hüter der alten Kunst — gehören in die Josef¬
326 3231 1314 3297 Theodor „gehört“ und nach ihm, wahrscheinlich
2304 3247 2578 3308 paar Sätzen!“
3279 3253 3390 3309 Eine
1312 3282 2297 3339 stadt, nicht auf den Franzensring. Doch bald
313 3272 1321 3341 bald, einem anderen wohlsituierten Herrn. Die
2370 3266 3391 3349 Natürlich wurde sein Auftritt zu einem Höhe= Neu
1316 3307 2285 3379 darauf erschienen dort auch die Herren Anzengruber,
321 3327 1314 3390 jungen Leute unterhalten sich bei bescheidenem,
2294 3315 3287 3383 punkt des Abends. Mitterwurzer erschien hoch¬
319 3369 1312 3418 aber gutem Essen und Trinken und machen ein
1320 3366 2282 3439 Raimund und Nestroy und sprachen, wie ihnen der
2295 3360 3391 3443 elegant, mit gelbem Ueberzieher, aus dem ein hell= aufm
1321 3403 1831 3477 Schnabel gewachsen war.
319 3412 1315 3478 bißchen Musik. Bis zum Schlusse „der fremde
2295 3424 3385 3487 rotes Cachenez hervorlugte; er trug blonde Coteletts ich se
318 3453 1357 3531 Herr“ erscheint, ein von Fritz betrogener Ehe¬
2299 3471 3397 3543 und hielt, während der aanzen Szene stebend. den mein
