3248 4320
435 159 848 237 Liebelei
270 138 1422 261 5. Mense1 box 10/1
604 905 1569 989 duß es eöenso ldenig ein cheistliches Stcch.).
2901 913 3037 997 —
452 918 2834 1024 christliche Naturwissenschaft gebe. „Die Fragen des öffent= übermenschliche Milde gegenüber den — seiner eigeneufe
2079 952 3262 1062 das Christenthum und seine Lehren Broschüre „Die Frauen u
450 1015 2040 1077 lichen Lebens," führte Sohm aus, „sind Fragen der Gerechtig=Charakteristik nach —
2776 1017 3264 1079 guten Sache einen guten
459 1073 2793 1114 keit, das heißt, sie sind Fragen von dieser Welt. Sie werden schändenden Fractionen und Strömungen an den Tag legt,
2782 1059 3256 1124 gegen die Frauenärzte auf
1629 1101 2784 1158 so hilft ihm das bei den Preßorganen der christlich=socialen
2779 1108 3264 1166 lassen, daß es eine Pflicht
453 1110 1639 1175 durch das Christenthum nicht gelöst. Es gibt keine christliche
2778 1133 3262 1210 den Weg zum öffentlichen
1632 1137 2797 1210 Partei blutwenig. Die Meute fällt über ihn her, als ob
451 1154 1633 1212 sociale Ordnung.“ Wir wollen den Rechtsgelehrten und
1623 1179 3255 1269 er vom heiligen Eifer übermannt, ihnen zugedonnert hätte: Wem soll das Argument
454 1212 1630 1274 Theologen Sohm nicht gegen den Dominikaner Weiß ausspielen.
2786 1322 3263 1411 „anatomischen“ Schuld
1628 1319 2798 1413 hinaus, welches wohl nur diese Christine mit Liebe ver¬
453 1334 1636 1433 Druckerfirma hinunter studirt; wir sehen sie mit Rücksicht
2786 1388 3253 1457 Fühlen ist rein; sie häl
1626 1395 2805 1458 wechseln kann. Am Plagiat=Riechen könnte sich selbst meine
459 1416 1641 1475 auf den Theaterbeginn ihre Rendezvous fixiren. Ein Wort
2795 1428 3262 1514 aufgewachsen, in die sie
1634 1452 2796 1516 „Objectivität“ beim besten Willen da nicht betheiligen. Wenn
453 1456 1643 1543 holt zahlreiche Vorstellungen herbei — das ist eben dichte¬
2789 1481 3253 1557 für Liebe und geht a
1630 1495 2806 1555 man nach dem Schema: „Santuzza ist eifersüchtig und
470 1503 1635 1572 risch und das müßte ich anerkennen, wenn ich sogar auch
2798 1537 3264 1612 tragischen Irrthum zug
468 1563 2802 1608 täglich den Frühstückkaffee mit Schnitzler gemeinsam bei Christine ist eifersüchtig, Lola nimmt's leicht und die
2792 1583 3253 1651 „arm unwissend Kind
1640 1587 2812 1657 Schlager=Mizi nimmt's leicht“, die Schnitzler'sche „Liebelei“
465 1598 1032 1688 Griensteidl schlürfen würde.
1637 1625 3252 1702 aus der „Cavalleria rusticana“ herleiten will, so führt das Schuld der sich nichts
577 1629 1645 1720 Ohne Zweifel! Er hat es von den Franzosen. Da
465 1661 3265 1765 könnte ich Freund Schnitzler vielleicht packen — wenn sie's zu der gefährlichen logischen Consequenz: „Mein Pudel liebt! mörderin hinzugesellt. 2
470 1720 3253 1802 nicht eben Alle von den Franzosen hätten; auch Ibsen kann! Zucker, meine Cousine liebt Zucker, folglich ist meine Cousine bild der deutschen Jung
2795 1769 3262 1835 Mädchen ist glücklich, wei
465 1773 2813 1840 sie nicht verleugnen. Wenn der locale, wienerische Stoff jenes ein Pudel“ ... Man hat, als die bürgerliche Tragödie
2786 1826 3263 1884 eine Gretchen=Tasche T
1639 1820 2808 1893 allgemein wurde, den ästhetischen Mangel beklagt, daß ihren
466 1839 1646 1897 Art vollkommen aufzusaugen versteht, daß kein Rest bleibt,
1640 1869 3255 1936 Gestalten die „Fallhöhe“ der großen Tragödie fehle. Die kommt daher, weil die
470 1888 1645 1954 wenn, wie bei Schnitzler, auch nicht die leiseste Nuance
1648 1920 3262 1981 Stellung der Schnitzler'schen Vorstadtbürger mit dem engen diesem Gretchen den r#
474 1933 1643 1998 Unwienerisches, Fremdes verräth, so entfällt jeder Vorwurf.
1639 1966 3263 2039 Horizont mindert diese „Fallhöhe“ noch beträchtlich herab, Im Banne dieses leibh
466 1982 1663 2042 Der lustige Theodor, welcher keinen Beruf hat, als sich mit
1644 2018 3262 2079 und Christine ist eigentlich schon gefallen, bevor sie von dem Wenn eben dieser Teuf
464 2013 1657 2102 „süßen Mädels“ von den „dämonischen Weibern“ zu erholen,
1645 2060 3263 2123 Geschick gefällt wird. Was sich aber von Tragik über ein Schmuck verwandelt, so
472 2075 1662 2139 meint, daß Christine durch Notenschreiben unmäßig Geld
1638 2112 3259 2176 solches Wesen häufen kann, hat Schnitzler erschöpft. Kein pagnerflasche knallt, da
471 2122 1657 2184 verdienen könne. Christine aber beurtheilt ebenso unerfahren
468 2150 3258 2238 die Verhältnisse ihres geliebten Freundes. Diese Trennung falsches Pathos, keine Tiraden des Ueberschwangs heben uns Moralisten ab; sie kön
470 2238 3263 2276 kleiner Horizonte ist echt wienerisch. Zwischen den An=über das Maß der in diesem Milieu möglichen Fallhöhe; so heiß und wahr und
2574 2239 3256 2319 „sie kehrt Geliebten aber ferngeh
1642 2240 2513 2324 es entwickelt sich das tragische Verhängniß
473 2267 1649 2340 schauungen liegt der historische Wall, die „Linie“, welche die
467 2298 3263 2379 Empfindungen der Städter allzu eng nach außen abgrenzte nicht wieder“ — aus dem beschränkten Milieu, aus dem fassen. Die allerherbste
1641 2338 3242 2419 social beschränkten Charakter, kurz aus den dramatischen malmt, liegt in der „
470 2364 1653 2441 und der Vorstadt das Leben mit dem inneren, zum Theile
1644 2390 3252 2461 Voraussetzungen, auf welchen der erste und zweite Act ruht. Stadtfreunde nicht hine
476 2401 1662 2478 geistigen Wien abschnitt. Dieses Hinüber und Herüber der
1648 2443 3262 2512 Es ist die Kunst Schnitzler's, daß er mit keinem Worte, nicht hinein können.
479 2451 1662 2521 Gefühle und Meinungen, dieses Zerren kleiner unscheinbarer
473 2511 3263 2552 Kräfte an der „Linie“, die sich symbolisch zwischen jeden mit keinem Gedanken über seine Figuren hinausstrebt. Diese standen. An den Sch
480 2565 3263 2617 Dialog des Schnitzler'schen Stückes zu schieben scheint, zeigt harmonische Ausgleichung berührt formal und technisch trennen,zerschellt in dem
473 2593 3255 2673 uns der wienerische Dichter mit virtuoser Kunst, mag die lsympathisch, was selbstverständlich unabhängig davon bleibt, ein Fühlwesen, wie in
475 2674 3261 2708 Virtuosität auch aus französischer Schule gezogen sein. Ist ob Einer für solche Vorstadtcharaktere schwärmen mag oder Schiller so nannte, un
1652 2673 3249 2746 nicht. Unsympathisch ist uns der Musicus Anti=Miller, anderem Boden die E
475 2675 1672 2762 es auch Schnitzler's Schuld, daß selbst die Kritik die ge¬
2805 2718 3264 2805 Adel und Bürgerthum
1652 2720 2820 2792 Christinens leichtsinniger Vater, welcher seiner Tochter die
472 2740 1654 2822 treue Schilderung des Um und Auf Schnitzler'scher Figuren
2897 2772 3254 2839 Um einen Siegft
1649 2779 2824 2844 Freiheiten eines solchen Jugendglückes nicht rauben will.
475 2790 1657 2868 nur eben französisch als ein ganz ausgezeichnetes „Milieu“
2813 2797 3262 2887 Dichter einer Trilogie,
1643 2830 2815 2904 Im Josefstädter Theaterorchester mögen solche Väter auch
479 2845 857 2923 bezeichnen kann?
2812 2865 3262 2934 Acten unterzugehen. T
599 2876 2819 2953 Aus diesem „Milieu“ erwächst dieser eng be= nicht sitzen — daß wir solche wienerische Väter aber kennen,
2804 2918 3254 2982 im geraden Verhältni
480 2935 2824 3011 grenzte sociale Gesichtskreis Christinens, der wienerischen darf die localpatriotische Moral, welche sich immer am un¬
2811 2960 3255 3025 Bäuerin braucht nur
1658 2972 2826 3036 rechten Platze meldet, nicht leugnen. ... Ob mit dieser ver¬
475 2966 1662 3060 Musikertochter, und der ebenso eng begrenzte moralische
1649 3015 3263 3082 zehrenden Liebe Christinens, welche aus einer „Liebelei“ nehmen Lage, dem Gr
481 3036 1657 3101 Gesichtskreis Fritzens, des Schnitzler'schen Anatol=Typus.
1651 3048 3259 3127 bricht, die Mütter des Parquets sich befreunden mögen, Christinens „Liebelei“
477 3085 1659 3149 Dieser enge Gesichtskreis scheint meinem bescheidenen
1655 3107 3256 3176 haben diese Mütter zu entscheiden. Dem Aesthetiker genügt, Ich glaube aber zu t
477 3126 1662 3194 Griensteidl=Verstande das Charakteristische, Wesentliche und
486 3163 3258 3243 Eigenthümliche in Schnitzler's „Liebelei“ zu sein. Die Pariser daß diese Liebe im Stücke erschütternd und lebenswahr zu=Acte die Motive dur
486 3230 3262 3289 Grisette sieht aus ihrem Quartier weiter als das Wiener tage kommt. Wie Börne von der „anatomischen Unschuld“ durch die genauere Fix
493 3286 3262 3355 Vorstadtmädel in das gesellschaftliche Leben über das „Liebeln“lder Emilie Galotti spricht, könnte man von einer bloß wollte. Durch die kö
