3484 4224
427 224 826 304 Liebelei
977 226 1426 330 box 10/1
276 219 977 350 3. Tntnnntuns
1780 894 2779 996 seiner Künstlerschaft erstrebt. Der instrumentale
783 909 1782 1010 Gatten, der nur eine kurze Seene hat. trefflich. Fräulein
1790 972 2780 1041 Theil der Over oder viel mehr des heiteren musi¬
789 989 1775 1045 Landori nahm die Cbristine im Anfang etwas
1790 1024 2785 1083 kalischen Dramas ist von köstlicher melodiöser Viel¬
794 1032 1778 1092 zu schwer und tragiich, sie müß liebenswürdiger
1795 1070 2782 1144 gestaltigkeit, geistreich und in den liebenswürdigsten
792 1083 1777 1161 erscheiner; später, vor allem im zweiten Akte, wur
1794 1116 2790 1181 Variationen umspielt die Tonsprache des Orchesters
785 1134 1782 1188 ihr Spiel natürlich und ansprechend, nur trat zu¬
1787 1171 2789 1228 die derbkomische, von Arrigo Boito, nach Shake¬
781 1189 1780 1257 weilen bittere Gereiztheit, an Stelle mädchenhaften
1790 1216 2777 1278 speare's „Lustige Weiber“ und „Heinrich der Vierte“.
782 1241 1781 1292 zart weiblichen Gekränktseins. In den tragischen
1788 1279 2787 1332 sehr bühnenwirksam bearbeitete Handlung, und
796 1275 1788 1355 Scenen des letzten Aufzugs schlug die Darstellerig
1794 1322 2787 1372 weckt stets aufs Neue die Bewunderung vor dem
788 1329 1787 1388 starke, aber wohl angebrachte Accente an, da es
1787 1356 2786 1436 vielseitigen italienischen Altmeister. Welch ein
790 1369 1777 1446 dem Autor hier, wie oben ausgeführt, vor allem
1791 1423 2787 1475 Weg von Nebucadnezar und Hernani zu Alda,
796 1423 1778 1488 mehr auf die äußeren, unmittelbar fortreißenden
1796 1460 2787 1531 Othello, und Falstaff. Dabei begegnen wir Verdi
796 1481 1792 1545 Wirkungen, als auf psychologische Folgerichtigkeit
1796 1528 2790 1577 am vermuthlichen Endziele seiner großen Laufbahn
800 1522 1782 1587 ankam. Recht natürlich und auch mit vielem Humor
1794 1556 2788 1613 auf dem früher fast nie von ihm betretenen Ge¬
801 1576 1782 1635 stattete Fräulein Bock die leichtsinnige Mohistin
1790 1604 2791 1682 biete der komischen Oper. Er lenkt bei aller Selbst¬
791 1621 1788 1690 Mizi Schlager, einen dem Leben unmittelbar ent¬
1793 1662 2782 1730 ständigkeit auf demselben oft in die Pfade eines
797 1670 1784 1734 nommenen Typus aus. Fräulein Sophie König
1786 1703 2792 1772 der ersten Meister. Rossi#i war für die großen
800 1724 1779 1786 charakterisirte die nach einer sturmbewegten Vergangen¬
1798 1752 2792 1827 Parlando=Recitative, für die bunt bewegten leben¬
792 1770 1784 1828 heit in den Hafen einer stillbürgerlichen Ehe einge¬
1798 1799 2789 1869 sprühenden Ensembles und Finalsätze, zu denen das
791 1813 1780 1870 laufene klatschsüchtige, aber lebenskluge Frau Binder
1802 1854 2793 1919 Libretto des „Falstaff“ so natürlich und ungezwungen
800 1864 1784 1928 in ganz meisterhafter Weise, Fräulein Widmann
1793 1902 2789 1952 Gelegenheit bie'et, Verdi's Vorbild. Kurz, der
796 1916 1793 1982 gab die kleine Lina angemessen. Das Zusammenspiel,
1797 1945 2789 2028 instrumentale Ty und die mehrstimmigen Num¬
801 1960 1795 2032 sowie die Inscenirung waren gut, der anwesende
1804 1996 2776 2060 mern des neuen Werkes sind von wahrhaft bezau¬
794 2010 1781 2070 Autor ward mit den sämmtlichen Darstellern wieder¬
1809 2046 2791 2106 bernder Schönheit. Weniger gut sind die Solisten
790 2064 1088 2145 holt gerufen.
1804 2083 2795 2149 in „Falstaff“ bedacht. Nicht als ob es für sie an
867 2075 1784 2176 Das dem Schauspiel folgende neu einstudirte
1801 2137 2787 2208 originellen hübschen Sätzen mangelt, nur sind die¬
792 2144 1783 2226 einaktige Lustspiel von G. vor Moser „Die Ver¬
1802 2186 2786 2256 selben meist sehr kurz, ohne die sonst eigenen effekt¬
800 2202 1787 2271 sucherin“ wandelte durch seine zwar hausbackenen
1796 2229 2785 2310 vollen Abschlüsse und die von Verdi früher so oft
801 2255 1792 2320 aber ungemein lustigen Situationen bald die ernste
1793 2293 2780 2362 geforderten Virtuosenstücke. Sie heben sich nur
802 2300 1792 2376 Stimmung, die sich der Zuschauer bemächtigt hatte,
1799 2339 2793 2399 leicht aus dem einheitlichen Ganzen hervor, denn
803 2351 1787 2413 in eine recht fröhliche. Herr Bauer (Seeberg) und
1788 2378 2804 2452 der greise Tondichter wollte nicht blenden, sondern
797 2399 1790 2465 Fräulein Gündel (Frau von Leuthen) spielten das
1793 2442 2787 2498 durch feinere Wirkungen fesseln. Ob ihm dies auf
795 2438 1792 2516 sich gegenseitig meidende und durch einen Zufall
1802 2486 2798 2539 die Dauer den breiteren Massen gegenüber gelingen
801 2499 1793 2567 zusammengeführte Paar ganz prächtig, im ächten
1802 2529 2794 2593 wird, bleibt eine offene Frage, die sich in Deutsch¬
799 2549 1778 2609 feinen Lustspieltone, und in schönster Charakteristik.
1803 2572 2800 2650 land um so schwieriger zu seinen Gunsten entscheiden
797 2594 1784 2664 Die jungen Eheleute wurden durch Herrn A. Meyer
1791 2630 2797 2699 dürfte, als wir eine meisterhafte, durch mehr als
797 2658 1786 2708 und Fräulein Bock frisch und liebenswürdig, der
1793 2680 2799 2750 vier Jahrzehnte eingebürgerte, den gleichen Stoff
792 2682 1786 2746 beschränkte Diener Karl durch Herrn Strohecker
1803 2743 2789 2790 behandelnde komische Oper in Otto Nicolai's „Die
800 2750 1579 2813 mit glücklicher trockener Komik gegeben.
1809 2762 2800 2843 lustigen Weiber von Windsor“ besitzen. Hat deren
878 2791 1782 2853 L. Oper. Nur ein außerordentlich beanlagter
1803 2818 2800 2903 Librettist, Mosenthal, den Stoff vielleicht etwas
794 2845 1793 2922 Künstler, ein aus dem Vollen kräftig schöpfender
1792 2869 2791 2934 derber bearbeitet, so sind doch die Gestalten und
807 2892 1786 2968 genialer Meister vermag noch nach ruhmreicher
1806 2920 2808 2981 Weisen des Nicolai'schen Werkes mit Recht dermaßen
807 2937 1786 2994 mehr als ein halbes Jahrhundert währender geistiger
1812 2968 2798 3035 volksthümlich geworden, daß bei dem Anhören des
799 2983 1791 3050 Arbeit ein Werk zu schaffen, wie die lyrische Komödie
1814 3020 2791 3091 Verdi'schen „Falstaff“ der, wie oben ausgeführt
803 3031 1790 3094 „Falstaff“. Giuseppe Verdi hat in dieser seiner
1801 3065 2806 3137 den Sängern und somit der Mehrzahl der Hörer
796 3084 1791 3162 letzten Oper ganz neue Wege eingeschlagen. Er,
1810 3115 2804 3182 weniger Sinnfälliges bietet, von selbst Vergleiche
800 3137 1797 3197 dem sonst die volksthümlichsten Melodien stets in
1809 3157 2803 3227 wachgerufen werden. Dieselben werden Nicolai's
808 3178 1793 3239 überraschender Fülle entströmten, und dessen Gesänge
1806 3215 2803 3300 reizendem Werke aber nirgends Erhebliches von der
807 3231 1794 3292 die Lieblingsaufgaben aller Opernkünstler beider
1806 3262 2802 3328 lang andauernden und berechtigten Beliebtheit
797 3278 1792 3351 Welthälften waren, verlegt in „Falstaff“ den künst¬
1810 3309 2807 3375 rauben. Wir müssen unserer Theaterleitung jeden¬
798 3331 1795 3387 lerischen Schwerpunkt in das Orchester, und stellt
1817 3345 2793 3431 falls dankbar sein, daß sie das interessante neue
799 3378 1790 3458 den Vokalisten fast ausschließlich recitativartige Auf¬
1809 3409 2803 3477 Werk Verdi's, dessen Text Max Kalbeck trefflich
798 3426 1794 3491 gaben. Was Wagner in den Meistersingern so
1813 3459 2804 3529 übertragen, in einer überaus gelungenen Auf¬
803 3468 1804 3544 glänzend durchgeführt, hat der italienische Meister
812 3505 2819 3613 in „Falstaff“ mit hohem Glücke und vornehmer] führung gebracht hat. Der größte Antheil an
