3484 4224
628 161 705 232 1
422 150 589 232 Lieb
233 139 1369 271 5. „ box 12/7
843 1665 1223 1752 Zaur 1213
430 1668 614 1754 ##
435 1709 1632 1781 „Die Kammerspiele nahmen vor Jahresschluß noch
801 1764 1625 1839 -Zwischenspiel“ in ihren Spielplan
365 1768 573 1830 Arthur
471 1788 1635 1862 D#ee e arte Stüick ist hier bereits aut bekannt.
478 1865 1634 1908 urde schon bald nach seiner Entstehung im Deutschen Schau¬
486 1891 1639 1948 aus gegeben und erschien dort nuch mehreren Jahren aber¬
507 1931 1643 1990 im Revertoire, als Herr[ Ziegel und Frau Hocwitz
482 1978 1638 2024 ortige Ensemble eingetreten waren. Nun haben diese leiden
460 2016 1635 2069 stler im eigenen Heim vieselben Rollen wieder, aespieli, in
466 2060 1639 2109 nsie sich damals zeiaten und ihre boben küns##rischen Qua¬
501 2088 1648 2141 darin aufs neue bewährt. Freilich, ech#ern Ziegels Ka¬
512 2125 1641 2190 ister und Frau Horwitz Konstan## ssind eigentlich mehr
526 2165 1646 2224 he oder — wenn man lieber mist — Wedekindsche Gestalten.
532 2214 1646 2265 hnitzlersche Fiauren. Die Wienepische Weichheit hat einer
569 2262 1649 2302 t und Schärfe ### machen müssen, die die Fiaunen
564 2294 1644 2350 erscheinen liht#als sie und. Und wo sich bei Schnitzler
541 2334 1640 2382 6 kaum mehr als süße Melancholie findet. da geben diese
402 2374 1646 2424 beiden Darsteller des Ehepaares ätzende Bitterkeit. Sie spielen
474 2417 1650 2464 leicht hingeworfene Lebensbile als ob es ein tief bohrendes
408 2451 1654 2503 Problemstück wäre, und verschwenden zu viel Geist an dieses
482 2491 1652 2546 nswürdige Werkchen, das ganz auf Stimmung gestellt ist.
551 2527 1660 2585 driststeller Albertus spielte Herr Marx in einer Alten¬
585 2564 1647 2625 ke reichlich stark auf den Bohemien hinaus. Sehr sym¬
582 2612 1647 2663 irkte Fräulein Kündinger in der Rolle der Schrift¬
582 2661 1646 2705 ttin. Und Herr Alwa, der in letzter Stunde für den
551 2691 1643 2746 en Herrn Hänsel die Rolle des Fürsten übernommen
392 2698 486 2751 erkre
389 2735 1647 2789 hatte, tat für diese undankbare Aufgabe, was er unter solchen
391 2785 1654 2825 Umständen für sie tun konnte. Das Publikum wurde während
385 2819 1658 2870 des ganzen Abends nicht recht warm und spendete auch zum
1460 2850 1635 2918 M.-R.
383 2863 1283 2936 Schluß nicht mehr als achtungsvollen Beifall.
1898 1312 3161 1424 Théater, Kenst und Wissenschaft.
2080 1377 2966 1462 Jägerndorfer Stadttheater.
1989 1424 3147 1508 Liebelei. Schauspiel in drei Akten rol Arthurf
1882 1487 3064 1572 ührung vom 20. Növemogs191#. E
1898 1525 3133 1625 „tu#wirklicher Lebensgeschichte ist es uns Schnitzler
1914 1579 3183 1665 in seiner „Liebelei“ auf die Bühne gestellt hal, ob nun
1914 1649 3147 1718 die literarisch=dramatische Mon#####ng bis ins Einzelnste!
1909 1675 3150 1777 durchgeführt ist oder nicht# mag vefehlt fein, wenn man
1909 1760 3136 1831 in dem Stück abgeschwächt, modern wiedergegeben „Ka¬
1909 1782 3134 1873 bale und Liebe“ erblicken will. — Christine, die ihr gan¬
1920 1828 3132 1919 zes Mädchenträumen Liebe zu dem jungen Mediziner Fritz
1906 1876 3150 1977 Lobheimer heißt und dann erfährt, daß Liebelei mehr als
1920 1921 3137 2010 ein bloßes Wortspiel ist, fand in Fr. Schartmüller
1912 1980 3131 2090 eine zarle Darstellung. Das Große freilich, seelisch Ver¬
1918 2032 3151 2121 wickslte, zu dessen Wiedergabe Fr. Schartmüller berufen
1913 2070 3149 2160 scheimt, findet sich in Schnitzlers Christine nicht. — Der
1910 2125 3150 2208 oberflächlich, leichtsinnigen Mezi Schlager, die ohne Er¬
1920 2179 3143 2277 röten aus einem Arm in den andern fliegt, lieh Fr. En¬
1919 2222 3177 2319 zinger treffende Züge. — Hans Weiring, Christinens
1921 2268 3158 2365 Vater, (Herr Hübner), ist der Mann, dessen Charakter,
1924 2316 3153 2400 fern aller Prüderie, aber auch bar jeder impülsiven Leiden¬
1928 2372 3162 2452 schaft, sich zu ruhiger, betrachtender Gemütstiefe entwickelt
1932 2432 3160 2512 hat. Vor allem die Schlußszene gestaltete Herr Hübner
2213 2473 3160 2558 * Herr Neuhardt gab seinem etwas sen¬
1938 2494 2177 2563 vorzüglich.
1919 2534 3163 2612 timentalen und wieder oberflächlichen Fritz Lobheimer man¬
1898 2547 3178 2648 chen sympathischen Zug, ebenso wie Herr Lichtenberg#
1925 2614 3149 2725 dem Freunde, der ein „guter Kerl“ aus Passion ist. — He#t
1928 2668 3178 2767 [Horn fand für den gekränkten Gatten die rechte Aeuße-f
2674 2714 3179 2791 Auch die Klatschbase!?
1937 2729 2619 2810 rung des „Duellehrenbegriffes“.
1938 2749 3173 2837 und Kupplerin Binder fand durch Frl. Proßnit eine
2922 2817 3112 2901 Fr. A.
1931 2835 2302 2917 gute Wiedergabe.
2326 2885 2744 2971 S pielplan:
1926 2930 3136 3026 Dienstag, den 2. Dez.: „Wo die Lerche sit, Operette.
1931 3007 2945 3081 Donnerstag den 4. Dez.: „Opernball“ Opeseste.
1938 3053 2898 3151 Samstag den 6. Dez.: „Der Meineidsbauer“.
2461 3120 2687 3185 KAueaaee
1995 3140 2098 3186 n
3114 3152 3214 3228 11
2339 3171 3018 3246 S. dil Tägernbort
