3484 4320
897 155 1423 257 box 10/4
271 160 815 266 5. Liebelei
443 216 861 290 ad u dn dien unn un a .
1695 1152 2839 1215 Ameinden Standpunkt gerteirgeblieben. Mit mehreren
593 1161 1700 1238 nichi bereinsamt, denn es umglebt sie 1
1691 1201 2839 1255 anderen Kaufmännischen Vereinen hat er ferner eine Kommission
313 1197 514 1273 drus sei.
554 1215 1689 1272 steis eine Anzahl von Schülern und Schülerinnen, wie ja aus ihrer
1682 1236 2842 1293 zur Bekämpfung des unlauteren Wettbewerbes gebildet welche
318 1262 533 1318 ockarbeiter
545 1269 1683 1313 Schule mehrfach bedeutende Künstlernamen hervorgegangen sind,
1688 1264 2836 1323 zunächst vermittelnd und gutachtlich wirken soll. Der Baufonds ist
307 1300 545 1353 aus einem
542 1297 1689 1366 so in letzter Zeit der in England und Amerika sehr gefeierte Pianist
1692 1305 2843 1366 auf fast 7000 Mk. angewachsen, das eigene Heim steht also nicht
545 1333 950 1403 Wassili Sapellnikoff.
337 1332 542 1413 soll, das
1688 1341 2842 1388 mehr in so nebelhafter Ferne. Die Bibliothek wurde vergrößert,
658 1352 1698 1441 A.T. Residenz-Theater. Die erste Wiederholung des
321 1393 546 1474 Olgasind
1684 1390 2850 1485 dier siat Als in Ailen wear es ein aelboieriche, aber ein von
545 1412 1687 1466 tief empfundenen Schauspiels „Liebelei“ findet am Dienstag
1681 1439 2364 1499 I bestem Erfolg gekröntes Geschäftsjahr.
324 1465 1693 1509 n, um die 1 Abend statt. Die beifällige Aufnahme, die dasselbe am Sonnabend
1697 1546 2854 1600 die Katastrophe: der Mann der ehebrecherischen Frau erschießt
546 1546 1691 1606 in bescheideneren Grenzen hielten. Herr Lemisiano — ebenfalls in
549 1591 1694 1648 guter, echt orientalischer Maske — gab den „Radames“. Der Sänger
1692 1593 2834 1643 unseren Fritz Lobheimer im Duell. Sein eleganter, leichtlebiger
1691 1634 2841 1701 Spezi Theodor Kaiser erscheint darauf bei der sorgenden, Schlimmes
537 1635 1697 1695 bot eine ziemlich matte Leistung, solange er nicht von seinen kräftigen
299 1625 541 1720 : Oper in
1687 1677 2850 1741 ahnenden Christine, deren Neigung aber anderer Art ist, als das
547 1685 1698 1730 hohen Tönen Gebrauch machen konnte; diese weiß er denn aller¬
1697 1729 2848 1777 Gegenseitigkeitsverhältniß dieses Unglücksboten und Christinens
541 1725 1689 1783 dings mit einer herausfordernden Kühnheit ins Publikum zu
320 1703 536 1791 Lacroix
547 1774 1692 1831 schleudern. Die Technik der Stimme bedarf noch der eifrigsten
1701 1769 2851 1829 lockeren Freundin Mizi, einer jungen Modistin a. D. Mein Gott, wenn
311 1768 530 1836 argarethe“
1703 1818 2850 1863 auch Jeder und Jede, das zwischen 18 und 30 ohne ernste und
536 1812 1690 1862 Pflege: der Ton wird jetzt noch gleichsam „durch die Zähne ge¬
329 1822 534 1883 ilten; doch
557 1866 1689 1919 zogen“ und entbehrt des Adels im Klang, der Rundung und Weichheit.
1693 1853 2856 1920 standesamtliche Absichten das Leben und die Liebe ein bischen
350 1871 549 1929 die letztere
1698 1911 2846 1969 genießt, solch ein Verhältniß gleich so tragisch auffassen wollte! Es
548 1912 1692 1966 Die Darstellung zeigte eine wahrhaft archaistische, alt =egyptische
368 1912 542 1972 darf. In
551 1944 1699 2014 Steifheit, die vielleicht historisch begründet sein mag, jedoch auf die
1698 1954 2852 2011 war eben das „persönliche Malheur“, daß diese liebenswürdige,
415 1954 545 2021 n auch
1694 1996 2857 2049 sentimentale Geigerstochter halt gar so närrisch verliebt
547 1993 1698 2053 Dauer nicht tiefer zu interessiren vermochte. Das Publikum ließ
430 2003 542 2067 war
1700 2044 2854 2097 war, daß sie des Liebsten Untreue und seinen Tod um
555 2047 1696 2111 dem guten Willen des Sängers alle Gerechtigkeit widerfahren, und
329 2051 551 2109 ganz dis¬
1707 2083 2854 2134 einer Anderen willen nicht ertragen konnte und sich selber darüber
550 2089 1701 2151 so durfte auch Herr Lemisiano an den Hervorrufen theilnehmen.
326 2098 548 2156 kelfärbung
1704 2131 2855 2185 das Leben nahm, das arme Ding. So hat wohl auch der Dichter
551 2132 1702 2192 Unsere liebreizende „Amneris“ (Fräulein Brodmann) — wie ge¬
313 2138 550 2199 chte diese
1698 2179 2855 2233 dieses einfachen, aber ergreifend wahren Stückes gedacht, dem es
546 2180 1703 2240 schmackvoll wußte sie den Vortrag des Refrains in der großen
312 2178 553 2247 en Aldas
1702 2225 2856 2277 gar nicht eingefallen ist, hier Tendenz machen zu wollen. Er hat
550 2225 1695 2295 Balletsceue jedesmal zu variren! — und der vulkanisch=feurige
334 2228 553 2293 rgabe der
1696 2268 2853 2325 ein knapp gefaßtes, wirksam gesteigertes Bühnenwerk geschaffen, in
551 2271 1696 2328 „Amanasro“ (Herr Müller), dazu das treffliche Ensemble und die
380 2266 559 2337 hre ganze
1701 2301 2906 2379 dem sich das gut realistische, moderne Drama und das bessere
565 2318 1691 2378 schwelgerische Ausstattung hielten das Publikum in angeregter
326 2325 545 2385 auch gleich¬
1486 2360 1619 2421 O. D
1695 2346 2859 2418 Volksstück zu einem künstlerisch abgerundeten Ganzen vereinigen.
554 2374 791 2430 Stimmung.
359 2369 550 2426 es machte
1705 2408 2866 2459 Auch seine Charakterzeichnung ist eine markige und sichere und in
354 2411 559 2471 orderungen
1701 2448 2855 2499 dem alten Geiger Hans Weiring, der seinem geliebten, einzigen
369 2455 550 2526 die rechte
861 2459 1383 2551 Residenz-Theater.
1706 2479 2869 2555 Kinde verschwiegen die Erfahrung und das Glück aussichtsloser
382 2502 547 2570 efe un
317 2507 383 2568 T
1699 2537 2868 2610 Liebe gönnt, schuf er sogar eine philosophische Originaltype von
365 2547 543 2613 hier ver¬
617 2526 1701 2618 Samstag, den 31. October. Zum 1. Male: „Tiebelei“.
1702 2584 2863 2640 besonderem Reiz. Dabei hat er überall das „Milien“, die
561 2598 1693 2661 Schauspiel in 3 Akten von Arthur Schnitzler. In Sceue gesetzt
335 2588 541 2665 olltöne
552 2637 928 2696 von Dr. H. Rauch.
1704 2627 2858 2687 Umwelt der handelnden Personen gut getroffen und offenbar
318 2638 557 2706 n zasisten
620 2657 1698 2736 Die alte Geschichte von der verrathenen Liebe, diesmal aber
1697 2662 2860 2741 nach innen und außen nur das geschildert, was er genau
335 2686 475 2748 lancio“
558 2711 1699 2785 nicht nach dem Volkslied: „So geht's, wenn ein Mägdlein zwei
1707 2715 2852 2775 kennt. Aus alledem ergab sich ein tüchtiges, bühnenwirksames
382 2722 549 2785 subtileren
558 2765 1696 2835 Knaben thut lieben — thut wunderselten gut"; hier ist es um¬
369 2766 559 2836 bedingter
1705 2809 2865 2873 eine so gute und ausgeglichene Darstellung erfährt, wie hier. Frau
556 2800 1710 2874 gekehrt. Ein junger Lebemann der „besseren Kreise“ unterhält ein
319 2824 554 2881 he Rontine
1706 2856 2856 2916 Direktor Rauch, die neulich in einem sehr schwachen Stück
561 2857 1702 2913 Verhältniß mit dem Weibe eines Anderen, einem „verfluchten
325 2862 550 2925 hlich durch¬
1708 2901 2859 2961 eine ziemlich nichtssagende, wenig charakteristische, aber „schöne“.
422 2914 554 2971 Effekt
561 2900 1703 2962 Weibe“ seiner Sphäre, das ihn dämonisch fesseit; gleichzeitig aber
1712 2944 2859 3009 Backfischrolle spielte, darin auch ganz gut gefiel, aber immerhin
562 2950 1706 3008 erblüht ihm ein Blümlein Wunderhold am Wege, ein echtes
1711 2990 2868 3050 mehr einen netten Blumenspenden= und Respektserfolg erzielte, hat in
565 3001 1690 3056 deutsches Grethchen, die Tochter eines schlichten Geigers; „das hat,“
337 3004 549 3063 ren Erfolge
1705 3041 2865 3094 der Rolle als Musikerstochter Christine so etwas wie die „Klaue des
554 3043 1705 3097 mit Theodor Storm zu reden, „von allen Menschen — nur einzig
320 3045 560 3109 talienischen,
1707 3083 2870 3143 Löwen“ durchblicken lassen. Mangelt ihr auch noch vielfach die
562 3090 1716 3150 ihn gewollt". Er freut sich des lieben Dingelchens und seiner
335 3096 560 3157 im Ganzen
1708 3130 2865 3184 künstlerische Reife und, wie sich das speziell gegen den
563 3140 1707 3207 aufrichtigen Neigung, ja, fast scheint es, als wenn ihm
330 3139 555 3205 auch, daß
322 3177 2882 3259 sich gestern 1 diese „Liebelei“ tiefer zu Herzen ainge, aber dann folgt] Schluß hin ausprägte, die dramatische Kraft, so hat sie doch
562 3238 1634 3405 M
370 3412 1603 3508 1.- dcuad Ren
