3436 4256
937 193 1364 296 bos 12/7
243 194 793 294 5. Liebelei
396 259 902 326 „
362 509 813 589 Ausschnitt aus:
1092 600 1280 649 AeTe ADN
372 613 534 674 vom:
545 621 905 727 K
460 687 1199 784 Neues Pestel Jeurkal
510 783 1472 876 * (Wiener Hofschauspieler im Budapester
398 821 1438 917 Theater.) Mil denmnlrichen Schauspfer
394 896 1433 960 „Ofebelei“ vexabschiedeten sich heute die Wiener
397 929 1436 1006 Gaste von ihrem Budapester Publikum, dem sie die
392 997 1420 1056 Charwochg hindurch fünf genußreiche Abende be¬
391 1044 1428 1101 reiteten. In diesem auf wienerisches Empfinden ge¬
399 1080 1436 1136 stimmten Stück waren es namentlich die Darstel¬
386 1133 1439 1208 lerinen der beiden „süßen Mädel“ die der Auffüh¬
391 1190 1441 1253 rung hochragenden künstlerischen Geschmack beizu¬
396 1242 1429 1308 mengen verstanden. Die sentimentale Christine des
394 1267 1468 1364 Frl. Manen war seelenvolle Innerlichkeit und die g
390 1330 1430 1402 lebenslustige, fesche Mizzi des Frl. Kutschera
388 1372 1435 1447 verrieth in all ihren psychologisch und schauspielerisch
379 1427 1437 1501 sein verarbeiteten Details nicht nur bestes Können,
384 1484 1418 1548 sondern auch eine Alles umfassende Beobachtungs¬
386 1523 1432 1590 gabe. In den reichen Applaus, mit dem die beiden
384 1577 1428 1650 Künstlerinen bedacht wurden, durften sich auch die
385 1618 1434 1715 Darsteller der Hauptrollen, die Herren Höbsing“
394 1686 1378 1758 Zeska und Baumgartner redlich theiley.
493 1723 1013 1810 & Am Mat###gl.########.
1106 1730 1240 1810 Stnbshenahenk
678 2540 964 2639 -BAPR 1917
475 2586 618 2645 vem:
550 2621 1002 2683 esenunce ummm
555 2684 1219 2770 Pester Lloyd, Budapest
441 2769 1561 2881 Theater Kucst und Tileratur.
1154 2852 1590 2911 Budapest, 7. April.
511 2864 1612 2954 (Büdapest####hrafer.) Unter den herzlichsten
441 2911 1620 3007 Avationen verabschlrsich sichheute die Mitglieder des Wiener
466 2987 1615 3044 Opfburgtheaters un urttr Schpitlers „Liebelei“ einer
514 3026 1610 3081 rstellung, die durch die schlechtergleichliche Kunst
532 3061 1615 3124 rig Mayens in der Rolle der Christine die werwvollste
529 3129 1630 3176 schönste des ganzen Genspiels genannt werden muß. Wir
470 3163 1616 3217 hern uns nicht, Ausbrüche des Schmerzes und Entsetzens,
471 3199 1624 3265 #e sie der Mayen heute im letzten Alte gelangen, je mit der
446 3241 1612 3295 Reichen herzergreifenden Eindringlichkeit von der Bühne berab
441 3290 1619 3349 ##hört zu haben. Auch der Weiring des Herrn Baumgariner
439 3334 1627 3387 nkr von dieser tiefen inneren Weihe der Persönlichkeit getragen.
435 3374 1619 3430 Aben dem eleganten, doch etwas schwer zupackenden Herrn
440 3424 1619 3468 Föbling, dem flotten Theödor Kaiser Zeskas und
450 3454 1616 3521 Seydelmanns fremden Herrn, sei noch besonders der Mizzi
447 3512 1614 3555 Schlager des Fräuleins Kutschera lobend gedacht. Der Bei¬
457 3555 1614 3613 fall, der den Künstlern heute erklang, erreichte bisweilen einen
445 3587 1153 3669 ganz seltenen Grad herzlicher Wärme:
632 3627 1570 3707 #. P###talichen Oueenbant nielt man Ostermant
1812 327 2156 393 cUr
2091 341 2468 414 —
2279 398 2502 442 Muisie ## rscher)
2902 397 3069 466 MNe
1980 401 2490 495 I.APR 1917 —
2759 431 3012 479 AR
1798 447 1953 500 vom:
1949 479 2312 539 AKNENHTTANA
2480 555 3033 660 Henes Wiener Jrurnat Wirr
1951 655 3120 716 * Aus Budapest wird uns gemeldet: Auch in diesem
1820 697 3113 767 Jahre hat ein Burgtheaterensemble die Karwoche
1836 747 3105 825 zu einem Gastspielausflug hieher benutzt und in einer Reihe von
1837 786 3114 889 Vorstellungen im Budapester Theater große künstlerische Erfolge
1833 844 3106 923 eingeheimst. Das Gastspiel begann mit Halbes „Jugend“ brachte
2968 876 3114 955 „Die
1835 891 2960 967 dann im weiteren Verlauf unter anderem „Renaissance“
1838 939 3099 1021 versunkene Glocke“ und schloß am Tage vor Ostern mit „Liebelei“
1840 972 3112 1065 ab. Der letzte Abend brachte den stärksten Erfolg. Der „Pester
1841 1027 3105 1107 Lloyd“ faßt die Eindrücke in folgende Kritik zusammen: Unter
1836 1068 3114 1166 den herzlichsten Ovationen verabschiedeten, die Mitglieder des
1840 1128 3112 1217 Wiener Hofburgtheaters in Artux Schuit###s „Liebelei" einer
1834 1166 3113 1256 Vorstellung, die durch die schlechtweg unvergleichliche Kunst Maria;
1837 1251 3106 1313 Mayens in der Rolle der Christine die wertvollste und
1841 1269 3114 1367 schönste des ganzen Gastspiels genannt werden muß. Wir erinnern
1843 1329 3112 1410 uns nicht, Ausbrüche des Schmerzes und Entsetzens, wie sie der
1842 1392 3105 1453 Mayen heute im letzten Akte gelangen, je mit der gleichen herz¬
1840 1442 3124 1507 ergreifenden Eindringlichkeit von der Bühne herab gehört zu
1847 1479 3120 1558 haben. Auch der Weiring des Herrn Baumgartner, war
1841 1523 3126 1596 von dieser tiefen inneren Weihe der Persönlichkeit getragen. Neben,
1840 1573 3132 1654 dem eleganten, doch etwas schwer zupackenden Herrn Höbling,
1841 1624 3111 1714 dem flotten Theodor Kaiser Zeskas und Seydelmanns
1855 1660 3133 1753 fremden Herrn sei noch besonders der „Mizzi Schlager des
1852 1720 2732 1820 Fräuleins Kutschera lebend gedacht.+)
1975 1877 2522 1964 Stockholm, St. Peleisenig.
1984 1940 2573 2030 (Ogellenangabe ohne- Gewähr.).
2154 1973 2608 2075 nstri
1909 2012 2172 2105 mitt aus:
1919 2089 2126 2173 PRIS
2406 2074 2710 2177 G
2020 2148 2764 2314 rager lagplat, Prag
1982 2262 2903 2362 V— AnnaExnst, deren seines Künstlertum
1918 2325 2907 2392 mc jüngst in Vortragsjaal schätzen lernte, hat
1930 2386 2911 2448 gestern zum eisten Mal) dig Büchhe des Neuen
1925 2433 2899 2485 deutschen Thegterz „beit# zbei Rollen, die
1919 2477 2910 2533 trotz ihrer AlesensRrschiedenheit doch innerlich
1921 2523 2892 2567 manchen Berührungspunkt aufweisen. Goethes
1918 2551 2910 2626 Marianne in den „Geschwistern“ hat, ungeachtet
1914 2605 2894 2672 des gewaltigen Höhenunterschiedes zwischen Wei¬
1917 2656 2898 2709 mar und dem Wien Schnitzlers, manche Zartheit
1919 2707 2891 2761 des Gefühls mit Christine gemein, und für diese
1915 2729 2893 2801 keusche Zartheit hat Fräulein Ernst echte und
1918 2784 2910 2840 rührende Töne. Den Stil von Gocthes Jugend##
1918 2838 2891 2888 werk traf sie mit sicherem Instinkt. Die gedämpfie“
1915 2868 2889 2926 Leidenschaft, die sich in den schwungvollen und doch
1917 2917 2893 2975 gemessenen Worten dieses vornehmen Dialogs ver¬
1914 2959 2903 3021 birgt, brachte sie in edler Sprache und mit einer
1921 3001 2898 3066 sparsamen und doch packenden Mimik wirksam zur
1924 3045 2902 3105 Geltung. In der „Liebelei“ war sie eine andere
1920 3088 2904 3144 und doch, in ihrer Echtheit, dieselbe. Dem Typus
1921 3136 2884 3189 des unglücklichen, sentimentalen Mädchens ge¬
1909 3172 2897 3227 wann sie neue Züge ab. Zu Beginn voll verhalte¬
1910 3227 2896 3284 ner Empfindung, ließ sie in den Angenblicken
1907 3265 2899 3321 dramatischer Hochsvannung den Afselt stark und
1909 3293 2892 3360 frei hinströmen, und ihr Schrei, in dem sich Liebe'
1921 3352 2894 3412 und Angst mischte, ergriff und erschütterte. Man
1918 3391 2885 3447 weiß nun, daß Fräulein Ernst nicht nur eine fein¬
1919 3437 2885 3494 geistige Künstlerin des Wories, sondern auch eine
1922 3464 2895 3536 dramatische Begabung an Kraft und Eigenart ist.
1917 3525 2897 3578 In den „Geschwistern“ waren ihr die Herren
1927 3569 2895 3613 Mühlberg und Koch gute Partner, die sich
1920 3605 2898 3677 sichtlich um den Goetheschen Tonfall mühten, in
1909 3650 2898 3709 der „Liebelei“ hatten, teils in Rollen, in denen
1927 3686 2892 3760 man sie bereits kennt, teils zum ersten Mal, die
1923 3741 2894 3799 derren Fiser, Faber, Huttig, die Da¬
1959 3788 2891 3840 n Kovacs und Klein Anteil an dem Erfold
1989 3825 2906 3906 Aufführung, der sich im stürmischen Beifall
2011 3877 2616 3941 ahlreichen Publikums sundgab.
2750 3872 2893 3951 St.
