3484 4320
442 181 828 250 Liebelei
283 181 1399 287 3. box 12/1
1173 1032 1533 1118 Telephon 12.691.
647 1157 1369 1230 „UDSERTER
462 1219 1584 1309 I. öaterr. behördl. konz. Unternohmen für Zeitungs-Ausschaltte
661 1281 1391 1353 Wien, I., Concordiaplatz 4.
862 1338 1192 1408 Vertretungen
460 1367 1579 1458 In Berlin, Basel, Budapest, Chicago, Cleveland, Christianta,
465 1430 1585 1485 Genf, Kopenhagen, London, Madrid, Mailand, Minnenpolts,
461 1477 1581 1536 New-Vork, Paris, Rom, San Francisco, Stockholm, St. Prtam¬
876 1515 1189 1573 burg, Toronto.
784 1552 1242 1618 (Gredienangabe chas 4—ähr.
460 1609 1338 1716 Ausschnitt aufieuo Mueikzeitung,
458 1701 1087 1777 vom: 1.t MNL. 3011
462 1815 667 1861 44. 6.
414 1825 1607 1932 „im Opernhaus litt der Spielplan gewiß nicht an Tin¬
331 1853 1610 1983 F Mörmigkeit, sehr fleißig wird nach wie vor unter Lohses Ober¬
394 1925 1621 2028 leitung gearbeitet, aber hüssichtlich der Novitäten ist man
398 1969 1618 2059 etwas rückständig, und wenn mit einer Neuheit anderen
391 2004 1615 2103 Bühnen zuvorgekommen wird, dann ist sie leider nicht selten
390 2049 1609 2144 auch danach. Sehr verdienstlich war es, daß Lohse uns Ing¬
387 2077 1615 2165 welde brachte, obschon die Zeit für dieses in der Struktur
379 2124 1617 2224 vom Wagnerschen Musikdrama stark abhängige Werk schon
388 2168 1615 2258 ctwas rüber ist. Die schöne, edle Musik von Schmlings zu
381 2189 1610 2302 hören, ist zweifellos ein hoher Genuß, wenn die Dichtung
369 2249 1596 2327 auch fatale Mängel besitzt, die den Genuß trüben. Die hiesige
378 2290 1610 2365 Aufführung mit den in der Rolle der Ingweide alternierenden
363 2313 1602 2412 Danien Gussdlentes und Iolj. mit ##sselser und W#nckelshaff
366 2363 1619 2442 ist bewundernswert, Schillings stellte sich einmal selbst an die
362 2406 1604 2485 Spitze unseres Orchesters, das nicht oft seinesgleichen findet,
372 2442 1612 2539 und wurde sehr gefeiert. Neumanns „Liebelei“ vermochte
356 2481 1592 2557 hier ebenfalls nicht durchzuschlagen und festen Fuß zu fassen.
357 2514 1610 2618 trotz vortrefflicher Darstellung. Sein Orchester weis jn viel
353 2554 1600 2641 PPikantes. Geistreiches, Lustiges, auch Stimmmungsvolle mit¬
358 2602 1594 2692 unter zwar auch nur Rührseliges zu erzählen, aber die Idec,
360 2639 1597 2730 das fast unverkürzte Sehitzlersche Schauspiel in oder auch
369 2671 1584 2775 unter Musik zu SetzenWo ist denn der Stoppel¬
357 2716 1608 2808 zicher“ und „Donnerwetter, das Konversationslexikon“ nicht
357 2750 1595 2850 ausgeschlossen, ist doch etwas schnurrig. Als dri e Novität
361 2796 1577 2887 bescherte man uns — es war die Fraufführung für Deutsch¬
353 2830 549 2884 land —
546 2841 1584 2933 #e Pornes „Girondisten“, ein Spektakelstück mit
356 2880 1587 2962 Geschützdonner und -nusik, eine theatralisch sehr wirksame
340 2912 1582 3004 Folge teilweise blutrünstiger Szenen, aber mit einer selbst
347 2950 1573 3052 orchestral nicht einmal fesselnden musikalischen Illustration,
348 2998 1569 3095 so daß die mit riesigem Pomp ausgestattete Oper sic ent¬
336 3040 1538 3110 hält auch das Fest der Wiedergeburt auf dem Bastilleplatz
340 3080 1565 3166 die Hoffnung der Bühmnenleitung keineswegs erfüllt hat, in
345 3107 1575 3185 den „Girondisten“ ein Zugstück zu gewinnen wie vor Jahren
342 3149 1565 3244 in de Laras „Messalina“. Und sie ist deshalb nicht zu be¬
337 3195 1582 3273 klagen. Warum führt sie so etwas auf? Wohl keine undere
333 3229 1568 3327 deutsche Bühne zeigi sich französischen Autoren so gefällig
341 3274 1575 3360 wie die unsere. Ehret Lure deutschen Meister! Im übrigen
340 3308 1567 3406 stehen die Leistungen unserer Oper aut ragender Hohe, und
334 3352 1558 3438 die durch Remonds Ausscheidlen akut gewordene Telden¬
330 3395 1564 3488 tenorfrage hat durch das Engagement eneruskus, der nicht
332 3429 1566 3510 nur ein ganz hervorragender Wagnersänger ist, sondern auch
330 3459 1564 3576 in rein sangeskünstlerischen Aufgaben höchst Wertvolles
319 3499 1378 3586 leistet, die denkbar beste Lösung gefunden.
1229 3571 1544 3656 Karl Wolff.
2728 1372 2995 1440 Fipnoe 12.7##
2916 1419 3085 1473 —.—
2182 1472 2856 1591 ODSERTER
1963 1525 3069 1659 1 österr. behördl. konz. Unternehmen für Zeltungs-Ausschallte
2144 1582 2884 1701 Wien, I., Concordlaplatz 4.
2350 1658 2668 1734 Vertretungen
1948 1679 3056 1818 in Berlin, Basel, Budapest, Chicago, Cleveland, Christlapha.
1950 1714 3049 1849 Oenf, Kopenhagen, London, Madrid, Mailand, Minneapolls.
1939 1755 3051 1891 New-Vork, Paris. Rom, San Francisco, Stockholm. St. Petere¬
2341 1822 2636 1896 burg. Toronto
2263 1869 2705 1938 Geelienangebe chne e.wan.
1934 1903 2386 2002 Ausschnitt aus:
2468 1986 2977 2110 Die Musik, Dorlin
1928 2005 2741 2167 S
2350 2160 2541 2221 OPER
1973 2212 2923 2329 PEntis: Komische Oper. Die Ereiaugt
2030 2258 2922 2343 D führung der Oper „Liebelei“ von Franz
1993 2294 2922 2379 Neumann war ein verfehltes Experiment. Arthur
1969 2330 2920 2427 Schnitzlers hübscher Dreiakter verliert durch
1995 2372 2921 2459 Erne-mesikaliecte Einkleidung jede dramatische
1989 2409 2934 2512 Kraft Ein Stück, dessen Wirkung auf der
1994 2457 2922 2543 schnellen Folge der Szenen beruht, ein Novellen¬
2008 2490 2940 2596 stoff, der in füssiger, unterhaltender Dialogform!
2000 2538 2932 2624 dramatisiert worden ist, wird als Opernlibretto
2007 2574 2931 2657 niemals brauchbar sein. Neumann beschränkte
2014 2598 2944 2712 sich deshalb darauf, zu dem Drama einfach eine
2020 2645 2941 2748 illustrierende Musik zu schreiben. Ein endloses
2014 2688 2945 2776 Rezitativ, dessen Dürftigkeit auf die Zuhörer
2014 2716 2956 2826 beinahe lähmend wirkt. Ein Parlandostil Puceini¬
2022 2744 2963 2865 scher Richtung. Aber ohne dessen musiklische
2019 2803 2963 2897 Kraft. Einige wenige Motive schleppen sich
2024 2846 2967 2937 durch die drei Akte als Leitgedanken Sie sollen
2035 2884 2953 2990 den Wiener Lokalton treffen, zeigen aber ein
2042 2908 2975 3026 nur allzu bekanntes Gesicht. Die Einleitung
2029 2968 2956 3073 zum dritten Akt ist für die ganze Oper be¬
2038 3015 2962 3103 zeichnend. Eine Kapellmeistermusik, die Aller¬
2047 3032 2973 3145 weltsgedanken immer von neuem wieder auf
2040 3089 2979 3178 tischt, ein Musizieren ohne Ziel und Kraft. Die
2052 3122 2985 3220 Aufführung mit Maria Labia und Jean Nadolo¬
2060 3160 2983 3258 witsch in den Hauptrollen verlief recht glücklich.
2051 3203 2987 3304 Auch Direktor Hans Gregor hatte sich mit der
2059 3230 2996 3331 Einstudierung der Oper, die er als letzte in
2055 3286 2989 3366 Berlin in Szene gesetzt hat, große Mühe ge¬
2059 3318 3002 3411 geben. Aber trotz aller Sorgfalt, die die Regie
2060 3360 2988 3462 zeigtewird dem Werk nur ein kurzes Leben
2491 3398 2968 3495 Georg Schunemanb.-
2044 3437 2417 3507 #besthieden sein.
