3484 4256
8 1930 78 1976 sten.
11 1968 76 2011 #t e
24 1036 88 1084 ige
8 1076 89 1120 Min
-10 1113 90 1160 ehen
6 1150 88 1193 Akt
11 1184 88 1231 Br
10 1219 67 1267 er
243 153 328 236 5.
381 161 769 229 Liebelei
869 131 1363 252 box 13/8
340 188 789 266 n   ne ede en 1.
239 862 1436 915 brach sichtlich! im Eisenbahnkoupee gegenübersitzt, der seine Veine,
1437 874 2358 930 von Anfang bis zu Ende gegessen wird; in denen
235 881 501 952 wo.f nur die
511 906 1437 966 nicht ruhig halten kann. Jetzt hat er den Nachbar
1433 906 2354 981 kein Wort anders als mit vollen Backen gesprochen
245 923 506 984 igen, daß der
516 932 1421 976 zur Linken getreten — letzt den Nachbar zur Rech¬
1431 943 2376 1005 wird. In Kissingen kannst Du jedes Jahr Dutzende
267 963 504 1021 I rieche. Ein
515 973 1429 1030 teu — nu wird doch auch bald der Tritt gegen un¬
1425 980 2361 1035 von modernen Mimen mit total verkorckstem Magen
231 1002 505 1055 en konnte, da
504 1005 1243 1062 ssere Hosenbeine komnen. Man sitzt
1293 1014 1434 1068 wenn
1432 1020 2347 1072 herumlaufen sehen. Warum? Ich will Dir's
236 1040 505 1091 #r, wir einen
511 1040 1422 1105 ich so sagen darf — mi erwartungsvollen Schien¬
1436 1064 2359 1115 sagen: Erster Akt — Kaffee mit Kuchen; zweiter
239 1072 514 1131 n. Nicht nur
517 1076 1433 1137 beinen da. Was dann geschieht, pflegt Sache des
1435 1096 2322 1144 Akt — Wurst, Brot, Vier, Braten; dritter Akt —
238 1112 507 1163 ung, sondern
504 1126 1426 1181 Temperaments zu sein. Einige treten wieder.
1430 1134 2359 1194 Schnaps; vierter Alt — Sekt, Austern, Huhn resv.
248 1151 509 1201 gethieren nur
509 1158 1432 1209 Einige steigen an der nächsten Station um. An¬
1437 1169 2343 1233 die seine Stelle vertretende Bisquittäuschung: fünf¬
257 1187 508 1245 — das Pferd
505 1180 1420 1257 dere putzen ruhig das Hosenbein ab und lesen wei¬
1437 1206 2339 1263 ter Akt — Gift. Das halte der Teufel aus! Und
251 1222 500 1278 nAutomobile
508 1221 1421 1308 ter in ihrem Engelhorn. Wie gesagt, es ist Tem¬
1421 1244 2353 1302 die Wirkung auf das Publikum? Ekelhaft! Ent¬
241 1268 508 1323 hre des homo
500 1266 816 1327 peramentssache.
1438 1283 2356 1332 weder man hat vor dem Theater gegessen und sitzt
592 1309 1427 1362 Und zudem, ich fühle mich schuldig. Auch ich
1438 1320 2356 1386 satt in seinem Parlettfessel, so erzeugt diese vor den
227 1326 504 1409 egte mir, ob
510 1342 1436 1402 hatte hier und da einem der braven Männer, die
1432 1357 2353 1421 Augen sich abspielende fortgesetzte Esserei Mißbe¬
500 1387 1434 1438 mit „Dramatischem“ handeln, wie andere brabe !
238 1385 494 1436 ar, um mich
1427 1392 2348 1442 hagen und Ueberdruß. Oder man hat nicht ge¬
236 1422 502 1476 Inenmon übel
505 1410 1419 1476 Männer mit Holländer Käse oder täglich frischen
1427 1431 2345 1496 gessen, so fangen die Gedärme an zu revoltiren,
236 1456 495 1510 karpinsel am
504 1444 1427 1499 Trinkeiern, den Titel „Herr“ gegeben, eine An¬
1430 1461 2353 1524 das Hungergefühl wird wild und unerträglich. Ich
506 1497 1419 1553 rede, in der Sudermann den entsetzlichen Hohn ent¬
240 1492 499 1563 vahrscheinlich.
1429 1501 2345 1566 habe einen Freund und Kollegen, der mir gestanden
503 1525 1418 1582 menschter Henkersknechte heraushört; auch ich hatte
1418 1523 2353 1608 hat: er hat noch von keinem modernen Stück
506 1563 1426 1629 dem Einen oder dem Anderen, der jede Gelegenheit
247 1553 501 1627 r Ichneumon
1424 1570 2352 1637 den letzten Akt gesehen. Von Keinem! Spätestens
506 1599 1416 1655 benutzt, um mit seinen Tantiemen zu protzen und
247 1609 496 1678 eine Krallen
1424 1620 2350 1670 im dritten Akt hat ihm das ewige Gefutter da vorn
508 1640 1424 1699 der die Muse vergewaltigt, sobald er im Jen das
1421 1660 2344 1729 einen solchen Appetit gemacht, daß er schleunigst
500 1683 1419 1735 Seinige verloren, den Oelkranz versagt; auch ich
254 1664 500 1741 wieder ein.
1421 1690 1839 1752 zum Abendessen geht.“
505 1711 1421 1773 hatte aus Liebe zu den Großen, und Achlung für
230 1715 499 1794 die eines Ich¬
1510 1712 1995 1780 „Das könnte man ja —
507 1755 1425 1816 die Ehrlichen den kleinen Machern zuweilen auf ihre
1518 1768 2340 1822 „Als Kur gebrauchen? Wird auch. Ich bin
506 1793 1427 1838 flinken haarigen Händchen geklopft, wenn sie an¬
257 1785 500 1848 nickte Ado¬
1418 1788 2345 1855 befreundet mit einem Spezialarzt für Magenkrank¬
510 1831 1426 1889 fangen zu zaubern: Ich nehme also hier einen
252 1833 495 1903 zurückziehen
1433 1843 2344 1901 heiten im Westen. Der Kerl ist erst fünf Jahre in
499 1860 1425 1914 Lappen, in den sich schon drei Generationen ge¬
1436 1880 2349 1943 Berlin und hat einen Zulauf, wie der Schäfer Ast.
501 1904 1422 1965 schnenzt haben, geflickt und schmutzig, wie Sie
235 1894 493 1962 nd kam ohne
1423 1916 2349 1979 Und Bombenerfolge. Er hat mir einmal seinen
497 1946 1426 1986 sehen, meine Herrschaften — und ich sage hocus
245 1950 494 2005 in der That
1431 1956 2341 2018 Trie in einer feuchten Stunde verrathen. Er ver¬
565 1985 1423 2034 pocus — dialocus — und Sie werden sofort
242 1979 497 2053 sch Wunsch zu
1426 1993 2344 2048 schreibt seinen Patienten ganz harmloses Zeug —
502 2012 1418 2066 ein wundervolles Kunstwerk— Gold und Elfen¬
1418 2036 2344 2076 Lakritzwasser und so was Schönes. Und „neben¬
494 2046 1420 2102 bein — aus dem Lappen kommen sehen — und
1424 2060 1541 2115 bei“
230 2044 499 2116 Ichneumon.
1563 2073 2341 2122 - bitte die Nuance zu bemerken — nebenbei
501 2093 1430 2157 Alles ohne Präparation, ohne doppelten Boden...
247 2107 492 2156 nlange ver¬
1428 2108 2352 2163 räth er ihnen, ein Abonnement im „Deutschen
582 2136 1420 2204 „Ich werde dagegen schreiben“, sagte Adolar.
357 2135 494 2189 heraus
1430 2134 2346 2199 Theater“ zu nehmen. Er dringt sogar darauf.
579 2163 843 2218 „Polemisch?“
367 2176 500 2232 mehr
1424 2179 2345 2238 Nach ganz kurzer Zeit haben die Leute Abends
579 2195 1411 2262 „Sachlich. Du weißt, ich habe keinen Grund
1430 2215 2351 2277 einen Hunger — unter uns: Munddiebstähle
492 2224 1415 2314 mich aufsuregen. Meine Kritiken kann er nicht
387 2231 502 2302 iders
1424 2254 2339 2326 sollen schon vorgekommen sein in den Korri¬
499 2275 826 2342 gemeint haben —
411 2289 493 2337 hat
1429 2284 1994 2350 deren in der Schumannstraße.“
578 2309 1413 2390 Weil er sie gewiß so wenig gelesen hat, wie
417 2329 494 2375 der
1519 2322 2078 2387 „Na, erlaube mal, aber jeht
2168 2316 2338 2387 Monna
493 2346 921 2409 ich, dachte ich bei mir.
402 2355 495 2415 an
1418 2356 2342 2437 Banna ... die ausgehungerte Stadt ... und
400 2402 487 2448 ies¬
584 2392 1419 2469 „Deshalb bin ich, so scheint mir, der Be¬
1425 2386 2023 2462 kein Bissen wird gegessen darin.“
500 2418 665 2488 rufene.“
375 2439 477 2489 schied
1498 2427 2351 2506 „Aber, Kurzsichtiger, vom Essen geredet
584 2451 1419 2536 Aus irgend einem Grunde schien ihm das
1423 2455 2339 2539 wird doch in einem fort. Von nichts Anderem wird
491 2492 716 2561 immer so.
1430 2522 2339 2573 geredet. Und der Haupteffekt ist: daß beim zwei¬
572 2529 1412 2601 „Ich werde mich auch nicht zum Vertheidiger
322 2538 490 2600 Adolar
1424 2556 2337 2617 ten Aktschluß Hunderte von Wagen des Verräthers
491 2563 1409 2654 der Kollegen aufwerfen. Ich werde ihm vielmehr
305 2591 483 2642 ewohnheit
1417 2582 2357 2647 Prineivalli in die vor Hunger fiebernde Stadt
497 2621 1073 2677 auf anderem Boden begegnen.“
274 2627 486 2680 Rauchtisch
1425 2630 2338 2681 fahren mit Fleisch, mit Obst, mit Gemüse. Min¬
583 2642 1410 2711 Adolar machte eine Kunstpause, in der er
233 2659 489 2713 und mit den
1423 2669 2349 2735 destens zwanzig Patienten meines Doktors sind!
496 2675 1406 2748 meine Rauchutensilien zum siebenten oder achten
1426 2699 2002 2752 jeden Abend in Monna Vanna.“
228 2699 487 2767 räthselhaften
484 2720 1420 2780 Male aufmerksam überzählte. Das Resultat schien
1504 2742 2337 2798 „Es ist wahr", bestätige ich mich besinnend,
494 2767 1417 2827 nicht von den früheren Ergebnissen abzuweichen.
221 2762 472 2828 ürdiges In¬
1429 2786 2340 2847 „ich habe nach der Première zweimal Huhn mit
484 2810 1410 2866 1 Er nickte befriedigt mit dem Kopf und fuhr fort:
1420 2810 1710 2873 Reis gegessen.“
236 2807 477 2867 binnen. Su¬
568 2855 1418 2900 „Ich werde meinen Aufsatz, oder besser, die
273 2848 480 2906 war das?
1511 2834 2339 2911 „Siehst Du wohl!“ triumphirte Adolar. „Aber
495 2872 1416 2948 Serie meiner Artikel nennen: Die Verrohung in
230 2892 476 2954 sch kaum zu¬
1416 2894 2330 2950 zu Wichtigerm. Früher ließ man die eigene Zeit,
492 2911 782 2978 der Dramatik.“
1420 2934 2330 2986 die eigene Umgebung in Ruhe. Ein Prinz von
571 2936 1359 3028 „Ach! Und was wirst Du darin sagen?“
221 2959 315 3022 n?“
1420 2966 2333 3020 Dänemark, ein Prinz von Guastalla — schön, sie
337 2959 480 3026 forschte
571 3004 1193 3062 „Viel und sehr Merkwürdiges.“
1424 3005 2327 3064 interessiren uns; aber sie stehen uns doch räumlich
226 3008 304 3062 mit
299 3012 485 3072 leise be¬
565 3025 969 3081 „Ich bin überzeugt.“
1421 3048 2334 3098 und zeitlich eben fern genug. Wir können bei
218 3042 481 3102 n Zündholz=
569 3054 1406 3112 „Ich werde zunächst die Erniedrigung berüh¬
1422 3079 2332 3138 Shakespeare bis zu siebzehn Leichen an einem
221 3082 483 3149 men: „Eins,
487 3108 1418 3169 ren, zu der die dramatische Kunst bei Wahl der
1415 3110 2339 3176 Abend sehn. Denn ihre Körver sind in farbigen
307 3123 435 3178 fünf —
482 3148 1403 3196 Stimmungsmittel gelangt ist. Ein Beispiel: Es
1411 3148 2334 3211 Sammt und bunte Seide gekleidet, in Gewänder,
233 3159 421 3221 g in der
479 3183 1405 3241 wurde auch im klassischen Drama wohl mal ein
229 3195 301 3252 gt?
1414 3188 2332 3250 die unsere Zeit nicht kennt. Wir wissen, daß diese
478 3215 1404 3279 Becher gereicht. Aber er war dann von Gold und
1413 3231 2339 3284 Zeit längst todt ist, und wenn nun auf der Bühne
234 3229 477 3302 jener merk¬
479 3257 1404 3317 man erfuhr, daß er mit edelstem Weine gefüllt
1411 3260 2337 3323 die Menschen sterben, so geschieht ihnen nichts
233 3269 475 3337 man sich be¬
479 3290 1408 3348 war. Heute — regiert die Kaffeekanne, der Milch¬
1410 3302 2338 3361 Neues, nichts Unvermuthetes. Aber im modernen
220 3325 2333 3393 rvösen Mann 1 topf, die Zuckerdose. Ich kenne Stücke, in denen! Stück?! Ein junger Mensch im tadellosen Sacco¬
2358 870 3298 949 Anzug, ein flotter Großstädter von heute, hat eine
2362 922 3294 986 Liebelei mit einem lieben Wiener Mädel und eine
2363 956 3284 1021 verheirathete Weltdame hat er zur Geliebten. Der
2353 1010 3287 1059 ann der Weltdame — gestern hat er noch mit
2365 1034 3286 1100 ihm in der Theaterloge gesessen — kommt dahinter
2368 1071 3291 1140 und erschießt den armen Kerl im Duell. Ja, ich
2355 1115 3273 1177 bitte Dich, das muß doch ein paar Dutzend junge
2361 1157 3287 1216 Männer in einem modernen Zuschauerraum höchst
2350 1177 3286 1255 peinlich berühren. Da hört doch das Spiel auf.
2359 1221 3283 1269 snd da fängt die Rohheit an. Das ist ja geradezu
2355 1261 3278 1321 Zins Denunzation. Eine Dame meiner Bekannt¬
2349 1299 3286 1365 Cchaft hat nach der Première der „Liebelei“einen
2357 1328 3276 1398 Abschiedsbrief an ihren Freund geschrieben und ist
2354 1367 3273 1433 mit ihrem Manne an den Garda=See gefahren.“
2434 1415 3284 1468 Ich hatte den Eindruck, daß Adolar dem Adres¬
2354 1448 3300 1523 saten jenes Abschiedsbriefes sehr nahe stand; aber,
2352 1489 2810 1545 ich unterbrach ihn nicht.
2437 1514 3285 1583 „Und dann“ — et redete sich in Wuth „gelst
2356 1533 3202 1620 Du in's Theater, um Rösselsprünge zu lösen?“
2432 1593 3278 1663 Ich verneinte wahrheitsgetreu. Und ich fügte
2364 1625 3285 1693 hinzu, daß ich Rösselsprüngen schon als Kinz nur
2351 1670 3281 1744 an trostlosen Regentagen ein flüchtiges Interesse
2362 1707 2733 1765 abgewinnen konnte.
2440 1728 3273 1811 „Kein Mensch geht in's Theater, um Rössel¬
2352 1770 3270 1835 sprünge zu lösen. Aber ich bitte Dich: die Hälfte
2366 1828 3272 1876 aller unserer modernen Dramen endigt mit einem
2365 1857 3281 1919 Fragezeichen, mit einem Räthsel, mit einem Rössel¬
2356 1902 3274 1963 sorung. Das ältere Drama räumte säuberlich auf:
2355 1937 3271 2002 Mord oder Heirath. Man sprang im letzten Alt
2366 1974 3284 2023 mit gleichen Füssen in die Ehe oder in's Grab.
2352 2012 3280 2062 Es gab zu allen Zeiten Menschen, die lieber sterben,
2349 2049 3273 2105 als — —Na ja. Aber so oder so, es war ein
2350 2074 2525 2127 Ende.
2521 2084 3278 2154 Heute — in din seltensten Fällen der
2350 2115 3282 2188 Pistolenschuß hinter der Scene. Ein resignirtes
2348 2154 3274 2216 Auseinandergehen oder ein zuversichtliches „Labore¬
2346 2197 3267 2257 mus!“ Was wird aus „ihm?“ was wird aus
2431 2222 2478 2257 20
2356 2237 3272 2284 „ihr?“ In solcher Belastung der Zuschauer mit
2348 2263 3277 2334 ungelösten Fragen sehe ich eine der wesentlichsten
2347 2303 3278 2369 Verrohungen der modernen Dramatik. Nora be¬
2344 2341 2986 2395 gann damit. Sie läuft fort — —
2976 2346 3269 2403 Schluß, Ende.
2349 2375 3284 2437 Pohin? Was wird sie? Telephondame? Masseuse?
2360 2419 3273 2476 Lnzerungerin? Zahnärztin? Man hat das Ge¬
2346 2450 3278 2522 fühl, man kann ihr jeden Tag in der Elektrischen
2350 2489 3266 2555 gegenübersitzen, ohne sie zu erkennen. Einen blin¬
2350 2531 3270 2596 den Greis auf der Hälfte einer Treppe stehen zu
2339 2570 3268 2628 lassen — das wird als Rohheit empfunden. Aber
2344 2606 3265 2668 ein ganzes Publikum eine weite Strecke mitzufüh¬
2346 2637 3273 2713 ren und dann die Lichter auszudrehen — das gilt
2349 2680 2869 2738 als modernster Theatertrie.“
2425 2711 3200 2769 Adolar haite sich in jenen schönen Zorn g
2343 2755 3272 2797 redet, der ihm gut zu Gesicht stand. Aber sein
2347 2796 3275 2849 Redestrom ward dann gefährlich. Ihn zu hemmen
2347 2829 3273 2888 habe ich ein sehr einfaches Mittel ersonnen. Ich
2340 2866 3272 2933 frage ganz plötzlich, so ungefähr an den Anfang
2346 2903 3267 2965 unserer Unterredung anknüpfend mit todternstem
2341 2941 3267 2998 Gesicht etwas maßlos Dummes. Das wirkt dann
2340 2980 3258 3050 wie eine plötzliche Erdrosselung seiner schweifenden
2343 3015 2528 3073 Redelust.
2413 3040 3268 3106 Und da er gerade wieder anfängt: „Eine der
2340 3084 3269 3146 scheußlichsten Rohheiten aber, und das soll nicht
2332 3123 2695 3181 vergessen werden —
2778 3126 3268 3184 unterbreche ich ihn. Und
2340 3167 3261 3218 lief' und feierlich in seine Augen blickend frage ich:
2427 3208 3265 3264 „Adolar, glaubst Du, daß ein Ichneumon die
2342 3238 3268 3311 faulen Krokodileier lieber aussäuft, oder die
2332 3264 2512 3339 frischen?
3052 3283 3259 3364 R. P.
