3484 4224
536 189 911 260 Liebelei
1066 188 1512 275 box 10/3
367 187 942 307 5. L
609 975 872 1049 Dirabn.“
1440 998 2331 1084 Raih Türpit brachte dab Hoch auf Sei Ginzent
490 1000 1412 1070 Proehle und Goltze sind vom 1. Februar ab
1439 1054 1739 1121 den Kaiser aus.
497 1059 1423 1124 definitiv zu Polizeilieutenants bei dem hiesigen
497 1104 975 1179 Polizeipräsidium ernannt.
1511 1112 2363 1185 as. Aus Weimar wird die Stiftung einer
618 1125 1420 1196 Der Militairattaché bei der russischen Bot¬
1446 1163 2358 1222 vielklassigen Medaille berichtet, welche Se. königl.
500 1184 1416 1228 schaft zu Paris, Generallieutenant Baron von
1437 1210 2353 1266 Hoheit der Großherzog vollzogen hat und welche
498 1212 1420 1283 Frédéricks, ist gestern auf der Durchreise von
1445 1319 2353 1383 der Vater der im Innersten eines treuen Gemüthes
655 1330 1277 1421 Theater und Musik.
1441 1363 2357 1411 von der Liebe ersaßten Christine, der Violinspieler
1434 1407 2368 1471 Weiring, ruhig auseinander, daß er es für unrecht
579 1401 1434 1461 ct. Das Deutsche Theater brachte am Diens¬
1449 1452 2367 1491 und grausam halten würde, wenn ein junges, lebens¬
501 1448 1430 1499 tag das dreiaktige Schauspiel „Liebelei" von
1446 1487 2365 1545 frohes Mädchen sich jeden Genuß des Lebens ver¬
502 1479 1435 1541 Arthur Schnitzler zur Aufführung, nachdem das¬
1437 1517 2364 1585 sagen müßte, um verwellend und verdorrend den
507 1530 1424 1599 selbe schon in Wien mit Beifall aufgenommen
1454 1554 2366 1615 „Steumpfwirker“ zu erwarten der sie kurz vor
499 1565 1430 1626 worden. Die Vorzüge wie die Schwächen der
1442 1595 2372 1666 Thorschluß noch heimführt. Das hört sich leidlich
500 1610 1424 1655 Bühnendichtung, die wir augenblicklich als die
1437 1645 2373 1699 an. Aber wie dann, wenn das junge Weib, wie
510 1644 1432 1703 modernste bezeichnen müssen, treten kaum an einem
1451 1686 1864 1742 Alfred de Musset sagt,
506 1687 1430 1738 anderen Stück aus neuerer Zeit klarer zu Tage.
1565 1696 2370 1784 porte un amour à fond, comme une
508 1727 1423 1782 Gesellschaftliche Typen, scharf umrissen und glücklich
1470 1748 1612 1826 lame
501 1764 1432 1805 kontrastirt, die psychologische Seite äußerst sorg¬
1550 1772 2364 1864 Torse, qu’on n’ôte plus du coeur sans
510 1801 1425 1861 fältig herausgearbeitet, Bemerkungen über Welt und
1483 1823 1759 1892 briser l’äme,
495 1839 1433 1894 Leben, die Eindruck machen, weniger ihrer Neuheit
1441 1854 2129 1926 und wenn sich dann die Frage erhebt:
508 1879 1432 1941 wegen, als weil man bisher auf dem Theater der¬
1554 1909 2359 1972 Si c’est alors qu'on peut la laisser, comme
505 1921 1436 1991 gleichen nicht so offen zu sagen pflegte, doch
1484 1949 1708 2017 un vienx
506 1960 1446 2007 immerhin auch nicht wenige Aperaus, welche
1557 1975 2258 2048 Soulier qui n’est plus bon à rien.
508 2006 1443 2060 gerade durch die Alltäglichkeit der Wendung
1526 2013 2354 2073 Christine wird nun nicht weggeworfen, weil ihr
510 2032 1431 2106 einen besonderen Eindruck der Wahrheit machen.
1438 2058 2361 2121 Liebhaber ihrer salt ist, sondern dieser hat neben ihr
497 2079 1430 2130 Dies, in kurzer Zusammenfassung, die Vor¬
1456 2101 2364 2167 noch eine andere Liebschaft mit einer Dame aus der
511 2123 1437 2171 züge der Gattung, zu welcher im vorliegen¬
1456 2143 2368 2196 „Gesellschaft“ und wird erschossen in dem Moment,
514 2155 1435 2208 den Falle noch eine gewisse anmuthige, aus der
1448 2188 2369 2237 da er anfängt, dem Herzen der treuen Christine Ge¬
513 2192 1433 2261 seineren Novellistik stammende Diskretion der Be¬
1450 2223 2367 2269 rechtigkeit widerfahren zu lassen. Das ist von Be¬
507 2237 1426 2294 handlung hinzutritt. Im ersten Akt treffen wir
1445 2265 2366 2316 deutung für die theatralische Komposition, das Pro¬
504 2270 1441 2330 zwei jugendliche Liebespaare oder vielmehr zwei
1442 2293 2375 2358 blem bleibt dasselbe. Christi#e geht unter, weil
506 2312 1428 2368 liebelnde Paare. Das eine lebt,leichtsinnig und un¬
1444 2339 2368 2405 sie ihrem innersten Wesen nach ein Verhältniß ernst
506 2348 1441 2406 bekümmert in den Tag hinein und beantwortet die
1458 2379 2371 2433 nehmen muß, das von der anderen Seite als bloßer
509 2395 1440 2457 Frage der Liebe ungefähr in der Weise Chamforts,
1452 2419 2369 2472 Zeitvertreib betrachtet wird. Der Haupteinwand,
504 2435 1428 2485 wornach Das, was die Engel Himmelsfreud' nennen,
1456 2460 2363 2513 der gegen Schnitzlers Arbeit erhoben werden könnte,
503 2464 1438 2529 und die Teufel Höllenleid, für die Menschen nichts
1458 2502 2365 2559 bestünde kurz darin, daß sie keine dramatische im
504 2509 1443 2560 weiter wäre als l’échange de deux fantaisies et
1453 2538 2369 2587 bisher gültigen Sinne des Wortes ist. Sie hat
509 2551 1439 2606 le contact de deux épidermes. Bei Theodor und
1458 2577 2372 2633 keine Handlung, keine Steigerung, keine Willens¬
516 2590 1444 2650 seiner Mizi sitzt das Leben und alle seine Em¬
1451 2613 2379 2689 spannung nach einem bestimmten Ziele. Diese Menschen
518 2628 1445 2690 pfindungen unmittelbar unter der Epidermis. Für
1463 2657 2377 2711 greifen nicht ins Leben ein, sondern das Leben
512 2660 1447 2728 sie giebt es keine Tragik. Wohl aber bekommen
1461 2695 2369 2752 spielt sich in ihnen ab, wie das Schaukeln eines
521 2707 1440 2761 wir von dem zweiten Liebespaar gleich den Eindruck,
1448 2746 2372 2795 Baches, der zwischen seinen engen Ufern dahinrinnt.
523 2743 1439 2800 daß ihr Inneres wesenhaft genug ist, um fest erfaßt
1445 2773 2375 2832 Das, was sie sprechen, tönt auch nicht unmittelbar
517 2783 1437 2842 zu werden von dem Griff der Schuld und des Ver¬
1452 2816 2396 2861 aus diesem Leben heraus, es ist mehr eine Kopf¬
513 2820 1439 2872 hängnisses. Schuld ist hier nicht gemeint im Sinne
1457 2858 2369 2908 stimme, welche die aus dem Unbewußtsein auftauchen¬
522 2865 1449 2915 des Katechismus. Es ist einer der Vorzüge, den
1456 2892 2375 2948 den Erscheinungen mit Reflexionen begleitet. Keine
526 2902 1448 2955 Arthur Schnitzler z. B. vor Max Halbe voraus
1459 2938 2371 2982 Durchdringung von Verstand und Gemüth, sondern
525 2949 1446 2994 hat, daß die Moral seines Milieu einfach
1459 2958 2383 3022 ein sich selbst überlassenes Gemüthsleben, bei dem
525 2986 1446 3043 die in jenem bestimmten Gesellschaftskreis
1448 2999 2381 3058 der Verstand den thatlosen Zuschauer bildet. Ohne
531 3025 1452 3082 thatsächlich geltende ist und keine propagan¬
530 3046 2379 3129 distische Tendenzen verräth. Im zweiten Akt setzt! Zweifel ist damit ein guter Theil der modernen Ge¬
1070 3186 1237 3307 ∆
303 3249 1130 3356 ErMorGA
2418 999 2554 1060 26 15
2377 1021 3296 1092 über, welcher Mindestbetrag des Grundkapitals fur
2372 1087 3291 1133 die Zulassung von Aktien zum Handel an den ein¬
2372 1120 3291 1171 zelnen Börsen maßgebend sein soll, sowie über den
2358 1160 3291 1211 Mindestbetrag der einzelnen Stücke der zum Handel
2371 1198 3286 1245 an der Börse zugelassenen Werthpapiere liegt dem
2379 1306 3278 1362 sellschaft richtig geschildert; ob dies Bild ein er¬
2382 1352 3296 1409 freuliches genannt werden kann, bleibe dahingestellt.
2381 1391 3289 1440 Der Deutsche, von dem der Welteroberer den Ein¬
3098 1426 3290 1481 voilà un
2383 1435 2962 1482 druck erhielt, daß er ein Mann
2374 1475 3290 1540 homme! — dachte sich die Menschen, an denen er
2373 1513 2917 1582 Freude haben konnte, anders:
2613 1540 2972 1612 „Feiger Gedanken
2601 1591 3034 1651 Bängliches Schwanken
2608 1637 3006 1688 Wendet kein Elend,
2604 1672 3011 1734 Macht dich nicht frei.
2602 1718 2958 1769 Allen Gewalten
2616 1739 3091 1817 Zum Trutz sich zu halten,
2606 1789 2938 1847 Rufet die Arme
2605 1811 2980 1895 Der Götter herbei.“
2451 1856 3287 1932 Wir glauben das Moderne auch zu verstehen,
2382 1926 3292 1974 aber wir sind altmodisch — mit der Zeit altmodisch
2382 1959 3297 2025 geworden —, wir bleiben bei Goethe. Wolfgang
2382 2006 2543 2063 Apollo!
2442 2028 3297 2100 Für eine ganz realistische, aber diskret und
2379 2101 3316 2135 fein durchgearbeitete Darstellung ist das Deutsche
2387 2129 3305 2178 Theater fraglos die vornehmste Bühne deutscher
2392 2162 3300 2215 Zunge. Dies bewährte sich sowohl in „Liebelei“,
2376 2200 3306 2258 wie in dem voraufgegangenen Kleistschen „Der
2925 2236 3048 2297 Es i
3081 2242 3298 2294 unmöglich,
2382 2240 2793 2306 zerbrochene Kri
2382 2287 3305 2341 hier jedes Verdienst gebührend hervorzuheben,
2386 2316 3307 2371 wir hätten bei jedem Namen, den der
2386 2360 3302 2418 Theaterzettel aufweist, Lobendes zu erwähnen.
2379 2400 3301 2455 In „Liebelei“ sind die schauspielerisch am
2392 2451 3306 2490 meisten und ernstesten hervortretenden Personen:
2384 2481 3298 2530 Christine und ihr Vater. In diesen beiden Rollen
2388 2491 3329 2570 zeigten sich Herr Reicher und Frau Sorma so
2386 2554 3303 2614 gemüthswahr, so fein gegen einander abgestimmt und
2385 2592 3309 2654 in der Oekonomie der Darstellungsmittel so diskret
2392 2634 3318 2688 und kunstverständig, daß dieses Spiel wohl unüber¬
2392 2673 3311 2722 trefflich genannt werden darf. Im „Zerbrochenen
2376 2711 3320 2771 Krug“ war die Leistung des Hrn. Hermann Müller
2387 2769 3315 2811 als Dorfrichter Adam eine hervorragende. Daneben
2387 2796 3311 2855 möchten wir mit besonderer Anerkennung noch Hrn.
2395 2837 3314 2888 Max Reinhardt als Gerichtsrath Walter und
2396 2873 3304 2922 Frl. Helene Staglé als Eve erwähnen. Frl.
2390 2908 3304 2984 Staglé ist ein ungewöhnliches Talent für natur¬
2398 2948 2698 3019 frische Realistik.
3299 999 3431 1080 Oler.
3305 1056 3433 1107 gebaut
3306 1095 3407 1140 Ein
3302 1129 3434 1188 Lasten
3389 1197 3438 1271 in
3319 1246 3424 1300 stellt,
3317 1288 3434 1339 hatten
3310 1370 3365 1413 ei
3305 1407 3430 1453 Land
3307 1442 3434 1498 Static
3300 1482 3449 1550 alte I
3320 1524 3421 1574 Weg
3380 1558 3436 1614 em
3326 2044 3430 2091 ein J
3303 2079 3448 2136 Kolon
3313 2122 3442 2170 Kolon
3309 2161 3441 2224 Erwei
3335 2279 3409 2335 schen
3334 2318 3402 2361 loni
3292 2348 3438 2410 stische
3319 2514 3386 2569 M
3318 2834 3444 2976 Gu
3320 3025 3449 3105 ruff
