3484 4256
831 154 1268 249 box 13/1
292 163 673 235 Liebelei
295 222 709 274 —
310 697 979 774 M.
1049 716 1349 783 N0 neneeenen
330 792 1347 882 ARGUS SUISSE ET INTERNATIONALI
529 847 1115 902 DE LA PRESSE S. 4.
455 898 1195 953 23. rue du Rhöne — Genéve
315 921 1330 1003 Adr. télégr.: Coupure-Genèue — Téléph. 41.005
307 1026 1339 1107 Bureau International de coupures de journaux
449 1096 1213 1143 Traductions de et en toutes langu:
333 1187 1313 1254 Correspondants dans toutes les grandes villes
619 1258 1260 1426 gelt Uiret Bidl. vore
308 1326 684 1390 Extrait du Jourm
301 1424 517 1479 Adresse:
910 1380 1304 1497 24 N0U. 129
236 1542 417 1675 J
433 1794 955 1876 Berner Stadttheater
228 1844 1163 1922 Neubesetzungen in den Kammer¬
576 1901 813 1970 spielen
227 1938 1179 2019 M. Die Wiederaufnahme der beiden Einakter
215 1993 1175 2067 „Der Kammersänger“ von Wedekind und
215 2043 1185 2106 „Literatur“ von Schnitzler in den Spielplan
215 2077 1186 2148 der neuen Saison rechtfertigt sich durchaus; denn
197 2128 1189 2189 ##am Schluß der letzten Spielzeit waren sie in ihrer
204 2163 1189 2232 Pub.ikumswirkung noch keineswegs erschöpft, das
213 2217 1193 2279 bewies der lebhafte Besuch am Freitag abend in
209 2248 1186 2317 der Aula des Neuen Gymnasiums. Uns führte,
208 2295 1186 2368 über den wiederholten Anlaß hinaus, das Inter¬
200 2338 1194 2401 lesse für die Neubesetzungen einiger Hauptrollen
214 2381 1188 2454 in die Aufführung; als Gewinn verzeichnen wir
205 2421 1192 2494 dankbar zwei sehr beschwingte Wiedergaben (un¬
212 2465 1197 2539 ter der Spielleitung von Carl Weiß) und einige
225 2512 1150 2585 vorzügliche Leistungen der Hauptrollenträger.
252 2554 1189 2629 Ulrich Folkmar spielte mit wacher Intelligenz
219 2597 1195 2673 und auffallender Gestaltungskraft den illusions¬
220 2642 1197 2717 losen Kammersänger, dessen wertvolle Zeit ver¬
223 2685 1202 2770 rinnt, während er schwärmende Backfische abwim¬
225 2722 1203 2798 melt, hoffnungslosen Komponisten den Star sticht
221 2779 1202 2843 und die Liebe einer Frau zerpflückt. Vortrefflich
229 2814 1199 2891 war bei ihm die Mischung von fast zynischer Ge¬
229 2856 1212 2928 schäftskälte und wahren Schmerzenstönen über
232 2890 1207 2984 ein verkauftes Eigenleben. Die grenzenlos, bis
242 2943 1199 3022 zur Selbstaufgabe ernüchterte Geliebte spielte
220 2992 1204 3072 Margrit Weiler mit starker Leidenschaft; ihre
231 3029 1204 3107 wie Folkmars Mittel schienen in diesen Nollen
228 3081 1038 3178 so glücklich wie möglich eingesetzt zu sein.
270 3124 1202 3185 Thekla Ahrens war im Schnitzlerschen Ein¬
232 3158 1218 3227 akter, der ja wesentlich geringeres Gewicht hat
234 3201 1214 3270 als Wedekinds Charakterstudie, das zwischen
239 3249 1215 3326 sicherer Bürgerlichkeit und etwas schmieriger Bo¬
244 3287 1209 3381 heme schwankende Weibchen, hirnkokett und blut¬
248 3333 1220 3420 schlau, am Ende doch die zuverlässigere Offerte
245 3391 1218 3452 wählend — nämlich die des Barons, den Gustav
249 3426 1204 3507 Pichler mit spielerischer Ueberlegenheit im öster¬
249 3474 1217 3541 reichischen Ton an der Grenze zwischen Grazie
236 3517 1212 3613 und Trottelhaftigkeit ganz entzückend verkör¬
241 3585 405 3662 perte.
2610 553 2862 614 .
1856 561 2499 635 4
1916 658 2829 764 Argus Suisse et international de la Presse 8. A.
2070 735 2693 802 23, Rue du Rhöne - GENEVE
1897 787 2807 877 Adr. télégr.: Coupures-Genéve — Tél. 44.005
1896 859 2853 941 Bureau International de coupures de journaux.
2006 924 2779 984 Traductions de et en toutes langues.
1913 1031 2855 1124 Correspondants dans toutes les grandes villes
1854 1155 2290 1228 Extrait du journal:
2300 1146 2785 1300 Kcprichren oter
2123 1226 2276 1311 SIER
2472 1232 2665 1326 6.1929
1861 1266 2089 1328 Adresse:
2323 1278 2382 1346 1
1847 1362 2033 1427 Date:
2103 1465 2344 1556 Basel.
1699 1551 2746 1635 Theater= und Konzertab ad des Kaufmännischen Vereins.
1762 1607 2746 1672 Am Donnerstag veranstaltete der Kaufmän¬
1758 1642 2749 1713 ische Verein (Literarische und Orchestersektion)
1716 1673 2754 1735 ingan Saal der Mustermesse einen wohlgelungenen
1717 1732 2760 1774 Theater= und Konzertabend, zu dem sich ein
1712 1774 2753 1823 großes Publikum eingefunden hatte. Die Orchestersektion
1720 1815 2761 1858 sunter ihrem Leiter, Herrn A. Windi, brachte zwei Sin¬
1714 1844 2750 1890 fonien, die eine von Haydn (Nr 85, La Reine) und die
1719 1889 2756 1939 andere von Mozart (Nr. 38 in B-dur), zwei durchweg
1717 1917 2750 1975 auf heiteren Charakter eingestellte Werke, deren graziöse
1713 1953 2751 2000 Heiterkeit und beschwingte Anmut von den strebsamen
1708 2008 2769 2046 Mitgliedern dieses ansehnlichen Orchesters mit viel Kön¬
1713 2036 2774 2092 nen vorgetragen wurden. Die literarische Sektion brachte
1713 2072 2757 2128 zwei dramatische Werke „Die letzten Masken“ von
1712 2104 2764 2159 Schnitzler und den ausgelassenen Einakter „Die Taube in
1721 2141 2759 2194 der Hand—von Kurt Goetz. Das erstere, auf tragischen
1718 2176 2753 2232 Tan eingestellte, in seiner psychologischen Idee mit echt
1712 2219 2770 2277 Schnitzlerischem Feingefühl ersonnene Werk von dem tod¬
1712 2268 2764 2313 kranken, im Spital liegenden Journalisten Rademacher,
1707 2306 2763 2347 der seinen Feind Weihgast zum letztenmal sehen möchte,
1722 2332 2754 2397 um ihm gründlich seinen Haß zu erklären, dann aber als
1722 2383 2765 2429 dieser kommt, in Anbetracht von dessen Ruhe, Freund¬
1724 2428 2757 2461 lichkeit und last not least in der Erkenntnis der Gleich¬
1716 2458 2763 2510 gültigkeit der beiderseitigen Schicksale kein Wort mehr
1712 2494 2764 2540 herausbringt, war, wenn man die Schwierigkeit der Rol¬
1723 2530 2760 2577 len in Betracht zieht. die oft nicht einmal Berufsbüh¬
1725 2580 2763 2618 nen zu meistern verstehen, ganz vortrefflich zur Geltung
1718 2610 2762 2661 gebracht. An erster Stelle mag der Darsteller der Haupt¬
1722 2650 2772 2698 figur Edwin Kubli) genannt sein, der dem Rademacher
1718 2679 2779 2733 ein sehr starkes und glaubhaftes Relief verlieh, nament¬
1713 2736 2769 2774 lich in der Dynamisierung der psychologischen Linie. Da¬
1714 2752 2763 2799 neben war der Alex Weihgast durch Otto Müller in sei¬
1724 2790 2770 2843 ner vornehm=ruhigen und überlegenen Art nicht minder
1720 2842 2771 2885 eindrucksvoll gestaltet. Eine vorzügliche Charakterstudie
1718 2870 2763 2935 bot I. Manta als Schauspieler Jackwerth und in kleine¬
1713 2907 2765 2961 ren Rollen (Arzt und Warterin) gefielen Ernst Siefert
1725 2960 2771 3012 und Reli Biedermann. — Das zweite Stück war ganz
1725 2981 2769 3041 auf den heitern und lustigen Ton eingestellt und er¬
1711 3017 2775 3085 zielte durch frisches Tempo große Heiterkeit. Es ist ja bei
1732 3061 2771 3118 uns schon bekannt, dieses übers Kreuz liebende Frauen¬
1728 3095 2769 3164 und Männerquartett, das den Kern dieses Stückchens ab¬
1728 3141 2761 3200 gibt. Vorzüglich war wiederum die Abstimmung der
1720 3175 2778 3220 verschiedenartigen Gestalten; die Alice der Elisabeth
1714 3213 2765 3278 Schäublin, der Valthasar des I Manta und ihnen gegen¬
1727 3255 2769 3296 über das lustig gegebene Paar Beatrice (Alice Gysin)
1724 3293 2773 3337 und Adolar (Adrian Friedrich). Beide Stücke waren in
1716 3333 2782 3388 der Spielkeitung von Ed. Heß (Stadttheater) sehr soig¬
1723 3374 2067 3442 niert vorbereitet.
