3484 4256
2 1055 88 1132 lise.
-3 1108 74 1156 det,
-12 1128 92 1214 gestel
-2 1299 90 1346 beda
-9 1330 81 1383 Con
-10 1451 73 1492 em
-2 1486 62 1531 itzt
-9 1522 77 1565 räce
3 1557 92 1617 ichm
-13 1596 77 1642 zu
1 1627 87 1680 blich
-9 1667 89 1718 Versa
4 1707 81 1752 und
-3 1741 91 1791 Fre
5 1791 93 1864 ele
-3 2073 88 2123 Auch
1 2295 84 2345 olleg
-9 2334 79 2379 iger
0 2369 86 2418 ehlt,
-10 2409 79 2453 g ein
-9 2439 85 2488 rdin
-9 2482 78 2531 gro
6 2522 65 2562 de,
28 2853 80 2888 jan
495 184 852 259 Liebelei
321 183 1452 296 5.  box 10/3
865 824 1609 874 Ktl onder cinsguns und Hof'geromnten
502 846 1281 901 icht minder sei zu bedenken, daß im Privatkl
278 884 362 945 ende
401 896 489 955 elten
511 898 1241 946 der Meineid eine große Rolle spiele. Redi
1524 889 1678 963 eihe
1519 934 1610 989 ge¬
256 942 1242 988 hmit von Zahlen mit, aus denen sich eine bedeuten
1494 971 1622 1018 tund
235 976 1250 1018 mlungfährlichen Körperverletzungen für die letzten sechs
1485 1006 1620 1055 dieses
240 1011 360 1060 mnittels
488 1010 671 1059 itdaraus,
693 1007 1269 1064 daß es geboten erscheine, die
377 1046 1620 1090 Delikts der Staatsanwaltschaft zu überlassen. Die Vertreter
386 1076 1617 1130 Württembergs und Mecklenburgs schließen sich diesem
234 1073 373 1147 hlichen
381 1122 1601 1169 Wunsche an. — Abg. Münckel (fr. Vp.) beantragt, auch § 11 und 193
381 1138 1626 1218 des Preßgesetzes (sogenannte Berichtigungsparagraphen)
239 1142 370 1225 diesen
603 1191 1629 1238 einzubeziehen, also der Privalklage zuzuweisen.
383 1196 429 1236 in
383 1233 1632 1280 Abg. Lenzmann hofft, daß man auf dem von der Regierungvor¬
228 1218 369 1281 er er¬
385 1260 1616 1317 geschlagenen Wege zur Beseitigung des Anklagemonopols der
213 1270 363 1318 aftrath
383 1297 1619 1356 Staatsanwaltschaft kommen werde. Doch seien die von den Ver¬
213 1310 370 1365 Dwirth=
379 1348 1620 1389 tretern Vaierns, Württembergs und Mecklenburgs erhobenenBe¬
231 1348 367 1395 Inter¬
384 1380 1619 1424 denken wohl zu beachten. Abg. Stephan (Ctr.) bemängelt baß
220 1382 368 1433 begreif¬
384 1415 1622 1450 eine Reihe geringerer Delikte, wie z. B. Feld= und Forstfrevel, nicht
258 1413 371 1464 der
375 1453 1618 1503 in § 414 einbezogen sei. Des Weiteren bekämpft er den Antrag¬
226 1457 368 1504 klandes
385 1489 1620 1539 Munckel betrefsend Einbeziehung des Berichtigungsparagraphen¬
232 1494 369 1546 sondere
384 1526 1626 1564 Es sei nicht praktisch, für Erzwingung einer Berichtigung die
220 1531 358 1579 handelt.
225 1566 364 1621 abriken
384 1564 1616 1628 Privatklage einzuführen. Es käme darauf an, daß die Ve¬
282 1681 379 1752 die
731 1675 1252 1762 Deutsches Theater.
266 1735 371 1786 der
419 1741 1622 1804 Fr. M. Gestern wurde im Deutschen Theater das Schauspiel
225 1774 367 1827 lichen
381 1793 1629 1846 „Liebelei“ von Arthur Schnitzler zum ersten Malesauf¬
231 1817 361 1870 Blickes
382 1830 1620 1887 geführt, mit einem starken, warmen Erfolge; der Beifall war nach
241 1858 368 1917 einen
376 1874 1630 1928 dem zweiten Akte am lebhaftesten, im dritten kühlte man sichtan
253 1903 363 1949 noch
383 1919 1628 1971 einiger Moral etwas ab, war aber dem Verfasser für die lustige,
258 1941 362 1996 Auf
379 1958 1556 2011 rührende und auregende Stunde schließlich von Herzen dankbar.
259 1986 373 2040 von
432 1994 1627 2043 Dem neuen Stücke ging ein Musterwerk voraus, Kleists einziges
254 2024 368 2081 die
371 2040 1629 2095 Lustspiel „Der zerbrochene Krug“. Es hatte die Ehre, in zwei
246 2069 369 2122 von
378 2077 1637 2136 oder drei Auftritten noch recht munter gefunden zu werden; es hatte aber
221 2107 371 2165 ichsten
380 2132 1647 2176 am Ende doch nicht viel mehr als einen Achtungserfolg. Der arme Kleist!
219 2154 359 2207 hüttere,
385 2169 1620 2217 Von Literarhistorikern und von Primanern wird er täglich als
229 2195 362 2250 rotzige
385 2210 1628 2267 ein beruhigender Fall späten und gerechten Nachruhms gepriesen.
222 2236 368 2291 eckhorn
384 2252 1631 2305 Was thut es, wenn so ein Dichtersmann sich erschießt, weil er seinen
229 2279 370 2334 finster¬
380 2293 1620 2338 Hunger nach Lebensglück nicht auf anständige Weise stillen kann?
226 2320 364 2375 issenen
388 2334 1623 2396 Was thut's? Die Nachwelt flicht ihm Kränze, die Nachwelt
224 2364 367 2417 verragt
392 2378 1637 2433 widmet ihm ihre sogenannten Kunsttempel. Die Schriftsteller
223 2404 366 2459 herbild,
384 2430 1635 2480 der Nachwelt stampfen begeistert durch tiefen Schnee an sein Grab
222 2449 366 2497 ster am
379 2472 1635 2515 am Ufer des Wannsees, sie nehmen ihn zum Stoff für lyrische Ge¬
230 2489 369 2542 estalten
386 2496 1654 2561 dichte und Dramen; und wenn sie beides nicht mögen, so schreiben
233 2532 372 2586 er ihre
384 2542 1623 2604 sie gar ein begeistertes und gelehrtes Geschichtswerk über Heinrich
234 2570 298 2639 cht
390 2596 567 2651 v. Kleist.
267 2616 369 2669 ihre
442 2630 1627 2680 Und wenn der beste der Kleist=Biographen gar Direktor einer der
271 2650 375 2715 satt
393 2671 1626 2720 ersten Bühnen Deutschlands geworden ist, so hält er es für eine
266 2697 371 2755 diese
387 2708 1633 2772 Herzenssache, das herrliche Lustspiel seines tragischen Helden endlich
280 2739 374 2795 der
387 2757 1635 2814 zu Ehren zu bringen. Nur daß kaum drei Rollen gut zu besetzen
271 2777 377 2831 den
401 2795 1641 2850 waren, daß für das klassische Werk Kainz und Sorma, Reicher, Nissen“
229 2818 376 2879 st das
387 2832 1631 2899 und Rittner nicht zu finden waren, daß sonach einige Gestalten ganz¬
231 2861 369 2918 aber,
392 2869 1638 2946 provinzmäßig herauskommen mußten. Der arme Kleist! Doch der
224 2908 373 2963 Zweckes
396 2937 1314 2989 Lebende geht vor; Kleist mag bis morgen warten.
214 2952 370 3005 barsten
432 2951 1637 3024 Das Schauspiel „Liebelei“ hat seinen Erfolg verdient, wenn
231 2994 361 3052 nigen.“
386 3006 1637 3060 man ihn nicht höher schätzt als den Beifall, den ein Erzeugniß zier¬
255 3031 377 3092 auch
399 3052 1639 3107 lichen und geschmackvollen Kunsthandwerks zu erringen pflegt. Mir
249 3081 370 3135 nach
393 3090 1635 3143 ist die Unsicherheit Halbes, mir ist die bittere Künstlerschaft Hart¬
223 3118 380 3177 heidegg
391 3134 1647 3195 lebens lieber als die Blasirtheit Arthur Schnitzlers, von der man
404 3174 1646 3229 nicht weiß, ob sie die beiden jungen Herren des Schauspiels
394 3215 1642 3287 charakterisiren soll, oder ob sie den Verfasser charakterisirt. Die
310 3253 1654 3340 — Fabel läßt sich mit zwei Worten erzählen. Der Student Fritz hat
306 3304 382 3373 33
238 3351 358 3432 311p0T
970 3377 1228 3588 0
1966 774 3399 855 Trauelgast“ sind bereits angemeldet: Prinzessin Vera von Sofig
3211 837 3388 886 außer Ka
1972 845 3202 885 Württemberg, Tochter der Großfürstin Alexandra, die leidend
3214 870 3400 926 Andrang
1971 871 3202 926 und durch den Todesfall sehr schwer betroffen ist, Prinzessin Albrecht
3214 908 3390 954 den bei
1970 914 3204 962 von Preußen, Herzog Friedrich Ferdinand von Schleswig=Holstein¬
3225 942 3406 996 Stoilo
1970 948 3208 1006 Sonderburg=Glucksburg, der Fürst von Schaumburg=Lippe. Das
3213 983 3350 1028 Jubel
1973 995 3211 1041 Publikum wird wegen des beschränkten Raumes nicht zur Aufbahrung
3215 1017 3357 1083 partei
1967 1034 3205 1093 zugelassen. Das Theater wird auf vier Wochen geschlossen. Die
3221 1130 3392 1186 Statten,
1972 1145 3211 1189 eine Liebschaft, die ihn zu einem Duell zwingt und verpflichtet.
3218 1178 3391 1226 noch zu
1980 1186 3207 1241 Gerade da er die Katastrophe herannahen sieht, fängt er eine Liebelei
3217 1214 3406 1260 neue un
1977 1238 3214 1285 mit einem kleinen Mädchen an, mit Christine, der Tochter eines kleinen
3225 1249 3397 1299 großen
1977 1272 3210 1324 Musikers. Der Student wird im Duell erschossen, und Christine ist
3228 1289 3397 1339 Gebändes
1974 1313 3202 1369 darüber verzweifelt. Nimmt man dazu ein zweites Pärchen, das die
3216 1321 3411 1373 Die end
3220 1357 3408 1428 viereckige
1965 1352 3198 1404 Liebe weniger tragisch nimmt, so hat man die ganze Handlung,
3234 1398 3373 1446 Größe
1964 1403 3213 1456 die drei Akte ausfüllt. Es geht so wenig vor, daß man
3224 1437 3378 1486 gestellt,
1965 1440 3205 1498 oft Lust hätte, ungeduldig zu werden; aber man wird
3232 1469 3392 1522 sind die
1958 1480 3210 1535 nicht ungeduldig, weil der Verfasser mit raffinirter Technik
3227 1510 3388 1567 erfährt.
1964 1533 3215 1577 aus sehr viel Pausen, wenig Worten und einer gewissen
3228 1548 3391 1598 letzten #
1972 1572 3207 1619 sorglosen Anmuth immer wieder aufs Neue Stimmung zu erregen
3225 1583 3402 1633 legt und
1969 1608 3215 1659 weiß. Im ersten Akte herrscht der Uebermuth der Grisettenliebelei
3218 1621 3404 1674 nebst den
1962 1654 3216 1713 vor, in den zweiten und leersten bringt das Verhältniß zwischen
3220 1657 3400 1709 welche ei
3225 1692 3396 1744 von 169
1964 1693 3206 1746 Vater und Tochter einen neuen Ton, der dritte ist ganz Sorge und
3232 1732 3400 1782 hangfläch
1975 1730 3215 1786 Schmerz um den Todten. Von individueller Charakteristik ist, wenn
3227 1771 3402 1820 die Rau
1978 1774 3210 1830 man nur das Werk im Auge hat und nicht die Darstellung, gar keine Rede.
3224 1804 3403 1857 Kuppelsa
1967 1821 3212 1866 Einige Anläufe zu intimerer Lebenswahrheit haben einen recht brutalen
3230 1844 3402 1893 einander
1972 1855 3218 1911 Zug; so wenn mit den ewigen Zahnschmerzen der Mutter Scherz getrieben
3229 1875 3417 1928 Berlin
1978 1898 3217 1963 wird, als wenn „rhenmatische" Zahnschmerzen der alten. Frau nicht
3230 1917 3398 1965 geräumt.
1979 1951 3212 1996 auch noch weh thäten. Das Publikum lachte aber auch über so bedenk¬
3226 1957 3407 2006 Kunstg
1969 1983 3213 2033 liche Einfälle und kam wohl den ganzen Abend nicht zur Besinnung
3220 1993 3401 2042 folgen in
3225 2030 3373 2079 Zwei
1980 2026 3212 2083 darüber, ob es mehr mit den witzigen Feuilletons des frivolen oder
3218 2066 3395 2118 franzö
1975 2078 3213 2124 mit den ethischen Feuilletons des sentimentalen Liebespaars zu¬
3223 2106 3393 2152 rechts au
1980 2105 3213 2170 frieden war. Eine große dichterische Aufgabe vermißte es
3228 2139 3406 2190 wird sich
1974 2162 3209 2211 nicht. Und doch wollte es scheinen, als ob die ganze saubere
3218 2180 3402 2233 räume si
1978 2190 3211 2250 Arbeit trotz ihres nachgemachten Modestils doch hie und
3231 2215 3391 2268 zuerst die
1981 2238 3217 2298 da tiefere Empfindung verbärge als ob mitunter ein
3221 2250 3393 2304 Seces
1966 2274 3210 2337 großes schönes Dichterange aufblitzte, um alsbald wieder
3231 2291 3398 2340 in einem
3231 2326 3398 2375 treten di
1969 2335 3214 2377 zu verschwinden. Besonders der Musikus, der seiner Tochter jeden
3219 2366 3398 2420 Stutt
1972 2362 3210 2421 Fehltritt grundsätzlich zu verzeihen geneigt ist, hat sein Herz von
3217 2404 3400 2451 Säle vo
1966 2406 3212 2450 einem Poeten geschenkt erhalten, von Schnitzler oder von Anzengruber.
3229 2431 3403 2486 Künstler
2033 2447 3208 2497 Das neue Stück will vielleicht auch eine These beweisen; darauf
3222 2473 3401 2526 Ausstelln
1966 2497 3208 2542 möchte ich mich aber nicht einlassen. Die beiden Mädel gehören nach
3230 2512 3404 2570 sollen in
1969 2528 3209 2579 ihrem Charakter und auch nach ihrer äußeren Lebensführung zwei ver¬
3222 2553 3370 2599 bilden.
1976 2573 3216 2628 schiedenen Welten an; es ist einfach nicht wahr, daß man aus dem
3219 2589 3391 2648 eröffnen
1983 2618 3209 2675 Schicksal des braven armen Musikantentöchterchens die Lehre ziehen
3221 2627 3384 2685 großen
3230 2666 3372 2712 die in
1970 2654 3203 2715 müsse: also haben die Grisetten Recht. Es steht überhaupt schwach
3225 2697 3409 2750 einnehn
1969 2704 2726 2759 um die Moralbegründung der „Liebelei“.
3230 2741 3402 2789 bringend
2030 2752 3210 2800 Um so besser wurde gespielt. Man hatte ja beim Kleistschen Lust¬
3224 2773 3398 2826 Amerika,
1980 2785 3206 2837 spiel seine Kräfte gespart. Herr Reicher (als Musiker) und Frau
3227 2816 3400 2863 Hollar
1979 2835 3207 2885 Marie Meyer (Frau eines Wiener Strumpfwirkers) waren zwar
3224 2847 3391 2901 die Kun
1978 2861 3218 2923 Anfangs etwas theatralisch; aber selbst das machte guten Eindruck.
3229 2890 3405 2940 Eisenpald
1975 2917 3210 2969 Herr Jarno und Frau Schneider ließen als leichtsinniges Pärchen
3229 2926 3396 2976 es nur 5
3224 2964 3411 3010 Die Arch
1976 2952 3217 3011 nichts an Naturalismus vermissen; Herr Rittner spielte den Studenten
3232 2999 3405 3049 halle ver
1976 2998 3210 3055 Fritz einfach gut, und Frau Sorma war ergreifend, nur vielleicht
3225 3038 3394 3087 Aufnahn
1964 3039 2600 3105 etwas zu vornehm für ihre Rolle.
3231 3074 3409 3139 im Aus
2170 3123 3019 3199 Der Umbau des Eisenpalastes.
3218 3164 3406 3242 4. Jebra
2025 3195 3215 3245 Zur internationalen Kunstausstellung Berlin 1896 sind gegen¬
1977 3239 3381 3282 wärtig im Eisenpalast am Lehrter Bahnhof viele Hände fleißig bei I großes
1976 3270 3399 3341 der Arbeit. Die gelinde Witterung kommt dem Fortgang sehr zu Dr. ####
