3484 4128
834 30 1285 139 box 13/3
292 45 716 129 Liebelei
161 59 722 173 5 Sumn
184 910 312 975 nitte
380 926 554 1030 imer
1697 940 2869 1023 Daseinsinbrunst glühend, an dem Einfall Liebelei in Flammen
1701 992 2859 1072 loderte. Stürmisch und behutsam besprach und im Besprechen
902 974 1339 1103 Feuilleton.
1702 1045 2872 1111 bedachte er das Schicksal der Christine Weyring. Eine
1703 1104 2873 1162 Musikantentochter ist sie wie die Luise Miller. Das fällt mir
1710 1133 2877 1208 erst jetzt so recht wieder auf, da Hugo Thimig den alten
703 1143 1550 1238 Erinnerungen zur „Liebelei“.
1710 1182 2875 1260 Weyring meisterhaft spielt. Derselbe Hugo Thimig, dessen
789 1210 1465 1312 Theater in der Josefstadt.
1705 1233 2873 1301 Musikus Miller allen, die so glücklich waren, ihn zu sehen,
1707 1292 2876 1356 unvergeßbar bleibt. Arthur Schnitzler achtete dieser Parallelen
870 1286 1373 1391 Von Felix Salten.
1703 1329 2873 1404 gar nicht, dachte überhaupt keinen Moment literatenhaft,
1705 1387 2877 1441 sondern ließ seine Phantasie ins Lebendige, ins landschaftlich
625 1381 1703 1453 Während sie auf der Bühne den ersten Akt von
1709 1419 2873 1495 Wienerische, in das damals Gegenwärtige fliegen. Was
543 1444 1701 1510 „Liebelei“ spielen, wird ein Erinnerungsbild, das die Jahr¬
1711 1460 2870 1551 plante er nicht alles. Ein Volksstück in sechs oder
543 1483 1701 1561 zehnte verdrängt und zugeschüttet haben, wieder ganz frei,
1705 1503 2878 1579 sieben Bildern. Heinrich Schnitzler, der den Theodor mit so
551 1533 1701 1607 beginnt wieder lebendig zu sein. Als sei die Szene da oben,
1706 1560 2875 1636 ergreifender Noblesse gibt und der nun auf der Bühne
396 1557 536 1645 ach
551 1576 1703 1651 als sei die Wortfoige des Dialogs, die Bewegung der Figuren
1710 1607 2868 1676 steht, als sei er die lebendige Wiederholung des einstigen
548 1627 1707 1692 gleich einer Entwickleressenz hingeschüttet über Photoplatten,
1708 1647 2869 1719 Sekundararztes und gebornen Poeten Dr. Arthur Schnitzter,
554 1676 1706 1749 die das Gedächtnis mit so vielen, vielen anderen bewahrt.
1716 1697 2883 1766 der prachtvolle Sohn also muß im Nachlaß des prachtvollen
553 1712 1708 1791 „Liebelei.“ Das ist lange her. Denn Hugo v. Hofmannsthal
1710 1743 2883 1804 Vaters noch manches „Bild“ der ersten „Liebelei"=Entwürse
552 1777 1704 1836 hieß eben erst Loris, dann Theophil Morren und durfte
1714 1804 2883 1859 finden, etwa die Szene in der Tanzschule oder Aehnliches.
561 1812 1716 1892 seinen Namen nur als Dragonerfreiwilliger führen. Gustav
1794 1833 2880 1902 Dann aber kam der Frühlingsabend, der die paar
555 1857 1718 1938 Schwarzkopf wurde in seiner Skepsis verehrt, die das Leben
181 1791 547 1945 wischen den
1709 1884 2882 1950 Freunde im Zimmer des Dichters vereinigte. Verdunkelt war
549 1902 1711 1990 „durch scharfe Gläser“ betrachtete, Beer=Hofmann hatte sich
209 1927 554 2010 setzung.) Seite 7.
1707 1930 2869 2016 der Raum. Nur am Stehpult beleuchtete eine abgeblendete
555 1948 1702 2026 kaum erst herbeigelassen, seine erste Novelle zu schreiben, und
1709 1967 2880 2057 Lampe das Manuskript, aus dem Schnitzler zum erstenmal
551 2000 1706 2064 widmete sein großes Können dem Kult seltener Blumen, sein
1718 2028 2864 2096 die zu drei schlanken Akten geklärte und gereifte „Liebelei“.
552 2042 1711 2122 durchdringendes Wissen dem Finden und Verstehen edelster
1707 2069 2879 2150 las. Er war sehr schön, Arthur Schnitzler, und sehr aufgeregt,
204 2047 538 2173 tschaft.
559 2091 1706 2165 Werke. So lange ist das her. Jawohl. Und da sind zahllose
1707 2124 2885 2185 wenn auch beherrscht. Aber man merkte beides aus dem
568 2143 1714 2220 Zwiegespräche auf Waldspaziergängen oder spät Nachts in
1707 2166 2885 2235 tiefen, melodischen Klang seiner Stimme. Die stacke Erregt¬
567 2184 1717 2258 einsamer Kaffeehausnische. Liebelei! Ein Stoff, der in die
1707 2211 2877 2266 heit wie die Kraft der Selbstbeherrschung. Nach und nach
574 2228 1716 2308 Seele des jungen sinnenfrohen Arthur Schnitzler gefallen
1709 2258 2873 2322 aber merkte man weder das eine noch das andere oder ließ
551 2281 1721 2361 war. Ein Funke, der ihm Herz und Hirn entzündet hatte,
558 2309 2880 2401 daß der junge, schöne Mensch, froh und schwermütig zugleich, es eben nur so mitschwingen. Man wurde hingerissen von der
211 2266 528 2419 irtschaft“
551 2363 2878 2465 im Tiefsten aber von Musik und Liebe, von Wien und Einjachheit der Fabel, vom Zauber der Stimmungen, von der
431 2787 549 2859 iter¬
471 2879 544 2956 r.
445 2948 503 3003 ferd
482 2996 545 3046 ier
465 3038 534 3091 äch
497 3124 551 3173 n
476 3636 560 3721 Das
307 3645 405 3729 ne0h.
409 3714 573 3790 cht sagen
266 3714 365 3785 hnen
306 3770 593 3878 1 sagen. Bitte
312 3878 405 3941 Bewe
