3484 4224
454 152 807 225 iebelei
241 139 1390 260 5. Ligssser box 10/3
835 1014 1278 1109 mamw
319 1016 519 1115 DERE NESE
160 1071 3085 1165 er Wohl= gegangen und nun zu einem Entschlusse gelangt verwundert an; trotz aller äußeren Ruhe klang Augen zu ihm aufschlug, groß und leuchtend in
1261 1137 3020 1215 doch aus ihrem Tone spöttische Gereiztheit. Ehe goldigem Dunkel, da stockte ihm fast der Athem.
365 1150 1183 1219 sei: „Dann muß ich Sie bitten, sich zu setzen.“
157 1157 364 1212 mich nicht
2336 1147 3077 1245 ###s Wath färhte die zarte Wange des
1255 1184 1978 1253 er aber etwas erwidern konnte, nahme
399 1185 1271 1247 Sogleich erhob sich auch Gertrud, schob zwei
1256 1230 1987 1313 kron das Wort, der bis jetzt noch kein
360 1223 1258 1297 Gartensessel für die Herren zurecht und nahm
149 1226 364 1316 en Werth
2424 1218 2593 1324 39
1257 1283 1570 1345 sprochen hatte.
360 1283 1025 1351 dann stumm ihre Arbeit wieder auf.
1301 1300 1981 1380 „Sie thnn uns Unrecht, Fräulein
392 1303 1261 1381 Wie sonderbar dies Alles war! Rhoden warf
158 1306 373 1386 umspielte
1264 1353 1979 1414 sagte er gelassen, aber mit überzeuger
369 1354 1266 1427 seinem Freunde einen Blick des Erstannens zu,
163 1358 370 1428 nLipven
1969 1301 3101 1461 Max Karfunkel's Nachrichten-Bureau, Argus“
1262 1407 1974 1475 wollen. „Sie denken, daß uns nur di
362 1405 1264 1466 aber dieser betrachteje unverwandt die kleinen
154 1415 369 1474 rscheinlich
2036 1438 3040 1520 Berlin C., Poststrasse 29. Telephon V, 1227.
1257 1450 1980 1514 zu Ihnen geführt hat. Nein, mein
355 1454 1268 1518 Hände der jungen Stickerin, die schlanken Finger
163 1458 374 1516 rher, daß
1260 1495 1969 1558 Mein Freund ist durch Ihr Fräulein
357 1498 1273 1557 mit den rosigen Nägeln, die so flink die Nadel
144 1500 374 1567 be Herrn
2064 1493 2335 1577 London.
2411 1493 2765 1578 New-York.
2814 1500 3029 1577 Paris.
1270 1540 1982 1599 einem großen Verlust bewahrt gebliebt
368 1536 1270 1620 führten, so geschickt Blumen und Blätter auf den
157 1550 368 1602 nn er sich
1973 1560 3107 1643 (Liest alle Zeitungen der Welt und liefert aus denselben
1266 1579 1964 1641 Brieftasche befund sich ein Ring, ein
361 1575 1005 1655 glitzernden Stoff gezaubert hatten.
149 1590 361 1646 ebergefun¬
2164 1623 2910 1681 Ausschnitte über jeden Gegenstand.)
1255 1618 1979 1682 seine verstorbene Mutter. Den Verli
401 1627 1270 1689 Baron Rhoden hätte angesichts der Zurückhal¬
149 1634 375 1692 tigkeitsact
1257 1660 1977 1734 hätte er nicht verschmerzt. Aus Fre
151 1661 373 1739 Belieben
355 1656 1271 1736 tung der Damen sonst wohl sofort wieder das
1272 1701 1966 1762 bot mein Freund den Finderlohn, d
151 1721 362 1787 der Brief¬
355 1713 1278 1776 Haus verlassen; hier aber fühlte er sich sestgehal¬
1276 1740 1977 1817 wies ihn aber sogleich zurück. Vo¬
361 1745 1281 1822 ten, sein Inieresse war erregt, nicht nur durch die
2100 1758 3158 1906 dechn Wein
1266 1797 1957 1856 meindevorsteher erfuhren wir nun, d
367 1803 1280 1858 Schönheit Gertruds, sondern mehr noch durch die
144 1783 373 1863 Ate.“ Das
1266 1834 1978 1907 Gertrud Meynert nicht nur bei ihr
361 1846 1273 1907 Seltsamkeit im Verhalten ihrer Tante, der jedoch
156 1841 375 1908 fügen zu
1271 1890 1969 1943 beharrt — und gestatten Sie mir h
360 1892 1265 1947 eine gewisse Würde, j selbst Eleganz nicht abzu¬
160 1886 364 1960 esicht der
1264 1926 1969 1985 daf ich diese Weigerung begreife, da i
355 1926 1268 1984 sprechen war. Er mußte schon um des Freundes
2173 1945 3108 2066 Magdeburg. Ztg. Ce K
1266 1966 1964 2031 Anschanungen theile —, sondern #
368 1974 1277 2030 willen mehr vor den beiden Bewohnerinnen des
145 1958 370 2038 ugenblicke
1266 2016 1957 2085 ragte uns auch, daß Ihr Fräulein
361 2029 1277 2074 einsamen Hauses zu erfahren suchen. So legte er
156 2026 367 2082 ritten auf
1276 2054 1967 2134 lehnt, irgend welche Verfügung über d
371 2071 1272 2128 denn mit einer Verbeugung die Hand auf die
161 2065 372 2122 stand der
2672 2023 3036 2162 —
1264 2099 1609 2163 lohn zu treffen.“
360 2107 1273 2163 Leyne des Sessels und sagte: „Sie sind sehr
154 2107 372 2169 en geredet
1300 2123 1958 2215 Graf Landskron hielt ein wenig
155 2154 366 2225 unde vor
367 2142 1269 2205 freundlich, gnädige Frau, und wir nehmen gern
2325 2092 2708 2259 21FEB.96
1275 2181 1972 2250 warte er einen Einwurf, aber keine
365 2198 1274 2265 Ihre Güte an. Erlauben Sie indeß, daß wir uns
1271 2217 1936 2293 sagte ein Wort. Beide arbeiteten
364 2239 1062 2316 zuerst vorstellen. Mein Name ist —“
168 2214 372 2298 erstaunt,
1269 2273 1960 2332 nur die Taute warf einen prüfen
408 2266 1270 2333 „Nicht nöthig, mein Herr,“ unterbrach ihn das
156 2272 376 2358 issung er¬
1275 2313 1969 2386 Blick auf den Sprecher und schie
357 2328 1277 2379 ältere Fräulein Meynert. „Meine Nichte hat
154 2328 243 2386 n.
1274 2350 1957 2429 Musterung nicht unbefriedigt, wenig
163 2357 367 2432 Rhoden,
362 2359 1275 2425 mir ihr kleines Erlebniß von gestern mitgetheilt,
1273 2393 1971 2467 halb spöttische, halb verächtliche An
362 2415 1274 2463 und ihrer Beschreibung nach wußte ich, daß Sie
137 2398 363 2478 ten ließen,
1266 2450 1935 2501 Mienen ruhigem Ernste gewichen.
150 2449 372 2529 ber — ge¬
363 2449 1272 2507 Herr Baron Rhoden sind, und daß Ihr Begleiter
1277 2496 1957 2554 litz des jungen Mannes lag so sehr
369 2500 1274 2568 Herr Kronau ist. Und nun, bitte, was führt Sie
1266 2528 1964 2601 rechtlich=strengen Denkens, mit wah
362 2529 580 2620 zu uns?“
147 2521 365 2598 nerkte das
1271 2577 1958 2646 güte verbunden, daß eine Täuschung
400 2564 1279 2652 Der sonst so gewandte Weltmann war der ab¬
146 2587 372 2660 r Sprecher
1281 2624 1971 2679 Charakter fast unmöglich schien. Doc
363 2623 1272 2692 weisenden Sprache der Dame gegenüber fast
1270 2669 1953 2717 versuchte nicht wieder, das Wort zuse
134 2652 374 2735 cht zu er¬
369 2670 1281 2725 außer Fassung gerathen. „Gnädige Frau, Ihr
1279 2717 1966 2778 war nur seinerseits in der Betrachtun
362 2712 1274 2794 Fräulein Nichte —“ begann Rhoden, aber wieder
144 2710 369 2794 hoden fort,
1269 2753 2007 2806 schönen Mädchenantlitzes versunfen,
363 2758 833 2821 wurde er unterbrochen.
136 2765 322 2823 htung.“
1272 2781 2181 2856 er das edle Profil ansah, desto mehr begriff er den
416 2782 1277 2869 „Ich bin nicht verheirathet, und dies haben Sie
148 2802 379 2861 iermit ein
1272 2835 2188 2914 Eindruck, den dieses seltene Geschöpf auf seinen
380 2847 1274 2894 schon von dem Gemeindevorsteher erfahren.
136 2844 380 2908 Wem Gesicht
1271 2882 1732 2958 Freund ausgeübt hatte.
372 2890 1284 2945 Warum thun Sie also, als wüßten Sie es nicht?
154 2888 384 2956 sich geirrt.
2232 2813 3037 2994 Berliner Theaterbrief.
1320 2902 2182 2991 So sprach denn Herbert Landskron weiter:
362 2931 1278 3003 Mich kränkt's nicht, daß ich ledig bin. Herr
146 2939 383 2997 Ertrud hatte
1269 2957 2189 3033 „Wir waren über diese Ablehnung eben so erstatnt
372 2982 1281 3033 Zilling hat Ihnen Alles gesagt, was man über¬
154 2977 376 3039 ftig weiter,
2431 2970 2863 3065 (Nachdruck verboten.)
1277 3024 2189 3071 als betrüht. Weil wir uns aber gar keinen stäh¬
361 3017 1274 3086 haupt in Böckstein von uns weiß: daß wir vor
138 3003 371 3078 r nicht an¬
1281 3043 3091 3117 haltigen Grund für dieselbe denten konnten, kansen („Liebelet.“ „Der Thron seiner Väter“. „Un¬
372 3067 1270 3115 15 Jahren hierhergezogen sind, daß mein Bruder,
136 3067 369 3122 vidersprach
1274 3098 2182 3156 wir zu Ihnen versönlich hierher. Mein Freund
377 3086 1279 3162 Gertruds Vater, hier als Arzt thätig gewesen und
138 3108 382 3168 vermittelt:
2172 3087 3099 3180 treu“. „Fräulein Wittwe“. „Hotel zum Frei¬
1279 3147 2184 3209 wollte Sie nochmals bitten, doch selbst über die
373 3156 1278 3206 vor einem Jahre gestorben ist, daß dieses Häus¬
148 3154 385 3228 n Weg zu¬
2520 3148 2745 3233 hafen“.)
1284 3188 2066 3252 Verwendung dieser Summe zu bestimmen.“
369 3195 1278 3264 chen das Doctorhäuschen heißt und uns gehört.
1311 3200 3096 3271 Bei den letzten Worten hatte sich Herbert Lanss=] Die Tage der großen Theateraufregungen
145 3223 941 3298 e, sagte sie Was wünschen Sie also noch?“
162 3266 3102 3349 st zu Rathe] Der junge D#lomat sah Fräulein Meynert kron zu Gertrud gewendet, undtals sie jetzt die dürften für diesen Winter vorüber sein. Tenn
