3436 4224
11 2898 53 2950 14
15 3211 59 3264 n
16 3032 61 3080 84
974 172 1426 267 box 12/6
434 182 838 254 Liebelei
275 190 962 301 5. J Se
287 984 480 1074 richten
225 1051 307 1142 Tg.
1937 1175 3165 1238 steigt später, in der fugierten Einleitung zum zweiten Akt
776 1185 1930 1248 Daß Neumann das Schnitzlersche Schauspiel unangetastet
2010 1218 3159 1271 wo einmal das Fugenthema in der Umkehrung und zu¬
200 1222 440 1315 ksoper.
699 1232 1928 1307 gelassen hat, daß er es einfach so, wie es ist, in „Musik setzte“
2831 1257 2872 1297 #ti
1945 1268 3118 1322 gleich in der ursprunglichen Gestalt durchgeführt wird, —
765 1274 1934 1334 ungefähr in der Art, wie man irgend etwas in „Spiritus
1942 1302 3174 1364 empor zur meisterlichen Schilderung basenhafter Schwatz¬
903 1324 1925 1388 daß er vornehm und künstlerisch genug fühlte und
707 1335 839 1397 setzt“!
223 1340 514 1401 z Neumann.
1949 1344 3171 1405 haftigkeit, nachbarlichen Flüsterns und Tuschelns. Das kraft¬
712 1368 1933 1441 dachte, der eigentlichen „Bearbeitung“ sich zu enthalten, um
209 1375 564 1443 Arthur Schnitzler.
1944 1407 3177 1448 voll und sicher formende dramatische Talent Neumanns spricht
715 1407 1937 1465 mit dieser Enthaltsamkeit dem Stück selbst einen wirklichen
1940 1438 3175 1498 sich mit packender Wirkung in der al fresco gemalten Szene
204 1429 696 1505 veremmer Ereisstirs
704 1457 1925 1510 Liebesdienst zu erweisen: das hebt den also unternommenen
1952 1477 3176 1534 aus, in der „der fremde Herr“ bei dem jungen, wienerisch
193 1493 699 1545 belei“ wurde der be¬
707 1498 1941 1562 Versuch in den Lichtkreis eines allgemeineren und lebhafteren
1954 1524 3170 1574 leichtsinnigen Liebeleivirtuosen Fritz als tödlich strafender
189 1536 702 1606 Deren Hilfe ein abgerun¬
715 1543 1944 1607 Interesses empor, als es sonst wohl dergleichen operistischen
1946 1558 3175 1623 Rächer erscheint: Handlung und Musik vervielfältigen sich
206 1573 696 1631 rlei Unterstützung und
711 1587 1934 1647 Dramen=Umgestaltungen zugebilligt werden kann. Und wir
1948 1605 3177 1670 hier wechselseitig in ihrer dramatischen Kraft. Auch der
205 1619 704 1678 ürfendes Wortdrama in
710 1627 1941 1692 stellen des weiteren fest, wie sehr in diesem besonderen Fall
1951 1647 3175 1718 zweite Akt bringt mancherlei Schönes, ohne auf der Höhe
205 1663 705 1716 stört, um nicht zu sagen:
719 1678 1935 1734 die „Theorie“ wiederum durch die Tatsachen des Lebens sich
1959 1680 3183 1753 und auf dem Persönlichkeitsklang des ersten sich erhalten zu
221 1707 697 1770 tsich zunächst die Frage
724 1714 1933 1781 berichtigen lassen muß. Nämlich: es sind gerade die reinen
1947 1742 3183 1790 können. In ihm, noch mehr im dritten Akt, treten fremde
217 1757 697 1804 Musik den notwendigen
718 1758 1934 1825 Konversationsszenen, jene geistreich heiter=witzigen Gespräche
1951 1797 3177 1836 Einflüsse, Musik von anderen Opernkomponisten her, als
210 1796 698 1858 bird, Wurzel zu schlagen
712 1803 1941 1877 des 1. Aktes, in denen das eigentlich musikfreundliche senti¬
1959 1831 3179 1890 Hemmungsmomente in die freie Mitteilung des persönlichen
217 1842 700 1899 rt dieses Schauspiel in
719 1847 1939 1910 mentale Element ganz ausgeschaltet zu sein scheint, es sind
1954 1861 3174 1946 Eigenbesitzes an Musik und das Opernhafte gewinnt das
205 1871 706 1943 die Möglichkeit, sich aus¬
717 1893 1940 1960 also die unmusikalischen Situationen, die die Erfindungsgabe
1964 1925 2227 1981 übergewicht.
226 1918 715 1992 , in denen ihr zu leben
723 1941 1947 1997 des Komponisten auf das glücklichste angeregt haben, ihr eine
222 1970 715 2032 hur Schnitzlers Dramen
2025 1954 3176 2025 Das Drama ist eine Kunst der Klarheit; und jede Opern¬
718 1979 1945 2046 feine, zartnervige, schmiegsame und reizvolle Musik entquellen
215 2020 716 2070 n“ des Wortes unmora¬
1962 2025 3176 2073 aufführung — fast möchte man so sagen! — eine Kunst der
720 2027 1938 2089 ließen und sie im leichten und anmutigen Fließen erhalten.
221 2060 718 2118 und dem Leichtsinn des
1959 2053 3177 2112 Unklarheit. Der Spalt wird dort am weitesten klaffen, wo
727 2071 1948 2136 Und andererseits: es find die sentimentalen Szenen des Schau¬
220 2103 707 2162 ef pessimistisch in ihrer
1960 2103 3182 2163 die Natur des Dramas zur Natur der Oper in so fühlbarem
733 2109 1951 2182 spiels, — die heißen Sehnsuchts= und Liebesschmerzen der
205 2140 711 2205 klosem Blick gesammelten
1952 2141 3195 2220 Gegensatz tritt wie in Schnitzlers „Liebelei“, als sie Oper
728 2148 1952 2221 verlassenen Christine des 3. Aktes: also die musikalischen
209 2188 715 2256 ind Wortkunst: geistvoll
1959 2192 3188 2255 ward. Und unter diesem Gegensatz wird jede Aufführung
725 2201 1933 2262 Momente des Stoffs, das uralte Heimatsgebiet der Musik —,
208 2234 720 2291 eilich nur geistreich bis
1968 2238 3184 2296 des Neumann=Schnitzlerschen Werkes leiden: nie wird das
730 2246 1953 2319 in denen die Musik Neumanns von einer im Grunde ge¬
207 2287 715 2347 on Paradoxen, blitzen sie
1958 2281 3191 2341 Wort zur freien Herrschaft und zur vollen Geltung kommen,
725 2287 1948 2352 nommen konventionellen Lyrik sich nicht slösen kann, wo sie,
1952 2325 3190 2372 nachdem sich ihm die Musik an die Fersen geheftet. Auch die
231 2323 710 2386 Linie sind sie Meister¬
725 2332 1943 2401 dramatisch unschöpferisch, zur sentimente n Oper zurücksinkt,
221 2373 719 2431 in und ergötzlich in ihren
1969 2365 3194 2428 gestrige Aufführung, so sorgsam und fleißig sie vorbereitet,
1529 2375 1948 2438 r seltsame und auf¬
723 2387 1523 2444 wo ihre erfinderische Kraft versagt. Di
222 2409 719 2477 jeglicher Art von Frivo¬
1959 2420 3194 2475 so liebevoll sie von Dirigent, Spielleiter und Solisten sich
1533 2427 1947 2481 aus der besonderen
723 2426 1518 2482 fallende Widerspruch, so leicht er sich a
232 2458 714 2516 die überlegenheit ihres
1966 2452 3199 2506 unterstützt sah, mußte dem Wort, d. h. der Klarheit und der
1528 2465 1948 2526 Eigenart seiner Be¬
719 2470 1516 2552 Natur des Komponisten, aus Wesen:
212 2502 720 2553 gen objektiv=wissenschaft¬
1964 2487 3197 2558 Verständlichkeit manches schuldig bleiben. Aber hier handelt
1534 2503 1948 2576 weniger als solcher
733 2516 1484 2578 gabung erklären mag, bleibt nichts
1970 2544 3190 2602 es sich eben weniger um ein Gebrechen der Aufführung, als
221 2550 721 2605 den einzelnen Fall selbst
1561 2551 1956 2614 als psychische Un¬
736 2564 1483 2624 bestehen: als künstlerische Regelwid
1963 2605 3196 2650 um einen Geburtsfehler der ganzen Gattung. Mit voller
228 2592 720 2656 rückt und uns lehrt, in
1537 2587 1954 2657 fühlt, jener Kranken
727 2605 1457 2664 möglichkeit, an der vorbei man sich ve
1967 2627 3207 2686 Anerkennung aber wäre im Rahmen dieser von Direktor
206 2634 312 2695 en.
1529 2646 1960 2703 storben sein müßten
737 2648 1454 2716 zu gedenken, die eigentlich schon lä
1962 2669 3208 2737 Maximilian Moris im Wiener Biedermeierstil inszenierten
218 2665 722 2737 ker, dieser Kunst ein
1527 2686 1955 2756 nen längst ihr Todes¬
730 2691 1447 2764 und dennoch leben, der Wissenschaft,
1970 2719 3197 2780 Aufführung der hervorragenden Leistung zu gedenken, die
222 2728 720 2789 enzubringen. In Wirk¬
733 2740 1368 2820 urteil sprach, zum Trotz ...
1962 2763 3206 2821 Karl Pfeiffer als feinfühlig alle Werte dieser geistreichen
218 2765 718 2828 lers in ihrer Eigenart
817 2772 1956 2857 Aber dieser erste Akt der „L##ei“! Eine musikalisch
1969 2808 3200 2868 und feinen Partitur zu Leben und Wirkung weckender Diri¬
221 2807 723 2876 ls Lebenselement nicht:
730 2836 1953 2905 hervorragende Leistung und eine ntprobe von vollem Ge¬
1969 2858 3206 2914 gent bot. Und mit warmem Dank dürfen mit den Damen
211 2864 721 2925 aß von ästhetischer Ein¬
732 2879 1950 2946 wicht. Bezaubernde Musik, die hie vo die fruchtbaren Stim¬
1968 2879 3204 2954 Grete Schlemüller (eine warmi empfindende Christine)
219 2899 721 2961 sitzt, wird das Noli me
1413 2925 1956 2986 instinktiv das Richtige
742 2931 1423 2987 mungsmomente im einzelnen fei
1967 2942 3206 2997 und Meta Scheulen (liebenswürdig als Mizi), die Herren
223 2940 723 3010 sationsdramen verstehen
738 2971 1962 3029 findet und dem Musikalischen zu inem angestammten Recht
1976 2976 3199 3044 Karl Waschmann (als tenoristisch glänzender Fritz) und
210 2988 734 3054 die bedürfen seiner Hilfe
746 3014 1960 3077 verhilft, indem sie in die Tiefe, dieser Szenen sich hinab¬
1969 3024 3211 3081 Bennet Challis (als gelegentlich zu mephistohafter Theo¬
222 3037 734 3091 ehen sich der Musik schon
736 3067 1957 3134 senkt, in ihrem Unterbewußtse nach lyrischen Grundstim¬
1984 3077 3206 3133 dor) den erfolgreichen und selbstlosen Einsatz aller ihrer
222 3079 730 3136 östherrlicher Kunst. Da
731 3106 1964 3158 mungen sucht, die Grundharmo# n dieser Menschen belauscht
1973 3101 3207 3172 stimmlichen und darstellerischen Mittel gewürdigt sehen.
220 3120 733 3186 le Vernunftgründe gegen
734 3145 1970 3217 und auffängt. Indem sie die Stimmungen des Ganzen oder
1970 3153 3206 3225 Ihnen schlossen sich in den kleineren Rollen Elsa Walter
212 3164 733 3230 erwandtschaft zur Musik
737 3186 1960 3251 abgegrenzter Teile festhält, gelingt Neumann das Ver¬
1979 3198 3208 3273 (die Nachbarin), Eugen Stichling (der Vater) und Her¬
253 3211 733 3274 trotzdem und dennoch,
748 3229 1966 3315 blüffende, in allen diesen unmusikalischen Szenen die Musik
1976 3247 3210 3309 mann Kant (in der wuchtig charakterisierten Szene des frem¬
232 3244 731 3311 Gegenbeweis zu führen
739 3275 1966 3338 als etwas Natürliches und im Stoff Enthaltenes zu rechtferti¬
1980 3288 3207 3351 den Herrn) verdienstvoll an. Der neuen, in Hamburg zum
229 3303 729 3355 den Stücken des Wiener
745 3315 1964 3397 gen und es uns auch so empfinden zu lassen. Das alte schöpfe¬
1982 3337 3211 3403 ersten Mal aufgeführten Oper bereitete das gut besuchte Haus
216 3343 732 3407 es wirkungsvolle Schau¬
745 3372 1974 3432 rische Wunder wiederholt sich von Neuem: Aus dem nackten
222 3389 732 3451 les Schnitzler geschrieben:
1974 3382 2799 3463 einen außerordentlich lebhaften Erfolg.
742 3407 1965 3487 Fels springt der Quell des Lebens! Und diese weiche flutende
228 3437 736 3488 zungen, — #nau in der
2574 3435 3179 3513 Prof. Verbingnd Rfohl
742 3444 1980 3530 Lyrik gewahrt auch dem Witz und der humoristischen Schilde¬
227 3470 741 3539 der Witzigkeit und Schalk¬
234 3513 1977 3593 ein tragischer Blitzstrahl rung Spielraum: das klangvolle und zart getönte Orchester
731 3525 2015 3629 l überrascht durch drastische Einfälle und gelungene Späße und !
383 3608 445 3676 2.
