3436 4352
409 200 812 274 Liebelei
256 193 1366 317 5 box 10/1
1515 3260 1573 3345 3
1521 3360 1638 3425 timen:
1530 3405 1635 3475 1088
1530 3452 1629 3562 R.
1750 1132 2414 1239 eriekt
1634 1260 1823 1322 W
1574 1320 2778 1363 — Provias: Wit tägl. Zusenbung: Magatl. fl. 1.90, viertelj. fl. 3.70. — Ausland:
1538 1343 2767 1385 für alle anderen dem Weltpostorreine angehörigen Länder: vierteljährlich fl. 4.36; ber
1554 1375 2780 1434 J: in der Türkei fl. 4.10; in Griechenland fl. 5: in Egypten fl. 4.60 (Alegondeien 4. 4.
1541 1392 2414 1436 #e Nammera: In Wien 5 kr., in der Probinz 6 kr.
1551 1432 1585 1472 *
2331 1412 2782 1477 Wae . unsien Fenktin e hriten . undh. Austaga uhchere
2328 1459 2635 1552 1895.
2556 1536 2666 1594 FArIn
2279 1532 2492 1587 sechmr AaatREnMEE
1701 1691 2767 1801 Gasglamiont Entorhohmung
1844 1774 2625 1869 I., Nibelungengasse Nr. 1.
1755 1850 2803 1927 Vom 20. October ab befinden sich unsere Verkaufslocalitäten
1658 1889 2218 1969 I. Ebendorferstraße Nr. 5.
1793 2010 2695 2083 Unbel neues Gasglamtent
1662 2088 2791 2152 welches wir seit 3 Monaten eingeführt haben, ist das schönste
1657 2131 2468 2189 beste und billigste aller bestehenden Systeme.
1741 2175 2804 2233 Die sogenannten Gluokorper Patent Stouer, sowie die
1660 2212 2799 2274 rerbesserten Lumen haben wir deren geringer Qualität halber
1652 2251 2325 2310 seit dieser Zeit vollständig aufgelassen.
2687 2261 2803 2309 1695
1754 2347 2723 2451 „Liebelei" und „Regentag“.
2349 2429 2759 2505 Wien, 14. October.
1726 2476 2796 2554 L. Arthur Schnitzler, einer der begabtesten Dichter
1645 2542 2799 2606 der jung=österreichischen Schule hat den Typus Anatol's
1662 2594 2801 2644 geschaffen, die Figur des Lebejünglings, der die Liebe
1657 2641 2791 2693 kennt und eben darum die Liebelei bevorzugt. Und der¬
1656 2690 2795 2747 selbe Schriftsteller hat uns in dem Schausniele „Liebelei“
1662 2736 2804 2799 gezeigt, wie die Frivolität mit tragischer Schicksalsmacht
1660 2789 2804 2841 in das Gemüthsleben eines schlichten Wesens einzugreifen
1657 2831 2795 2885 vermag. Christine Weiring schenkt ihre Liebe dem, für den
1653 2875 2798 2924 sie nur Liebelei ist. Sie sieht in ihm Alles, er in ihr
1657 2924 2796 2991 Nichts. An diesem Mißverhältniß geht das unglückliche
1654 2967 1996 3033 Kind zugrunde.
1734 3011 2795 3088 Auf der Bühne des Burgtheaters mag sich diese
1658 3058 2796 3138 Geschichte sehr schön ausnehmen. Sie mag rühren und
1654 3117 2802 3181 erschüttern, Thränen erpressen und Beifall erringen. Auf
1650 3162 2798 3230 der Bühne des öffentlichen Lebens ist sie nicht am Platze.
1657 3209 2793 3270 Leider wird sie gerade auf dieser mit einem Ernste der
1657 3260 2804 3319 Inscenirung aufgeführt, der eines Besseren würdig wäre.
1659 3300 2799 3361 Ja, auch auf dem Gebiete der Politik hat sich bei uns
1657 3348 2808 3395 ein Anatoltypus herausgebildet. Der Mann kenni
1654 3392 2798 3444 die Ueberzeugung, aber er weiß, daß man ihr
1663 3442 2317 3509 Opfer bringen muß. Opfer?
2316 3444 2802 3510 Das ist ein Wort,
1656 3485 2803 3538 das nicht in seinem Lexicon steht. So wendet
1658 3544 2791 3598 er sich denn in jedem Augenblick jener Richtung zu, die
1658 3581 2795 3654 ihm am meisten Erfolg verheißt. Er geht den Weg des
1660 3642 2801 3699 geringsten Widerstandes und der geößten Wirkung. In
1668 3684 2787 3742 früheren Zeiten, die mit ihrem Urtheil schneller und ent¬
1658 3721 2800 3780 schiedener bei der Hand waren, hat man dergleichen
1663 3780 2795 3831 Gesinnungslosigkeit genannt. Heute ist man duldsamer.
1655 3826 2787 3869 Man verhüllt die Sache unter einem fremden und
1657 3867 2795 3915 beschönigenden Ausdruck. Man spricht von Opportunismus.
1646 3915 2791 3975 Der Opportunist ist nicht seiner Meinung. Er macht die
1644 3960 2796 4015 beste, die nützlichste, die zweckmäßigste zu der seinen. Er
1697 4010 2801 4075 t heute Demokrat, morgen Liberaler, übermorgen
1654 4053 2800 4124 Clerikaler, schließlich Antisemit wie Dr. Lueger. Er läßt
1690 4103 2802 4168 ch heute von fortschrittlich gesinnten Wählern ein
