3484 4192
220 127 550 199 Liebel
238 157 640 238 en 1
775 124 1221 213 box 13/3
1637 914 1803 978 zrree#! —.
1843 367 2345 451 Dagens Nyheter
1856 504 2371 627 N1 2) 783?)
2163 983 2486 1080 L
1856 1048 2486 1148 Liebelel-rondssans! Wien.
2239 1127 2527 1188 WIEN i mars.
1830 1166 2574 1233 Liebelei är ett or orr är svärt att
1803 1215 2572 1259 översätta. Kärlek i diminutiv — men
1807 1258 2569 1323 därför ej liktydigt med flirt och trams.
1815 1298 2581 1366 Alskog' vore kanske det närmaste, men
1795 1328 2564 1402 ocksä det har en för djup och för roman¬
1789 1398 2556 1446 tisk färg. Det är, för att tala med Mo¬
1790 1431 2569 1493 landers Cyrano, Pen lek som är oss kär,
1799 1472 2567 1539 där vi med rosenbläck emellan kär och
1783 1512 2571 1584 lek ha skrivit bindestreck“. Men en lek
1778 1561 2552 1618 som trots allt är nära besläktad med de
1794 1606 2271 1676 stora orden liv och död.
1925 1651 2562 1717 itzler# mest wienska novell Liebe¬
1780 1713 2553 1760 lei“ gar för tillfället i Wien säväl pä film
1790 1743 2550 1800 som scen, och wienarn- gräter i floder
1805 1781 2536 1849 över Christine Weyhrings öde. — Tvä unga
1802 1832 2547 1891 män lära känna var sin Wienflicka, Mizzi
1792 1858 2553 1933 Schlager och Christine (Christl) Weyhring.
1776 1915 2549 1972 Mizzi är en typisk 'süsses wiener Mä¬
1777 1960 2566 2020 derl“, livad och glad, litet lättsinnig och
1777 2000 2569 2061 litet trofast — hur som! Hennes gode vän
1774 2044 2576 2109 är av annat slag — men var det sä gott
1778 2090 2548 2157 att veta? Under det att Theodor’Dori“
1776 2128 2556 2189 och Schlager-Mizzi lek; med kärleken,
1782 2172 2550 2236 utan att bränna sig, de fröjdas bamr ät
1786 2217 2561 2268 skenet och värmen, s“ blir leken för Fritz
1794 2266 2557 2320 och Christl allt ödesdigrare Fritz har
1779 2303 2575 2353 förut haft ett förhällande med en gift fru.
1778 2346 2563 2407 Det tillhör redan det förgängna, men hen¬
1787 2395 2568 2449 nes man baronen har fätt reda pä det, och
1789 2433 2561 2478 enligt dätida gängse hedersbegrepp utma¬
1788 2491 2550 2538 nar han rivalen till duell. Fritz berättar
1778 2521 2562 2578 för Christl att han mäste resa bort nägra
1782 2564 2566 2620 dar, och han ber vännen att inte säga
1791 2607 2561 2654 nägot som kunde göra Christl orolig. Ba¬
1783 2649 2551 2690 ronen har första skottet. Det andra blir
1779 2690 2556 2750 aldrig avlossat. Fritz har träfats dödligt.
1819 2746 2556 2794 Den sista scenen, när Christl underrät¬
1784 2777 2550 2824 tas om vad som hänt, utgör otvivelaktigt
1790 2822 2567 2872 dramats huvudpunkt. Hur hon längsamt
1789 2873 2557 2915 fattar hela vidden av vad som har skett
1782 2909 2556 2955 och fär veta av vilken orsak duellen ägt
1778 2956 2560 3000 rum. —'För en annan kvinna? Men vad
1793 2996 2555 3049 var dä jag för honom?“ frägar hon. De
1789 3038 2559 3099 andra, fadern, Dori och Mizzi, stä svars¬
1784 3095 2559 3139 lösa. Sà gär hon lugnt sin väg — men
1784 3123 2559 3174 endast till trappuppgängens fönster. Där
1783 3170 2315 3221 kastar hon sig ut i mörkret.
1820 3213 2557 3263 Pjäsens och filmens version gär nägot
1795 3245 2555 3314 i sär, Pä scenen räder en kärvare, all¬
1792 3296 2555 3355 varligare ton. Här träder kärleksproble¬
1782 3338 2560 3400 met mera i förgrunden. För Fritz är det
1784 3374 2552 3439 hela en episod, om än allvarlig — för
1786 3424 2556 3482 Christl gäller det livet. Paula Wesselys
1796 3471 2542 3522 spel var bäde upprivande och uppbyggan¬
1790 3508 2555 3563 de i sin absobita fränvaro frän effekt¬
1792 3557 1916 3608 sökeri.
1824 3596 2549 3646 I filmen är intresset mera koncentrerat
1782 3635 2550 3703 kring duellen. Den militära hedersdom¬
1781 3684 2541 3739 stolen som fastställt duellens nödvändig¬
1784 3725 2540 3781 het har uppsatt ovanligt skarpa villkor.
1778 3754 2541 3842 Fritz vän Dori upp.öker översten, skild¬
1776 3810 2542 3870 rar det helas meningslöshet och ber honom
1784 3856 2551 3925 läta ändra villkoren till en harmlös, vanlig
1784 3901 2543 3954 duell, där bäda kunna skjuta i luften. Den¬
1783 3947 2556 4002 na Doris aktion var ett oerhört tilltag, och
1769 3987 2562 4039 han mäste betala det med avsked frän det
1782 4030 2558 4081 militära. Man päminner sig att Schnitzler
