3436 4256
219 143 283 236 5
334 159 732 231 Liebelei
291 206 767 263 rere e esteten ie ereneenen
707 918 847 1111 7
872 161 1317 252 box 13/8
1114 1309 1834 1417 DIE VERBOTENE -WARE-.
905 1410 2052 1529 Sehr geehrter Herr Statthalter Erich Graf Kielmansegg.
1982 1498 2134 1566 Wien.
889 1593 2186 1701 Unllängst las ich irgendwo Ihre Meinung über die Theatercensur.
776 1642 2195 1779 Die betreffenden Gedanken standen übrigens an dem richtigen Platze,
781 1690 2197 1813 d. h. in der passendsten Umgebung. Da las man unter vielen
794 1736 2201 1864 bemerkenswerten Sachen, dass die Hauptmann’schen- Weber“, ebenso
790 1780 2202 1905 wie Halbe’s -Jugende reine Tendenzstücke seien. Gleichzeitig erfuhr
803 1848 2213 1964 die erstaunte Mitwelt, dass ges auch vorkommt, dass man etwas aus
807 1875 2206 2003 ästhetischen Gründen streicht. So ein junger unerfahrener Dichter
808 1923 2215 2053 sollte dies doch einsehene Es kann mir nun natürlich nicht
809 1974 2214 2099 einfallen, einem älteren Manne von Ihrer Erfahrung irgendweiche
802 2018 2223 2150 literarische Hilfsmittel, die zur Erreichung des primitivsten Distanzgefühles
806 2066 2224 2184 nöthig sind, empfehlen zu wollen. Aber ein taktisches Bedenken möchte
816 2128 2231 2250 ich mir gestatten auszusprechen ... Nämlich, Sie ahnen gar nicht,
816 2164 2231 2286 welche ungewollte Folgen so ein Censurverbot hat, welche Berühmt¬
820 2211 2228 2340 heit die Wiener Censurverbote geniessen! Ein Stück, das in Wien
822 2261 2224 2386 verboten ist, interessiert gleich in ganz Deutschland. Man vermuthet, ver¬
833 2305 2228 2438 trauend auf Ihre berühmten, ästhetischen Gründe, da s ein von Ihnen ver¬
821 2359 2234 2471 hotenes Drama auch einTendenzdramas vom Werte der =Jugende
837 2400 2248 2525 oder der Webere sein müsse. In den Zeitungen werden die gewissen
831 2449 2249 2557 Notizchen lancirt, die Autoren entrüsten sich in langen Artikeln,
838 2491 2254 2616 befrcundete Zeitungsschreiber melden, dass das Stück da und dort in
831 2541 2249 2666 Deutschland aufgeführt werde. Schliesslich erscheint das Drama im
833 2586 2257 2730 Buchhandel, natürlich mit der besten schreienden Reclameschleife, die
841 2635 2255 2770 es gibt: „Von der Wiener Censurbehörde verbotens. Sie verhelfen
846 2676 2265 2817 durch Ihr Verbot den Autoren zu einer aufregenden Reclame, das
845 2731 2264 2855 Buch wird viel gekauft und also die p. t. Bevölkerung noch ärger
855 2767 2273 2909 demoralisiert, als wenn Sie dem betreffenden Stück gestattet hätten
862 2820 2283 2956 durchzufallen. Es gibt Dramen, welche es nöthig haben, von Ihnen
869 2938 1299 3014 verboten zu werden.
974 2903 2277 3053 Dinge gibt es, welche nur leben können, wenn sie unterdrückt
872 2976 2168 3097 werden, und sterben müssen, wenn sie in Freiheit leben sollen.
981 3025 2279 3144 Das kann man eben an dem Schauspiel-Waree von Robert
862 3063 2287 3188 Scheu und Otto Stössl constatieren, welches vor einigen Tagen im Buch¬
862 3115 2292 3260 handel erschienen ist. Dieses Schauspiel ist ein-Wiener Stücke (sagen
868 3152 2297 3282 die Autoren). Es stellt im wichtigsten den Seelenkampf einer jungen
879 3201 2298 3324 Dame der Demimonde dar, welche eines Tages entdeckt, dass sie auch
878 3260 2304 3387 für den erwählten Neben-Gelicbten nur eine Wares ist .. Auf den ersten
