3484 4256
354 158 772 235 Liebelei
880 172 1358 267 box 13/8
338 193 783 274 eDSTa
534 923 2932 1034 eines staatlichen Braunkohlenregals in Sachsen zu er## nicht weiter berühren. Nach der Eufnchal, Drccht en .. —10..
1739 956 3285 1079 vorigen Jahres im Abgeordnetenhause verabschiedeten Gesetzentwürfe stellt worden.
547 1023 831 1098 ledigen haben.
2310 1047 2366 1115 100
2166 1048 2251 1121 S
876 1055 1256 1145 S
1751 1096 3362 1164 Antrag die Aufnahme in dem „Neuen Weg“ verwehrt habe. Darauf setzte die
1755 1134 3349 1221 Ich habe lediglich Herrn Bernhardy gebeten, seinen Antrag nicht]20 Redner zum Wor
533 1126 1760 1236 Genossenschaft und Kulturverband.
1756 1158 3309 1254 einzubringen, weil ich ein Zusammenarbeiten von Genossenschaft sehr viele Ausstell
525 1209 1768 1304 Die gestrige Sitzung der Bühnengenossenschafts=Delegierten.
1757 1220 3286 1308 und Kulturverband für außerordentlich wichtig halte, und weil ich der politischen Pe
1761 1247 3324 1344 fürchtete, durch diesen Antrag könnte diese Mitarbeit gefährdet Geheimrat Barn
579 1268 1760 1348 K. F. Im Mittelpunkt der gestrigen Nachmittagssitzung
2971 1305 3363 1357 [Pauluszugleich
1769 1318 2984 1384 werden. Und nun muß ich Herrn Bernhardy den Vorwurf der
530 1308 1770 1379 standen die Devatten über den Theater=Kultur¬
2976 1345 3287 1402 sei er noch ein
1760 1359 2981 1423 Unkollegialität machen. Er wandte sich nun nicht an unsere
541 1358 1767 1439 verband und die Wahl des Präsidiums. Zu dem Thema
2989 1387 3269 1448 nossenschaftern
1763 1398 2981 1471 Pressekommission, sondern an die große Oeffenrlichkeit, er schrieb
545 1395 1769 1468 Kulturverband lagen zwei Anträge vor, die sich gegen den Anschluß
3033 1435 3249 1491 Rechtsanwa
538 1438 1771 1516 der Genossenschaft an den Kulturverband richten, und die wir
1770 1419 3000 1516 u. a. an das „Berliner Tageblatt“, damit hier sein
2983 1470 3263 1542 den Verband.
1768 1497 2983 1565 Antrag veröffentlicht werde. Ich muß noch einmal betonen,
538 1474 1771 1543 seinerzeit veröffentlicht haben. Der eine Antrag von Otto
1761 1511 3266 1602 daß ich ganz durchdrungen bin von der großen Wichtig= auch der Rei
536 1524 1760 1594 Lange wurde zurückgezogen. Bevor aber der zweite An¬
3054 1560 3307 1617 nd hinaus
540 1561 1772 1645 tragsteller, Werner Bernhardy, seinen Antrag begründete,
1766 1565 2980 1646 keit des Kulturverbandes für unser Reformwerk. Sie,
2981 1605 3082 1662 hör
546 1587 1778 1683 #erklärte Präsident Rickelt, daß der Zentralausschuß sich für
1762 1589 2998 1678 Herr Bernhardy, haben ausgezeichnet gesprochen: als Kritiker.
3168 1633 3381 1701 des aufm
2986 1651 3126 1702 verbe
532 1645 1600 1728 den Kulturverband ausgesprochen habe.
589 1650 2994 1744 Herr Bernhardy gibt eine Charakterisieung des Kulturverbandes. Aber als Genossenschaftier haben Sie sehr schlecht gesprochen.
2979 1687 3375 1751 daß das Berliner 2
543 1748 2990 1806 Er führt u. a. aus: „Der Verband jongliert mit schönen Wonten. aber! Aus muß vor allem unser Reformwerk am Herzen liegen. Wenn
2990 1726 3284 1786 vom Standpunk
1770 1737 2999 1806 wir auch heute in Freundschaft mit dem Bühnenverein leben,
2990 1772 3260 1830 moralischen
545 1783 1774 1847 weiter ist nichts dahinter. Die Herren wollen sich als vormünder
1772 1765 2994 1842 letzten Endes müssen wir uns unsere Mittel und Hilfskräfte zur
2986 1800 3233 1869 den Worten:
541 1819 1776 1871 aufwerfen. Sollen sich aber noch mehr Unbefugte, als das heute
1779 1821 3001 1897 Erreichung des Reformwerks allein schaffen. Und der
2993 1860 3206 1915 brauchen #s
552 1860 1774 1938 schön der Fall ist, um das Theater kümmern? Hier handelt es sich
1771 1862 2993 1937 Kulturverband ist solch ein Mittel. Sie, Herr Bern¬
2991 1896 3254 1960 liner Tageblat
547 1904 1776 1965 nörnehmlich um eine Wühlarbeit von Moralschnüfflern.
1780 1899 3002 1977 hardy, haben den Scheinwerfer nach der falschen Seite spielen
2981 1936 3208 2001 gültig ob
541 1943 1780 2025 Ptan will Strindverg, Wedekind und Schnitzler an den
1775 1942 3004 2013 lassen, ich will die Angelegenheit richtig beleuchten. Der Kultur¬
555 1982 1784 2051 Leib. Einer der leitenden Herren des Verbandes für Theaterkultur
1784 1978 3283 2062 verband ist eben für uns so wichtig, weil er Werbearbeit für uns Redaktion)
3022 2029 3187 2088 Nach
558 2024 1780 2108 hat im vorigen Jahr in einer Kritik über Schniklers „Liebelei“ von
1777 2028 3016 2098 und unser Reformwerk leisten kann und leisten wird. Ich
563 2065 1781 2143 Sudelei gesprochen.“ Hier ereignet sich ein Zwischenfall. Von
1774 2068 3248 2149 habe nicht gleich zugegriffen, ich habe lange überlegt. dahin abge#
549 2110 1785 2192 der Galerie ruft eine laute Stimme in den Saal: „Unverschämtheit!“
1916 2114 3284 2176 ich nun bei der Gründungsversammlung war, ungeklärten Best
1782 2139 1902 2194 Als
544 2149 1591 2233 Al; die Aufregung sich gelegt hat, fährt Bernhurdy fort:
1778 2158 3297 2228 hörte ich Dr. Dinier reden, den ich für einen verstiegenen abwartend
2991 2190 3291 2258 6 Stimmen#
598 2169 1783 2258 „Das patriotische Mäntelchen, das sich der Verband umhängt, ist
1774 2197 3000 2279 Idealisten halte: Dr. Dinter forderte: „Juden raus, dann ist das
2994 2235 3250 2303 4 Stimmen#s#
561 2243 1779 2319 mir zu fadenscheinig. Ich muß forner sagen, daß es eine Ohn¬
1777 2243 3005 2304 Theater gerettet!“ Da setzte ich mich für die Sache ein und bat¬
3039 2272 3255 2349 Die Dele
563 2276 1782 2363 macht der Genossenschaft bedeutet, wenn sie sich dem Verband
1771 2280 3014 2346 himmelhoch, alle diese parteipolitischen Tendenzen beiseite zu
2999 2320 3200 2380 Präsidente
560 2321 1782 2394 anschließt: der Verband ist aber auch eine soziale Gefahr.
1780 2330 3002 2402 lassen. Das ist mir schließlich auch gelungen, es ist mir gelungen,
3000 2341 3280 2433 Theaterkusfürbe
554 2362 1780 2438 Er will Einfluß haben auf den Spielplan, er zieht gegen die leichte
1789 2374 3018 2442 unser ganzes Reformprogramm zum Programm des Kultur¬
565 2407 1783 2478 Muse zu Feld, viele unserer Kollegen und Kolleginnen aber verdienen
3045 2414 3348 2479 Die Versammlu
1785 2411 3020 2487 verbandes zu machen. Ich bin nicht reaktionär, und wenn ich
563 2432 1789 2522 doch ihr gütes Geld mit der leichten Muse. Nun ist Herr Rick
1788 2465 3378 2526 merke, daß hier antisemitische oder sonstwie rückschrittliche einer vertraulichen
559 2483 1798 2579 durchaus für den Verband. Schön! Wie steht es aber damit, daß ir
3000 2486 3400 2558 und zwar wieder mit
1784 2496 3009 2566 Tendenzen bemerkbar machen, so werde ich der Erste sein,
566 2523 1795 2612 als der von uns gewählte offizielle Präsident bei der Gründung des
2998 2541 3398 2617 Tagesordnung die Pr
1783 2530 3015 2619 der aus dem Verband austritt und ihn bekämpft.
565 2570 1793 2644 Kulturverbandes mitgewirkt hat, ohne die Delegiertenversammlung
1789 2584 3008 2653 Aber, meine Herren, uns Schauspieler geht ja eigentlich
562 2606 1786 2699 zu befragen? Ja, weiter, mein Antrag ist erst im „Neuen Weg“ ver¬
1783 2641 3012 2700 die dramatische Literatur nichts an, uns geht nur die
3039 2633 3398 2713 ke. Bühnengen
571 2653 1783 2730 öffentlicht worden, nachdemer in einer anderen Zeitung erschienen war;
1782 2664 3014 2755 Schauspielkunst etwas an, und die Schauspielkunst hat
3000 2698 3399 2762 Delegiertenversaw mlu
569 2706 1791 2786 während der „Neue Weg“ ganz einseitig für den Verband
1784 2712 3006 2785 mit der dramatischen Kunst nichts zu tun! Der
573 2755 1491 2825 eingetreten ist. Dagegen muß ich Protest erheben!“
622 2749 3385 2848 Auf die Begründung Vernhardns antwortet der Präsident Kulturverband will allen Menschen die Herrlichkeiten des Theaters band zur Fordelung
2964 2784 3398 2869 gründe des Maderhei
573 2833 2760 2912 Bickelt zunäch gendes: „Esstimmt nicht, daß ich dem zugänglich echen. Taran müssen wir uns beteiligen.“
1392 3092 1598 3243 7
