3484 4256
615 81 727 127 iner
732 81 1675 137 die Zufriedenheit von Frl. Hutley, genannt Lutina, zu
1684 61 2629 132 hat „Der Hungelleider“ bis seut steis volle 4e
600 119 732 162 gärti¬
1689 116 2642 174 erzielt. Für Herrn Hamm, den Darsteller der Titel¬
730 122 1678 171 erringen, da sie von einem veritablen Verlobungsring
593 150 736 218 Bild¬
735 159 1683 202 voraussetzte, daß die Steine in Form zweier Herzen
1686 159 2636 222 rolle, haben die Autoren ein neues Couplet geschaffen,
615 199 674 247 lig
684 195 742 263 n.
731 183 1682 249 angeordnet seien. Eine bange Ahnung sagte ihr,
1687 201 2635 259 das Herr Hamm in der morgenden Vorstellung zum
687 239 731 280 e¬
742 236 1677 279 daß man mit einem Ring, wie dem von Masters ge¬
1684 241 2149 305 ersten Male singen wird.
736 277 1677 317 schenkten, sich zwar verloben, aber nimmermehr ver¬
1791 271 2635 350 Im Central=Theater hat gestern bei voll¬
749 316 1677 369 heirathen könne. Da er aber in Zukunft durch andere
1680 326 2638 376 ständig ausverkauftem Hause die 150. Aufführung der
740 351 1683 407 angemessene Geschenke den Beweis zu erbringen ver¬
1690 378 2646 426 Repertoireposse „Eine tolle Nacht“ stattgefunden. Das
739 395 1677 440 suchte, daß er sie und ihre Vorzüge zu würdigen wisse,
1683 411 2639 464 Publicum bereitete dem Director, den Darstellern, den
742 432 1680 475 beruhigten sich ihre Bedenken und — es ging, wie es
1677 444 2638 511 Autoren und dem Capellmeister Ovationen in Hülle
745 468 1680 519 in solchen Fällen recht häufig zu gehen pflegt. Wie
1685 490 1910 558 und Fülle.
735 512 1681 565 sie dann eines Tages krank darniederlag, besuchte er
736 554 1676 602 sie theilnahmsvoll und da er ihre Ringe auf ihrem
1764 525 2621 601 — Die Andransche Vandeville=Posse „Madame
740 587 1662 626 Nachtkasten unbehütet sah, nahm er sie an sich und —
1684 583 2631 654 Suzette“ begeht am Freitag im Adolph Ernst¬
741 612 1681 675 versetzte sie für 50 Pfd. Sterl. Die arme Miß Hutley
1684 628 2483 694 Theater das Jubiläum der 75. Iufführung.
739 664 1687 717 sollte nicht nur ihr Herz, sondern auch ihr Ge¬
1788 669 2640 740 Hans Oldens neues fünfactiges Schauspiel
612 705 731 760 von
728 710 1674 761 schmeide für immer einbüßen. Nach einiger Zeit
1693 723 2638 776 „Helene“ ist von Herrn Intendanten Prasch für das
612 734 1677 810 eine erhielt sie einen Brief von Masters, worin er für
1688 765 2631 815 Berliner Theater, sowie von Herrn Angelo Neumann
592 778 739 841 inder.
732 783 1675 832 immer Lebewohl sagte, da er nach Afrika ginge; denn
1694 804 2637 874 für das Deutsche Landes=Theater in Prag zur Auf¬
736 826 1669 874 er habe eingesehen, daß sie beide mit einander
1683 841 2108 914 führung angenommen.
687 867 735 914 I,
728 860 1675 920 nicht glücklich werden könnten. Wie sie das las,
729 909 1685 955 fiel sie in Ohnmacht und zwar, obwohl sie in der
1768 876 2633 961 Das Philharmonische Orchester veranstaltet
640 903 734 993 r5
733 939 1673 993 Provinz erste Rolle spielte, in eine echte oder doch so
1682 925 2635 985 heute einen Beethoven=Abend. Zur Aufführung ge¬
635 976 727 1029 ein
742 985 1665 1033 naturalistisch gespielte, daß sie sich einen Arm und ein
1683 974 2626 1034 langen: Pastorale, Sinfome D-dur, Serenade für
615 999 731 1070 um¬
741 1021 1682 1068 Bein brach und neun Monate im Spital liegen mußte.
1676 1017 2624 1085 Violine, Bratsche und Cello, Ouverturen „Coriolan“
733 1055 1676 1112 Als sie wieder hergestellt war, forschte sie ein wenig
589 1058 724 1117 Lusch¬
1681 1068 2525 1123 und „Fidelio“, Fuge aus dem C-dur-Quartett.
739 1094 1682 1157 nach dem Verbleib des Treulosen und erfuhr, daß er
1775 1106 2627 1182 Heute Abend 7½ Uhr findet im Saal Bech¬
738 1137 1671 1186 in Chiswick lebe, verheirathet und Vater von vier
578 1142 726 1217 ings¬
1681 1153 2634 1217 stein das Concert von Helene Opitz und Didric
726 1186 1682 1229 Kindern sei. Von einer alten reichen Tante war weit
610 1195 729 1247 tritt
1686 1211 2629 1261 Ostemann und in der Singakademie, 8 Uhr, der
733 1216 1679 1271 und breit keine Spur. Da griff sie zur letzten Zuflucht
613 1229 727 1280 : dem
1679 1251 2630 1298 Liederabend von Edith Bagg unter Mitwirkung von
739 1262 1675 1310 getäuschter Herzen, sie brachte die Klage wegen Bruchs
593 1271 726 1326 bräu,
1678 1287 2310 1353 Walther Bachmann, Pianist, statt.
725 1296 1674 1349 des Eheversprechens ein. Sie erzählte dem aufmerk¬
593 1313 730 1359 lsener
732 1335 1673 1386 sam lauschenden Richter den Roman ihres Herzens in
590 1352 722 1400 ürdig
1765 1341 2634 1404 Im Verlage von Karl Köhler (Charlottenburg)
735 1377 1675 1422 epischer Breite, ohne dabei langweilig zu werden, und
591 1390 733 1453 d des
1690 1396 2630 1439 hat der als Componist flotter Tänze und Chansons
738 1412 1666 1457 brachte als Zeugen nun ihren Arzt und den Brief
2002 1440 2094 1468 Pror
591 1420 722 1482 s be¬
1696 1436 2627 1491 hier schon seit längerer Zeit vortheilhaft bekannte Capell¬
730 1452 1680 1497 mit, in dem Masters ihr blutenden Herzens Lebewohl
1672 1467 2641 1527 meister des Apollo=Theaters, Herr Paul Lincke, einen
731 1485 1672 1546 sagt, weil er sich ihrer nicht würdig fühle. Das
1677 1514 2633 1565 Venus=Walzer, eine Polka (die „Polka=Freun¬
731 1517 1664 1594 genügte dem Richter und er sprach ihr eine Ent¬
1683 1552 2639 1607 din“ betitelt) und einen Apollo=Marsch erscheinen
739 1558 1275 1636 schädigung von 8000 Mk. zu.
1691 1592 2626 1634 lassen. Alle drei Compositionen können in ihrer
600 1610 745 1673 oceß
1689 1624 2640 1677 frischen, ungesuchten Melodik als eine angenehme Be¬
597 1660 731 1712 slau
1694 1664 2642 1720 reicherung des modernen Tanz=Repertoirs gelten und
586 1701 738 1749 weiter
1690 1697 2638 1770 werden daher unserer clavierspielenden Welt eine will¬
876 1690 1531 1765 Kunst und Wissenschaft.
575 1739 737 1793 räsin
1673 1749 2636 1797 kommene Beute sein. Ein ganz besonders glücklichen
809 1745 1669 1803 — Deutsches Theater. Dienstag, den 4. Fe¬
589 1780 727 1832 hatte
1678 1786 2634 1844 Wurf hat Herr Lincke mit der obigen Polka gethan,
731 1784 1654 1855 bruar. Neu einstudirt: „Der zerbrochene Krug.“
576 1810 730 1871 ischen
1677 1824 2626 1897 in deren kecken Rhythmen in der That Straußisches
733 1841 1674 1897 Lustspiel in einem Aufzuge von Heinrich v. Kleist.
584 1859 721 1912 1858)
1684 1864 2132 1935 Blut zu pulsiren scheint.
796 1876 1671 1940 Hierauf zum ersten Male: „Liebelei“. Schau¬
575 1896 725 1952 neral¬
732 1920 1680 1992 spiel in drei Acten von Arthur Schnitzler. Regie:
1767 1904 2637 1970 In der Jannar=Sitzung des Vereins der Musik¬
579 1932 729 1996 Neisse,
732 1960 1061 2018 Herr Hachmann.
1678 1965 2632 2023 lehrer und Lehrerinnen zu Berlin behandelte Herr
573 1975 725 2032 ingen.
771 1982 1681 2055 Nach schweren Niederlagen endlich wieder ein Sieg
1676 2010 2635 2059 William Wolf in einem ausführlichen Vortrag ein bei
580 2016 719 2076 e Ehe¬
730 2029 1666 2090 im Deutschen Theater, und ein großer und ehrlich ge¬
1687 2043 2628 2089 früherer Gelegenheit schon kurz von ihm besprochenes
578 2052 728 2107 ultate
729 2073 1670 2127 wonnener Sieg! Nach jedem Act rief einstimmiger
1674 2089 2627 2137 Thema: Eine Umarbeitung des Textes der
583 2097 725 2148 Frafen
740 2119 1673 2172 Beifall, den kein Mißton störte, den stattlichen
1673 2123 2626 2173 „Zauberflöte“ deren Plan er entworfen und zum
577 2132 729 2183 1 von
732 2154 1670 2208 blonden Mann vor die Rampe, der das tragische
1675 2161 2639 2217 Theil ausgeführt hat. Hr. W. führte zunächst die
579 2171 733 2237 üheren
729 2194 1674 2252 Idyll geschrieben, in dem das Ewig=Menschliche
1685 2200 2625 2243 Gründe aus, die eine solche Umarbeitung dringend er¬
573 2208 720 2272 jungs¬
729 2233 1672 2277 eine so rührende Sprache spricht. Nächst der „Ju¬
1686 2242 2626 2295 wünscht machen. Diese Gründe drängen sich fast
594 2254 724 2302 that¬
737 2271 1672 2339 gend“ hat die moderne Literatur nichts gleich Lieberes
1667 2274 2633 2337 jedem Hörer auf, sie werden aber durch die einge¬
733 2315 1678 2381 und Ergreifenderes geschrieben, und gleicher Stim¬
1670 2312 2626 2373 wurzelte Gewohnheit verschleiert und bei einem
570 2320 720 2385 ohnes
731 2352 1664 2402 mungszauber in Gewitterschwüle durchwebt die Scenen,
1672 2364 2630 2416 Theil des Publicums, nämlich bei den Frei¬
572 2369 723 2430 ig der
730 2393 1673 2447 da die alte und ewig neue Tragödie vom „Verhältniß“
1671 2398 2624 2451 maurern, auch dadurch abgeschwächt, daß sie in
582 2408 724 2469 1887,
734 2432 1667 2480 sich abspielt. Und da sich von diesem Schauspiel, das in
1674 2437 2632 2496 der „Zauberflöte“ ein der Freimaurerei gewidmetes
574 2439 731 2500 wand,
738 2475 1665 2523 seinem Genre fast vollendet dasteht, noch Einiges mehr re¬
1682 2477 2633 2541 Heiligthum verehren und daher auch die Einzelheiten
571 2487 716 2545 ber in
730 2505 1675 2561 den läßt, was man füglich um die mitternächtige Stunde
1671 2517 2637 2570 des Textes, selbst die fehlerhaftesten, lieb gewonnen
569 2528 729 2587 gegen¬
728 2550 1664 2610 nicht so rasch sagen kann, so möchte ich das morgen thun.
1669 2559 2625 2600 haben. Die großen und bei der Herrlichkeit des musi¬
562 2570 729 2619 geben,
771 2590 1663 2640 Auch die Darstellung, die im Ensemble wie in einigen
1672 2592 2633 2653 kalischen Theiles tief bedauerlichen Mängel des Buches
567 2602 720 2674 ustand
729 2621 1669 2675 Einzelleistungen das Feinste bot, was man sich nur
1667 2622 2633 2691 I beruhen erstens auf dem unerhörten dramatischen Wirr¬
592 2647 728 2699 vor¬
740 2669 1663 2714 wünschen kann, sowie die Regie haben ihren Theil an
1677 2669 2628 2720 warr, der durch das Zusammenschweißen von ganz ver¬
580 2683 731 2738 hatte
721 2713 1657 2759 dem Triumph des Abends. Die sieben Mitwirkenden
1674 2717 2635 2761 schiedenartigen Motiven entstanden ist. Der Verfasser,
594 2724 723 2779 uf die
727 2749 1662 2800 (sie müssen unterschiedslos genannt werden) waren:
1673 2755 2634 2816 Schikaneder, gab seinem Stoff, um der Concurrenz
572 2762 717 2817 1 das
733 2779 1666 2838 Reicher, Jarno, Rittner, Nissen und die Damen
1673 2784 2633 2840 eines anderen Bühnenstückes aus dem Wege zu gehen,
578 2800 726 2866 Land¬
729 2829 1672 2895 Sorma, Schneider, Meyer. Auch auf diese muß
1673 2820 2619 2889 plötzlich von der Mitte aus, eine undere Wendung und
571 2844 717 2902 gericht
719 2861 1068 2924 ich zurückkommen.
1676 2869 2617 2926 faßte zugleich den Gedanken, aus ihm ein allegorisches
580 2886 725 2941 kanne,
758 2884 1660 2963 Den Abend eröffnete der wenig gelungene Versuch
1666 2894 2632 2975 direct für die Wiener Freimaurer berechnetes Stück
592 2926 712 2977 1 auf
1664 2944 1903 3006 zu machen
721 2932 1666 2993 einer Neueinstudirung des „Zerbrochenen Kruges“.
1979 2953 2624 3009 Schikaneder sowohl wie Mozart
583 2959 725 3017 keine
724 2973 1672 3033 Im ersten Jahre des Deutschen Theaters wurde er
1671 2988 2630 3036 waren Brüder der Wiener Loge „zur gekrönten
580 3003 722 3055 achten
719 3021 1667 3074 mit Herrn Friedrich Haase in der Rolle des Adam
1676 3022 2627 3088 Hoffnung“. In Folge dessen ist der zweite Act mit
575 3047 712 3096 „ vom
732 3058 1673 3110 gegeben. Nun spielt sie Herr Müller. Herr Müller
1672 3066 2626 3121 einer Menge von Anspielungen angefüllt, die schlecht
583 3085 717 3133 umen,
731 3094 1667 3158 war brav und — von einigen Momenten abgesehen —
1670 3095 2629 3169 oder gar nicht in die Fabel des Stückes hineingearbeitet
572 3121 712 3177 ig ist,
725 3143 1673 3199 nicht mehr als das. Er spielte den frechen grauen
1673 3138 2634 3204 worden und die wohl für Freimaurer verständlich sind,
585 3157 720 3211 r Zu¬
732 3178 1672 3231 Sünder, wie ein tüchtiger Schauspieler eine Rolle
1669 3187 2628 3240 für das übrige Publicum aber keinen Sinn haben.
735 3216 1660 3266 spielt, die ihm nicht eben liegt. Herr Müller hat keine
1684 3226 2617 3279 Der zweite Grundmangel ist die bekannte, oft bis zum
584 3242 726 3296 n mit
725 3258 1665 3316 Komik (von Humor noch gar nicht zu sprechen) und
1672 3251 2628 3329 Kindischen und Lächerlichen gehende Unvollkommenheit
575 3278 714 3335 gräf¬
721 3302 1659 3347 vergebens reden ihm die seine Freunde, und er wiede¬
1667 3303 2620 3356 der sprachlichen Ausführung. Hr. W. hat nun einen
577 3314 735 3388 h auf
727 3335 1667 3385 rum sie uns ein. Die Domaine des Herrn Müller
1667 3336 2625 3401 einheitlichen dramatischen Plan erdichtet, worin alle die
569 3359 639 3411 r.
726 3380 1664 3428 sind die alten bürgerlichen Leute (er hat uns da schon
1673 3374 2646 3453 verschiedenen Elemente des Stückes ohne in ihrem
719 3412 1669 3460 vorzügliche Typen geschaffen), weder auf klassischem
566 3402 723 3470 wieder
1673 3420 2621 3461 Wesen verändert zu werden, harmonisch aufgehen und
620 3455 715 3503 be¬
723 3444 1668 3490 Gebiet noch auf dem des Humors blühen ihm Lor¬
1666 3462 2624 3500 ein sinnvolles Ganzes bilden sollen. Die Mozartsche
558 3484 717 3543 (rley,
724 3489 858 3546 beern.
932 3481 1663 3553 Frau Meyer war als Frau Marthe
1674 3493 2627 3549 Musik wird hierbei in keiner Note berührt und
723 3530 1664 3585 sehr farblos, und das dralle Bauernmädel
563 3533 723 3582 rovinz
1666 3536 2625 3596 ihre innere Bedeutung an keiner Stelle verschoben. Um
559 3569 715 3619 Rollen
728 3570 1664 3637 Eve hatte man einer kleinen schmächtigen
1672 3575 2617 3623 die dramatische Grundlage dem Hörer zur Kenntniß
562 3610 724 3661 Lebens
725 3598 1671 3652 Anfängerin anvertraut. Frau Schmittlein und
1660 3614 2628 3671 zu bringen, setzt Herr W. dem Stück ein Vorspiel
589 3657 2634 3723 nicht Frl. Lehmann hätten den beiden Gestalten entschieden! voran, das in einer Priesterversammlung besteht, ganz
727 3699 1530 3928 (ucen
