3436 4352
447 174 823 253 Liebelei
269 162 1406 294 5. Lrensias box 10/1
1296 603 1779 708 „#10
1862 612 2962 695 Spaterhin beldielten edem Leinner Kontungen eine Besse¬
2979 633 3369 716 bereits gemerdet, zum
509 637 1280 737 per Mai 71.—, Mais per Mei 35.—.
656 714 2975 753 Chicago, 11. Oktober. (Orig.=Telegr.) Weizen pers rung; vornehmlich Kredit= und Staatsbahn=Aktien begegneten
2962 702 3372 783 wurde, wird nach Lin
1728 723 2110 794 I einiger Nachfrage.
511 733 1450 801 Dezember 60⅞. Mais per Mai 1896 29.—.
3038 764 3267 858 unen
1486 771 1882 864 KeseteRc PRTR
2980 844 3370 917 dungen, einem Selh
1745 850 2982 909 I Mann, der zum Rendezvons mit seiner eigenen Frau Mama eilt, das
2980 901 3379 972 Schluß, und dabei do
1758 901 2984 982 kann man wohl nicht im Dumas= und Sudermann=Styl spielen; das
2974 956 3378 1032 Einer nach, innerhall#
1751 965 2322 1041 grenzt noch an den Aeschylus.
860 858 1426 1039 Feuilleton.
2969 994 3372 1067 heit! ... Das Ehep
1862 979 2980 1069 Aber der König Philipp läßt sich so spielen, denn der ist von
2973 1051 3377 1112 „Dritte“ heißt Ludwi
1757 1058 2979 1124 Haus auch ein Mann vom Ende unseres Jahrhunderts. Er sieht aus
2980 1102 3381 1166 vor Beginn des Stüch
1766 1104 2978 1164 wie ein Czar von Spanien, Angst erfüllt die Luft, in der er lebt, er
751 1081 1547 1195 Burgtheater.
2974 1151 3368 1214 Liebe zu Anna, wie
1759 1145 2982 1216 traut nicht einmal Weib und Kind. Er ist ein belasteter Organismus
518 1175 1744 1261 (Herr Mitterwurzer als König Philipp. — „Rechte der
2976 1195 3369 1266 entnimmt. „Ich liebe
1763 1199 2975 1263 mit verbrauchten Nerven, und wenn man will, kann man ihm etwas
1277 1226 1750 1293 „Liebelei“, von Arthur
514 1213 1173 1303 Seele", von Giuseppe Giacos
2983 1248 3372 1312 könnte nun ungefähr
1753 1252 2979 1317 wie Größenwahn und Verfolgungswahn nachweisen. Das ist so recht
982 1233 1306 1339 Schnitzler.)
2974 1293 3374 1367 Jener Todte steht nu
1773 1297 2978 1357 ein Patient für Herrn Mitterwurzer, und so hat er ihn auch gespielt.
1304 1271 1725 1378 Wien, 10. Oktober.
2981 1339 3367 1410 Geliebte. Andere A
1762 1346 2978 1413 Nicht als Wütherich, sondern als kranken Allmächtigen. Nicht als
635 1347 1752 1422 L. H—1. Diese Woche ist das Burgtheater mit gleichen Füßen
2989 1381 3360 1465 Frührt unzart an
1759 1392 2981 1465 halsstarrigen Systemprotzen, sondern als Nervenleidenden mit allen
522 1408 1755 1483 mitten in das Spieljahr hineingesprungen. Erfolge mit klassischen
2979 1436 3348 1506 #ter, und seine
1760 1449 2976 1508 seinen Erregungs= und Abspannungszuständen. Dazwischen lichte,
531 1458 1768 1535 und unklassischen Dingen sink sofort davongetragen, man kann mit
2981 1478 3375 1557 Anna schleudert ihn
1754 1498 2980 1568 sozusagen gesunde Augenblicke, von einer unnachahmlichen Königlichkeit
529 1493 1756 1581 sich zufrieden sein. Das eigentliche Ereigniß knüpft sich freilich an
2988 1536 3375 1604 habe ihn geliebt!
1767 1543 2986 1605 des Wesens. Wie der Künstler sich auf einem Throne gehabt, wie er
528 1564 1761 1625 den Namen Mitterwurzer. Dieser siegreichste deutsche
2982 1590 3379 1657 tief unter der ihren st
1763 1596 2982 1662 mit Unterthanen verkehrt, wie er einen Posa mit fast väterlicher Kritik
533 1610 1762 1670 Schauspieler der Gegenwart arbeitet jetzt, so könnte man sagen, an
2975 1644 3371 1717 Nun aber, da er auf
1765 1643 2977 1713 anhört, das sind angeborene Dinge; Herr Mitterwurzer hat
534 1662 1757 1717 der Modernisirung des klassischen Repertoires. Von seiner Seite her
2972 1687 3361 1749 Rechte ihrer Seele.
1765 1693 2984 1749 eigentlich seinen Beruf verfehlt, er hätte Monarch werden
527 1702 1764 1777 geht das am leichtesten, weil er meist die Charakterrollen spielt. Nicht
2987 1729 3383 1807 die Thür. Mit Won
1760 1734 2983 1809 sollen. Und dieselbe vornehme Dämpfung, derselbe gedämpfte
533 1758 1763 1834 jene schonungsvollen Liebhaber und pathetischen Helden, die in ihrer
2972 1776 3376 1852 zweifelten allein ...
1760 1784 2994 1847 Hofton durchdringt sogar noch manche leidenschaftliche Szenen.
532 1812 1755 1880 stylistischen Gradgewachsenheit mit dem Kopfe bis in die Wolken
2983 1832 3373 1899 Pikanterie des alten
1756 1842 2986 1898 So die Eifersuchtsszenen mit der Königin, wo kaum ein lautes
524 1856 1751 1932 ragen, sondern die mancherlei geistreichen oder närrischen,
2977 1886 3369 1945 gischer Seiltanz auf
1755 1878 2988 1959 Wort fällt, obgleich der König sogar Hand an sie legt. Da ist er
517 1906 1765 1969 angestochenen und angekränkelten Naturen, kurz die eigentlich
2989 1931 3379 2001 Rechte der Seele? 2
1768 1928 2981 1999 außer sich, aber Alles erstickt gleich wieder in krampfhaften, lähmungs¬
525 1955 1765 2020 „Interessanten“, die launischen Kometen=Charaktere. Diese sind zu
2979 1975 3382 2051 nicht auch ihre Seele
1757 1979 2983 2056 artigen Erscheinungen. Ueberhaupt ist König Philipp gewiß niemals
519 1996 1767 2077 jeder Zeit das gewesen, was man heute „modern“ zu nennen pflegt,
2976 2029 3376 2093 das alte, ewige Unre
1763 2028 2986 2084 in leiserem Tone und mit weniger Geberde gespielt worden. Der
524 2052 1764 2117 ein Gemisch von Neurastheniker und Halluzinirtem, mit drei Worten
2988 2072 3381 2145 Paul hat keinen Sin
1767 2075 2993 2141 Lewinsky'sche ist ihm gegenüber ein energischer Willensmensch, der noch 1
522 2093 1766 2171 gesagt: fin de siecle. Hamlet, Richard, auch Lady Macbeth, gibt es
2991 2127 3380 2193 er als Steuer eintrei
1757 2117 2997 2191 nie einen Migränstift gesehen hat. Als moderne pathologische Studie
533 2146 1767 2216 etwas Moderneres? Der große Nervendichter Shakespeare könnte
2982 2172 3381 2241 sitzen, was von Rech
1760 2179 2982 2245 ist Mitterwurzer's Philipp eine Meisterleistung, wie man schon lange
521 2214 1761 2263 noch Ibsen so Manches lehren. Die deutsche Bühne macht jetzt große
2989 2222 3378 2292 Dutzendseele, Anna #
1768 2226 2984 2291 keine gesehen. Unstreitig fällt sie eben deshalb aus dem intensiven
528 2249 1766 2322 Anstrengungen, ihre Klassiker mit der neuesten Aesthetik in Einklang
2978 2268 3388 2339 Aber darum Zwein
1755 2271 2985 2348 Schillerton des Dramas, da das Uebrige nicht ähnlich gespielt
531 2297 1758 2374 zu bringen. Warum nicht? Jedes Jahrzehnt hat sie nach seinem.
2991 2318 3377 2385 Seelengemahl? Es
1754 2324 2984 2390 [werden kann. Aber man wünscht sich nicht, daß diese Inkongruenz
529 2346 1749 2402 Geschmack gespielt, d. h. wenn es einen Geschmack hatte. Der jetzige
2979 2369 3383 2434 gesonnen, aber allerd
1757 2376 2983 2444 nicht begangen worden wäre, denn man hat wenigstens etwas Neues
535 2393 1764 2466 hat allerdings etwas von der Nüchternheit der Krankenstube. Statt
2983 2416 3376 2482 den Zweiseelenverhäl
1768 2423 2981 2487 erlebt. Die Kritik spiegelt dieses Für und Wider getreulich wider, so
525 2446 1765 2518 Personenverzeichniß könnte auf den Theaterzetteln stehen: Patienten¬
2981 2465 3367 2535 außerordentlich. Fra
1764 2466 2987 2537 daß der Künstler jetzt gleichzeitig in der Hölle brät und im siebenten
538 2480 1764 2563 liste. Das Interesse der Zuschauer formulirt sich unwillkürlich so:
2991 2514 3370 2584 Reinheit, daß der Ga
1763 2520 2986 2590 Himmel Hosiannah singen hilft. Mir selbst, der ihm die allerbeste
524 2540 1768 2603 was fehlt Diesem? was fehlt Jenem? Die Tugendhaften sind
2988 2565 3380 2635 plötzlich losbrechenden
1763 2565 2810 2651 Zensur gab, ging umgehend folgender namenlose Brief zu:
529 2586 1759 2651 Menschen mit guten Nerven, die Lasterhaften solche mit schlechten.
2977 2614 3384 2676 blieb. Herr Hart
1886 2616 2982 2683 „Geehrter Herr. (Folgen einige Komplimente.) ... Aber ganz
532 2641 1759 2709 Es ist ja etwas daran. Man stelle sich etwa Andreas Hofer als
2988 2666 3377 2738 ein schweres Leben h
1766 2669 2985 2732 verfehlt ist ihre Kritik über Mitterwurzer's Philipp. Da kann man
525 2680 1759 2766 Neurastheniker vor; da wäre er kein Held und kein Märtyrer
1758 2731 2984 2791 sehen, daß man Jemandem die größten Fehler zu Gunsten auslegen
3084 2713 3376 2786 Das zweite S
531 2730 1768 2816 geworden. Sein gesundes Nervensystem machte ihn dazu; das
1763 2771 2979 2827 kann, wenn man will. Diese Rolle Mitterwurzer's war einsach
2978 2760 3375 2836 dreiaktiges Schauspi
528 2797 1761 2849 war die Wurzel seiner sittlichen Stärke. Diese Anschauungsweise wird
1766 2810 2982 2881 verfehlt von Anfang bis zu Ende. Zerfetzt. Ein geflickter, Lumpen¬
2983 2816 3383 2886 unseres zu früh versto
542 2831 1769 2898 heute bis zum Sport getrieben, aber sie trifft oft das Richtige. Herr
1755 2870 2985 2954 könig. Und ich bewundere M. wie Sie im Allgemeinen. Ich konnte
2984 2870 3383 2935 ist praktischer Arzt, a
531 2889 1757 2950 Mitterwurzer hat es dieser Tage am König Philipp im „Don Carlos“
1767 2910 2987 2986 mich kaum des Lachens erwehren, als er in einem Berliner Possen¬
2982 2912 3371 2983 tiker. Seine Novelle
531 2930 1775 2993 bewiesen. Dieses Drama ist unter allen Schillerstücken dasjenige, das
1771 2958 2980 3024 tone sagte: aber hüten Sie sich vor der Juquisition, es sollte mir leid
2982 2942 3378 3031 viel Eindruck gemac
544 2985 1763 3053 sich am wenigsten modernisirbar gibt. Posa und Prosa, das will sich
1772 3002 2981 3077 thun 2c. Und so war Alles unmöglich, bis auf die Audienzszene, in
2988 3012 3388 3087 Deutschen Volkstheat
541 3030 1767 3091 in diesem Sinne absolut nicht reimen. Die herrliche Verstiegenheit der
1769 3059 2981 3131 der die Armada behandelt wird. Das war herrlich. Da ich Künstler
2975 3063 3369 3131 erregt. Schnitzler ist h
530 3073 1774 3149 jungen Leute, die in diesem Stücke den alten Herren das Leben sauer
1765 3110 2182 3187 1 bin, bleibe anonym.“
2983 3105 3363 3182 französische Phrase,
549 3127 1773 3195 machen, ihr polizeiwidriger Schwung, ihr lebensgefährliches Pathos,
2982 3162 3371 3227 „Märchen“ führte sie
1875 3137 2993 3228 Auch der gestrige Novitätenabend hatte seinen äußeren. Erfolg
535 3183 1776 3241 sie hören einfach auf, wenn man sie auf den heutigen Sprechton und
2989 3202 3382 3275 belei“ gibt sie sich mit
1762 3214 2992 3268 und sogar sein künstlerisches I.neresse. Man gab zwei nagelnene
548 3225 1775 3291 die englisch unbewegte Salonhaltung herunterschraubt. Eher könnte
2987 3258 3383 3325 uniengbar Poet; die
1765 3265 2988 3328 Schauspiele. Das einaktige: „Rechte der Seele“ von dem hoch¬
536 3277 1781 3336 man noch die „Jungfrau von Orleans“ auf ihr trockenes Gerüst
2980 3310 3363 3374 nicht machen. Das
1772 3325 2988 3384 begabten Mailänder Schriftsteller Giuseppe Giacosa wühltes
541 3318 1778 3405 zusammenstreichen, wobei ihr Visionäres wie ein Fall von Charcot's
2985 3358 3374 3435 Lebemännerei. Fritz
1769 3358 2984 3434 das Publikum ordentlich auf. Es ist auf den Kopf gestellte Psycho¬
546 3372 1772 3448 Klinik stehen bliebe. Hypnotische Séance; Medium: Frl. Johanna
2990 3405 3369 3470 Leute“ und treiben
1767 3404 2993 3470 logie der kühnsten Art, und nichtsdestoweniger voll Wahrheit, denn
537 3428 1767 3491 von Arc. Ich versichere, es ginge ganz gut. Mit Marquis Posa geht
2983 3438 3383 3522 der Andere hält vol
1780 3470 2985 3530 auch wer auf dem Kopfe steht, bleibt ja trotzdem ein regelrecht gefügter
541 3470 1768 3533 das nicht, denn er schlägt mit dem Kopfe das Dach durch und Prie
546 3543 3384 3581 Don Carlos rennt mit Vorliebe mitten durch die Wände. Ein#ger] Mensch. Es ist ein psychologisches Effektstück mit einigen starken Wen¬] galanterie, der sie sich
