3436 4224
612 124 1028 275 GRATIS
552 269 1570 357 Neue Freie Presse reruen
1558 276 2056 361 7. Desember 1933
521 459 2457 598 Der Mann mit den 200 Filmen.
1237 630 1765 734 Von Haus Winge.
432 770 2666 863 „Der Erzherzog Leopold Salvator war so liebenswürdig, Atelier eine der größten und modernsten Aufnahmehallen
1504 845 1707 927 Europas.
338 845 1506 917 für unsere Freiaufnahmen sein Sch'oß zur Verfügung zu
340 876 1513 957 stellen. Es war im Krieg und ich drehte zusammen mit meiner
1661 881 2497 978 Die Statistin Lilian Harvey.
331 938 1510 1015 Frau den Film „Zigeunerliebe““ erzählt Regisseur Fleck,
1575 944 2649 1011 Inzwischen wird fleißig gedreht. Als erste verfilmen sie
342 970 1502 1048 „wir wohnten also auch auf dem Schloß und wurden auf das
1510 994 2667 1063 Volksstücke und Operetten, als erste Stoffe von Anzen¬
347 1034 1499 1092 freigebigste bewirtet. Da wir uns auf irgendeine Weise für
1507 1062 2664 1116 gruber und Ganghofer. Sie entdecken Liane Haid, Max
349 1070 1495 1135 die herzliche Gastfreundschaft erkenntlich zeigen wollten,
1511 1096 2658 1146 Neufeld, Evelyn Holt, Ivan Petrovich. Liian Harvey statiert
343 1130 1500 1186 fragten wir die Erzherzogin, ob nicht auch wir ihr einen
1505 1143 2646 1192 bei ihnen in „Frühlings Erwachen“. Sie drehen „Trilby“.
349 1173 1496 1237 Gefallen tun könnten. Zuerst war sie etwas verlegen, aber
1506 1186 2672 1245 mit Ferdinand Bonn und der Galafrés. Sie zeigen den
333 1219 1490 1274 dann dat sie, wir möchten doch ihre Kinder mitspielen lassen.
1515 1240 2667 1296 ersten repräsentativen Wienfilm „Johann Strauß an
335 1261 1498 1326 Nichts war uns lieber als das, denn wir brauchten ohnedies
1507 1282 2670 1348 der schönen blauen Donau“, in dem unter der
332 1297 1503 1355 eine größere Anzahl von Zigeunerkindern und hatten bisher
1511 1328 2665 1388 Führung der Fürstin Pauline Metternich
347 1353 1504 1426 nicht genügend echte gefunden, so daß uns diese Komplettie¬
1512 1377 2680 1434 nicht mm die Damen und Herren der ersten Wiener Gesell¬
345 1406 1022 1467 rung nur willkommen sein konnte.
1506 1413 2674 1475 schaft zu sehen sind, sondern auch Selma Kurz, Alfred
438 1437 1504 1512 Wir ließen also die erzherzoglichen Kinder
1505 1460 2671 1527 Grünfeld, Luise Kartousch, Mizzi Günther. Josef
345 1495 1504 1551 vom Friseur in Zigeuner verwandeln, was dem
1516 1509 2676 1568 König, Oskar Sachs und alle Größen der Wiener
349 1539 1498 1608 ehrgeizigen Mann derartig gut gelang, daß wir nachher
1504 1560 2664 1617 Operette, die damals den Gipfel des Weltruhmes erreicht hat.
362 1584 1506 1654 außerstande waren, die echten Zigeunerkinder von den
1591 1601 2682 1666 Es sind noch goldene Zeiten. Schon vor Ausbruch des
351 1623 1500 1706 falschen zu unterscheiden. Auf jeden Fall sprach ich jetzt jedes
1514 1640 2688 1707 Welthrieges zeigen die Flecks ihren hundertsten Film, „Die
364 1676 1138 1753 der Kinder mit „kaiserliche Hoheit“ an.
1519 1688 2685 1764 Jüdin, nach der Oper von Halévy, und die bereits damals
442 1704 1505 1776 Wir hatten nun eine kleine Szene zu drehen, in der ein
1511 1738 2691 1807 gefeierte Liane Haid spielt die Titelrolle. Noch
348 1748 1513 1828 Zigeunerknabe einem Herrn eine Tabatiere stiehlt. Ich suchte
1518 1783 2672 1851 führt man in den Kinos mit einem einzigen Apparat vor und
361 1818 1512 1874 mir also aus der Kindergruppe einen besonders typisch aus¬
1521 1844 2681 1888 nach jedem Akt erscheint der Titel „Wiener Kunst¬
356 1851 1513 1918 sehenden Zigeuner aus und erklärte ihm umständlich, was
1510 1878 2684 1938 film. Eine Minute Pause zur Vorbereitung
351 1899 1508 1959 er zu tun habe. Der Junge war klug und hatte bald begriffen.
1519 1924 2055 1998 des nächsten Aktes.“
352 1947 1514 2012 Nach wenigen Minuten konnte er schon stehlen wie ein Rabe.
1588 1942 2676 2027 Der 150. Film kommt „erst“ 1924 zustande,
440 1996 1512 2054 Ich freute mich über die Schnelligkeit seiner Auffassung
1515 2008 2678 2082 „Lumpazivagabundus“ mit der Haid und der
355 2013 1509 2100 und wollte schon mit der Aufnahme beginnen, als mich die
1523 2055 2393 2131 Zwerenz, mit Josef König und Oskar Sachs.
355 2079 1514 2148 Erzherzogin zu sich bitten ließ. „Das freut mich ja sehr, Herr
1773 2113 2419 2194 Sieben Jahre Berlin.
356 2128 1511 2186 Fleck, daß Sie mit dem Kleinen so zufrieden sind. Ich möchte
352 2173 1523 2242 Sie aber schon bitten, daß Sie es vielleicht doch mit einem
1585 2164 2673 2242 Welch ungeheures Arbeitspensum wurde hier geleistet.
350 2224 1515 2277 anderen Kind versuchen. Gerade stehlen — daswird
1512 2213 2681 2279 Mag auch das künstlerische Niveau dieser Filme oft anfechtbar
350 2268 1251 2329 der Großpapa nicht gerne sehen.“
1521 2276 2681 2337 gewesen sein, so kann doch kein Zweifel darüber bestehen,
438 2298 1512 2380 Ich hatte natürlich eines der erzherzoglichen Kinder
1527 2324 2684 2381 daß der Humus dieser ausgedehnten Produktion notwendig
348 2341 1511 2424 erwischt und sein Großpapa, der es nicht gern stehlen sah, war
1522 2379 2674 2429 und segensreich für spätere, bessere Filme geworden ist, daß
354 2413 911 2481 der Kaiser von Oesterreich.“
1516 2416 2709 2491 erst die Arbeit der Flecks überhaupt dem Film in Oesterreich
455 2448 1513 2509 Stundenlang kann Herr Fleck aus seiner fünfund¬
1529 2465 1958 2527 Boden gewinnen half.
359 2500 1521 2567 zwanzigjährigen Filmtätigkeit erzählen. Er ist der wahr¬
1611 2479 2685 2567 Inzwischen sind sie in Branchekreisen weit über die
350 2543 1521 2604 scheinlich einzige Regisseur der Welt, der
1526 2544 2694 2613 Grenzen hinaus bekanntgeworden. 1925 werden sie nach
346 2588 1517 2647 jetzt seinen zweihundertsten abendfüllenden
1522 2591 2701 2662 Berlin geholt, wo sie in sieben Jahren das erstaunliche
361 2640 1510 2703 Film inszeniert. Das Ehepaar Fleck nimmt in der
1524 2642 2700 2703 Quantum von achtundvierzig Filmen drehen. Auch in Preußen
360 2686 1517 2750 Geschichte des österreichischen Films die Sonderstellung von
1522 2695 2693 2769 verleugnen sie nicht die Tradition, aus der sie die ewige Volks¬
364 2728 671 2795 Pionieren ein.
1525 2738 2702 2820 tümlichkeit ihrer Wirkungen schöpfen. Ihr erster Film dort
358 2783 1513 2871 Der erste österreichische Film: „Der Müller
1534 2788 2686 2855 ist der „Pfarrer von Kirchfeld“ mit Wilhelm
1529 2820 2697 2896 Dieterle und Fritz Kampers. Der zweite „Liebelei“ von
689 2832 1189 2914 und sein Kind.“
1525 2885 2688 2959 Schnitzler. In der ersten Verfilmung dieses Stoffes durch die
448 2865 1522 2961 Zuerst Maler, trieb es Fleck später, sich als Schauspieler
1526 2929 2694 2994 Dänen spreite Waldemar Psylander eine seiner letzten Rollen.
357 2942 1514 3003 zu versuchen und als solcher war er an mehreren Provinz¬
1531 2980 2682 3039 Die zweite Version in Berlin findet die besondere An¬
369 2981 1524 3042 bühnen tätig. Bald aber kehrte er zur bildenden Kunst
1524 3019 2681 3085 erkennung des Dichters, der er in einer bezau¬
368 3023 1525 3109 zurück, malte Vergrößerungen, experimentierte mit der
1532 3066 2499 3144 bernden Widmung an die Flecks Ausdruck verleiht.
371 3073 1526 3138 künstlerischen Photographie und bastelt 1908 bereits an einer
368 3120 1526 3186 selbstgebauten Filmkamera. Schon in Gemeinschaft mit seiner
1788 3118 2426 3207 Heimkehr nach Wien.
366 3169 1537 3234 tüchtigen Gatten Luise inszeniert er den ersten öster¬
1604 3160 2695 3252 Der 199. Film wird wieder in der Heimat gedreht.
359 3199 1534 3273 reichischen Film „Der Müller und sein
1538 3232 2692 3290 „Unser Kaiser“ ist ohne eine einzige Atelier¬
356 3250 1530 3316 Kind“ Natürlich legt er auch Hand an die Kamerakurbel,
1542 3292 2696 3339 aufnahme hergestellt. Die Interieurs sind alle an Ort
368 3321 1536 3368 entwickelt und kopiert den 600 Meter langen Film selbst.
1540 3323 2698 3380 und Stelle aufgenommen, was außergewöhnliche Mühe und
371 3348 1534 3412 Zwei Tage haben die Aufnahmen gedauert und sind durch¬
1542 3371 2702 3431 Sorgfalt erforderte, um die im nicht zweckgebauten Raum
372 3386 1535 3461 wegs im Freien gemacht. So etwas wie ein Atelier kannte
1540 3429 2691 3482 immer wieder entstehenden störenden Reflexe und Schlag¬
370 3448 1539 3517 man damals noch nicht. Der „Riesen=Monster¬
1551 3463 2708 3536 schatten auszuleuchten. Ueberhaupt ist die Materialverbunden¬
382 3484 1415 3562 Galafilm“ machte natürlich ungeheure Sensation.
1550 3514 2694 3578 heit der Flecks ihre Stärke. Als alter Photograph kann er
468 3519 1534 3585 Aber die Flecks ruhten deshalb nicht. Bald drehen sie
1545 3553 2705 3627 sofort jeder kamera= und beleuchtungstechnischen Schwierigkeit
366 3568 1531 3643 in einem Zimmer in der Wipplingerstraße den ersten
1543 3615 2703 3673 begegnen. Seine Frau schneidet alle Filme allein und hat
371 3627 1531 3687 Tonfilm mit Schallplattenbegleitung. Es
1543 3664 2692 3720 dadurch ein stupendes Szenenzeitgefühl gewonnen. Diese tech¬
368 3666 1536 3727 ist der „Wulzertraum“ in der Originalbesetzung der
1539 3698 2694 3769 nische Versiertheit macht ihnen gleichzeitig ein Erstarren in
362 3714 1530 3772 Uraufführung, mit Mizzi Zwerenz und Fritz Werner.
1544 3762 2704 3837 Konventionen unmöglich und hält die Freude am Experiment
370 3764 1536 3855 Ein anstelliger Volontär, Graf Kolowrat...
1542 3810 1680 3878 wach.
459 3833 1536 3889 Die Kammer neben dem „Atelier“ ist das Laboratorium,
1636 3830 2705 3910 Fünfundzwanzig Jahre Regiearbeit, 200 österreichische
369 3876 1541 3931 in dem das Ehepaar alle chemisch=technischen Arbeiten selbst
1548 3892 2711 3957 Filme — respektate Daten, die in der jungen Geschichte der
372 3926 1540 3976 ausführt und sich bald einen anstelligen Volontär nehmen
1538 3934 2701 3995 Kinematographie ihren Ehrenplatz verdienen. Die unermüd¬
383 3969 1541 4022 muß. Er heißt Graf Kolowrat und wird einmal später
1546 3973 2707 4068 liche Betriebsamkeit des Künstlerpaares läßt einen Wunsch
