3436 4224
190 104 271 202 5
330 112 720 191 Liebelei
313 155 723 231 een eneen en eenene
878 117 1304 218 box 13/8
1494 1066 1782 1148 GROSSMANN.
927 1095 1050 1161 590
923 1155 2341 1247 Blick fällt die Ahnlichkeit des Conflictes mit dem der - Liebeleig auf, worin
932 1219 2350 1303 die weibliche Hauptgestalt auch eines Tages bewusst wird, dass sie
942 1259 2356 1339 nicht das Object einer grossen Liebe, sondern nur einer. Liebelei
936 1313 2343 1408 gewesen ist. Beide Stücke sind dreiactig, und Beide sparen sich ihre
930 1367 2349 1449 höchste dramiatische Spannkraft für die vorletzte Scene auf, worin der
937 1409 2351 1476 Heldin, plôtzlich, wie vor Blitze einer Erkenntnis getroffen, das
937 1456 2360 1536 Bewusstsein ihrer Situation aufdämmert. In der -Wares ruft die
939 1524 1399 1597 Heldin „Hansis aus:
1159 1538 2348 1631 Ausgeraubt haben sie mich, ich hab’ gegeben und gegeben
1034 1617 2345 1684 und gegeben, und wie ich einmal denk’, ich könnt’ auch einmal
1034 1658 2362 1730 etwas verlangen, kennen sie mich nicht. Eine schöne Rolle hab’ ich
1042 1711 2354 1776 gespielt. Und hab’ mir eingebildet, weiss Gott, was ich
1033 1753 2370 1834 denen bin... Jetzt bin ich eine Bettlerin .. Was soll
1038 1794 2357 1869 denn aus mir werden! Ich hab’ mich ja verloren! Ich hab'
1047 1867 2190 1921 keinen Halt mehr und keine Heimat, u. s. w. u. s. w.
1064 1902 2371 2012 In der -Liebeleis ruft in der entsprechenden Scene die
958 1978 1315 2054 „Christiner aus:
1160 2012 2375 2097 Auch von mir hat er gesprochen! Auch von mir! Und von
1041 2078 2370 2133 was denn noch? Von wie viel andern Leuten, von wie viel andern
1045 2130 2196 2189 Sachen, die ihm g'rad so viel gewesen sind wie ich!
1049 2130 2378 2241 Ich bin ihm nichts gewesen als ein Zeitvertreib — und
1055 2237 1751 2290 für eine andere ist er gestorben.“
1072 2280 2372 2339 Man sieht vielleicht schon aus diesen Citaten, um wie viel discreter,
970 2320 2381 2396 indirecter, gegenständlicher dieser Conflict in der -Liebeleie dargestellt
965 2369 2375 2446 ist, wie viel mehr Worte, Deutlichkeit, programmatische Rede in der
973 2409 2380 2487 „Wareg vorherrschen. Es ist schon charakteristisch, dass die Heldin
974 2467 2380 2540 der -Liebeleis Christine, die Hauptfigur der -Wares, damit man nur
968 2507 2386 2584 das Wienerische immer vor Augen hat. Hansi heisst. Die - Liebeleie
969 2559 2387 2633 versuchte das Schicksal eines Wiener Mädels darzustellen, aber deshalb
976 2607 2371 2680 sagt keine Figur im Stück: -Liebe Christine, Du bist ein Wiener
971 2645 2379 2727 Mädel. Die Autoren der-Waree wollen uns zweifelloser, directer
980 2696 2385 2779 beibringen, was Hansi ist. In einem Gespräch der beiden Männer, der
976 2742 2384 2833 Zerstörer (auch in der -Liebeleis treten die Verführer paarweise auf),
977 2816 1507 2895 sagt der eine, Friedland:
1309 2838 2385 2932 .Das Kind ist exquisit. Das ist eine kleine Con¬
1073 2902 2188 2972 fectioneuse mit dem Wuchs einer griechischen Göttin.
1100 2973 1571 3052 Der andere antwortet:
1184 3020 1668 3101 „Das Wiener Mädel.
1080 3058 2387 3144 Nun dürfen wir an ihrem Wienerthum natürlich nicht mehr
988 3113 2385 3187 zweifeln. Obzwar es uns nicht ganz glaubwürdig erscheint, dass das
989 3161 2389 3247 Wiener Mädel eine ernsthafte Liebschaft mit einem rothlockigen Herrn
986 3208 2390 3290 Rabinowicz aus Lemberg eingeht. Obzwar wir meinen, dass dieser
988 3269 2402 3336 Rabinowicz ein natürlicheres Localcolorit trägt, und die Autoren dieses
989 3303 2405 3395 vielleicht besser kennen .. .. Ja, aber da es uns ausdrücklich gesagt
1000 3362 2404 3430 wird, dass die-Wares ein Wiener Stück, die Hansi ein - Wiener
