3344 4256
399 162 793 238 Liebelei
229 158 1365 269 5 box 11/2
1381 653 2765 722 BRUART 13, 1907.—TWENTT-TWO PAGES.
2025 861 2865 923 IEMTREN
2060 987 2258 1054 B
367 994 1730 1123 NEW YORK HERALD, WEDNESDAT. FE.
2923 2203 3116 2259 WTTIST 2 1
1751 2259 3089 2326 WIIIE IEICHONINC IN TTI EEIENELET ETCEUN THIETTTER.
1718 2351 3195 2413 SCENE FROM TRAGEDY FROM THE GERMAN ACTED LAST NIGHT.
1806 2394 3192 2462 The Reckoning,“ translated from the German, Liebelei,“ was acted for the
1723 2439 3190 2490 first time here in English in the Berkeley Lyceum Theatre. From left to right in
1735 2486 3181 2544 the picturé are Mr. John Dean, Mr. Robert Conness, Miss Phyllis Rankin and Miss
1732 2514 2058 2581 Katherine Grey.
1732 2605 2475 2741 Success for Miss
2476 2625 3215 2755 Grey in Tragedy
2026 2738 2196 2796 ——
1752 2787 3205 2856 The Reckoning,“ from the Germanithe reckoning of frivolous love in this play
2468 2833 3193 2871 is the violent death of a man and the re¬
2462 2855 3202 2908 sulting poignant grief of the young woman
1786 2858 2437 2928 Liebelei,“ Makes Deep Impres¬
2459 2895 2786 2936 iwho loves him.
2491 2905 3201 2955 T’ae man has fallen deeply and definltely
1830 2922 2374 2997 sion in Berkeley Lyceum.
2459 2952 3199 2989 in love with this girl. but because of some
2460 2978 3202 3028 previous complication he is challenged to a
2462 3017 3208 3044 duel and killed, leaving the girl to mourn!
2467 3034 3200 3082 in sorrow maddened with Jealousg—for it
1760 3016 2460 3082 The Reckoning,“ a stranslation of Mr.
2464 3067 3164 3105 is fer another woman he has been killed.
1725 3078 2458 3132 Arthur Schnitzler’s three- act play,“Lieb¬
2490 3072 3208 3135 The range of emotion demanded of thei
1735 3114 2459 3165 eler,“ which has been acted here in the
2469 3120 3213 3163 leading character Christine, was fully in¬
2475 3147 3205 3180 dieated br Miss Greg threughout the ear.y
1736 3157 2462 3207 original, was produced in tthe Berkeley
2472 3176 3212 3213 love scenes, which she did with charmilig
1736 3190 2464 3247 Yyceum last night by Mr. Robert Hunter,
2468 3191 3208 3240 ppontaneltr, there get lurked in her man¬
2477 3224 3207 3279 ner and intonation an unconsclons sug¬
1739 3231 2468 3285 with a company headed by Miss Katherine
2464 3260 3197 3314 gestion of danger felt, but not compre¬
1732 3259 1870 3315 Grer.
2466 3288 2635 3340 hended.
1760 3296 2475 3369 The play borders on the problem drama
2481 3305 3209 3364 In tiie second act her playing conveyed
2468 3349 3199 3386 a sense of einotion beld in check; in the
1725 3349 2461 3397 land its author is regarded as one of the
2475 3373 3200 3414 last, except that occasionally she forgot
1730 3378 2458 3438 Ilraders of modern German thought as ex¬
2472 3391 3197 3440 how small a theatre she was acling in and
1726 3420 2462 3476 Ipressed through the medium of the stage.
2465 3432 3196 3473 pitched her voice too high, she was a
2474 3459 3205 3492 woman suddeni swept into the vortex of
1735 3462 2451 3510 In consequence, with the added advantage
2476 3489 3211 3527 aterrible tragedr. a vietlm of fate and at
1726 3498 2459 3546 of an uncommonlg good production, last
2471 3512 3208 3551 its merey. There were several curtain calls
1725 3531 2460 3582 night’s performance was followed with
2468 3543 3206 3589 after this last act. che two final ones being
2483 3567 2743 3614 for Ales Grer
1722 3565 2472 3630 deep interest by an andience of ihe kind
2493 3574 3206 3634 Mr. John Dean as Fritz, che leading
1726 3615 2465 3664 Sthat is attracted by whatever alms to be
2471 3622 3206 3659 man in the story; Mr. Robert Conness, as
1729 3646 2456 3695 more serlous than the average theatrical
2465 3646 3205 3694 his friend; Mr. Albert Bruning as the
1731 3676 2043 3716 attraction. Mr.
2062 3681 2456 3723 instar von Seyfertitz.
2471 3674 3208 3719 wronged husband, whose one brief scene
1727 3706 2457 3750 who had staged Die Liebelei“' when it
2468 3701 3208 3748 was acted with unusual distinction; Mr.
1736 3731 2473 3783 was produced in one of the important:
2468 3725 3212 3776 George Ilenry Trader, as Christine's
2581 3760 3212 3809 Miss Phgllis Ramsin as Mitzl, a
1730 3756 2469 3808 theatres In Germany, had charge of the
2470 3772 2580 3803 father
1723 3791 1950 3834 Tehearsals.
2456 3792 3203 3828 flighig young person, and Miss Sarah
1776 3818 1938 3857 Liebelei“
1943 3801 2463 3868 means frivolons love."The
2462 3824 3193 3865 Me Tiekar, as a meddlesome neighbor of
1728 3842 2452 3893 Reckoning'' mar be accepted as a title
2475 3845 3208 3895 Christine's, dent excellent support to the
1720 3875 2791 3924 that aptiy implles the consequences. For jleading charncter.
3164 2258 3264 2319 #e
3190 2412 3257 2460 1
3198 2449 3260 2493 A.
3198 2486 3260 2551 8
