3436 4224
407 199 624 268 Liebe
229 175 1355 310 5.— box 11/1
658 1152 1122 1251 Ausschnitt aus
554 1385 1254 1526 Das Kleine Journal, Berim
864 1628 1183 1713 30.10.03
661 1712 1128 1803 Schiller=Theater N.
400 1766 1487 1848 Im Schiller=Theater N. ging gestern Arthur Schnitzlers
324 1834 1483 1892 dreiaktiges Schauspiel „Liebelei“ zum ersten Male in Szene¬
327 1872 1488 1930 Die Rolle der Christine lag in den Händen von Else Wasa.
328 1913 1494 1971 Die Darstellerin zog sich mit Ehr. aus der Affaire, sie zeigte
317 1961 1487 2028 viel waime Innerlichkeit, wenngleich sie auch den tiefen Inhalt
325 2012 1495 2070 ihrer Aufgabe nicht auszuschöpfen wußte. Dasselbe gilt auch
319 2056 1482 2101 von dem Friz Lobheimer Georg Paeschkes. Wahr¬
320 2108 1493 2167 scheinlicher wirkte die prächtige Mizi 4Schlager, Elisabeth
328 2139 1479 2196 Gußmann, das süße Mäde, mit seiner frischen
315 2202 1480 2247 Natürlichkeit, in der es sich längst abgewöhnt hat, das Leben
325 2213 1490 2292 ernst zu nehmen. Einen samozen Purtner fand die Künstlerin in
322 2274 1470 2338 Bernhard Herrmann, der gleichfalls in glücklichster Weise auf
310 2317 1492 2363 den Ton seiner Aufgabe gestimmt war, sehr drollig und erheit##nd
308 2359 1486 2421 wirkte und der auch im dritten Akt in charakteristischer Weise die rgklose
313 2408 1488 2464 Verlegenheit zu zeichnen wußte, in welcher er sich, angesichts des
309 2455 1496 2494 Ausbruchs, der ihm in seiner Oberflächlichkeit nicht faßsaren,
319 2494 1479 2542 tötlichen Verzweiflung Christines gegenüber befand. Vortkfflich
312 2536 1478 2589 gab Max Pategg den Vater Christines und ganz ausgezeihnet
317 2578 1495 2629 war Agnes Werner in der Charge der Frau Binder. Mit
312 2624 1487 2679 der kleinen Rolle des betrogenen Gatten fand sich Friedrich
309 2670 1486 2719 Krüger nach Kräften ab. Das ergreifende Werk fand
311 2717 1477 2778 eine entsprechende Aufnhme. Dem Schauspiel folgte der vierte
318 2757 1470 2818 Einakter „Literatur“ aus Schnitzlers „Lebendige Stunden“.
311 2800 1486 2843 Das reizende Lustspiel fand eine ganz ausgezeichnete Wieder¬
319 2845 1488 2894 gabe, Elisabeth Gußmann, die Schriftstellerin mit der
308 2883 1486 2936 Vergangenheit, Bernhard Herrmann in der Rolle
309 2926 1498 2981 des beschränkten aber äußerst korrekten Baron Clemens und Erich
319 2984 1487 3033 Ziegel, der Kunst=Zigeuner, sie alle traten mit vollem Erfolg
321 3017 1486 3066 für ihre dankbaren Aufgaben in die Schranken. Das geistreiche
312 3060 1496 3123 Werk löste die behaglichste Heiterkeit in dem dicht besetzten
322 3100 555 3165 Hause aus.
1375 3109 1492 3192 8
2038 1001 2844 1070 Dr. Max Geldschhner
2212 1084 2680 1160 " Bureau für
2197 1135 2702 1218 Zeitungsausschnitte
1951 1198 2946 1290 verbunden mit direktem Nachrichtendienst durch
2194 1264 2715 1332 sigene Korrespondenten.
2475 1314 2888 1391 Telephon: III, 3051
2001 1330 2368 1402 Berlin N. 24.
2033 1353 2931 1431 —
2230 1438 2682 1530 Ausschnitt aus
2075 1579 2693 1677 Nationalzeitung, Berun
2485 1691 2797 1782 30.10.03
2865 1723 2944 1778 S
1889 1884 3031 1968 (&h Schillertheater N. Süß duftete es gestern im
1810 1951 3034 2003 Schiller=Theater nach Veilchen und Lavendel. Der Duft ging aus
1793 1995 3041 2047 lvon Schnitzlers „Liebelei“, die gestern auf ihrer Rundfahrt über
2356 2027 3019 2096 chiller=Theater gelandet war. Das
1803 2045 2073 2100 alle deutscen
1803 2082 3018 2135 Drama des süßen Mädels versägte auch hier nicht seine Wirkung.
1819 2111 3028 2169 Als es vor acht Jahren im Burgtheater zu Wien zum ersten Mal
1807 2155 3024 2214 über die Bretter ging, da war Schnitzler selbst noch eine Café¬
1807 2184 3024 2245 hausgröße, über deren Gehaben er im zweiten Stück des gestrigen
1813 2223 3030 2283 Abends so geistvoll spottet. Heute zählt er zu den Besten der
1809 2267 3013 2319 deutschen Literatur. Er hat die „Liebelei“ nicht mehr überboten.
1817 2316 3028 2373 In ihr llegt sein feinstes Empfinden, seine tragische Sentimentalität
1809 2348 2979 2425 und der leise Hauch des Odems einer künstlerischen Stadt —
1812 2393 3034 2455 von Wien. Damals vor acht Jahren hat die Sandrock die
1813 2445 3031 2490 Rolle der Christine kreirt. Mitterwurzer hat die peinliche
1817 2463 3028 2510 Rolle des fremden Herrn und Sonnenthal den Vater der
1815 2502 3026 2589 Christine gespielt. Gestern ist man nicht so auf den Höhen der
1813 2552 3031 2594 Darstellung gewandelt, aber es war wieder eine jener gerundeten,
1818 2592 3036 2637 sorgsamen Vorführungen, an die das dankbare und verständige Publi¬
1820 2626 2887 2679 kum dieses Theaters bereits gewohnt ist. Frl. Wasa spielte di
2996 2648 3039 2700 *
1828 2667 2856 2720 stine besonders in den tragischen Momenten mit großer
1825 2705 2851 2757 keit, Herr Pategg war schlicht, wenn auch zu wenig ri
1813 2747 2845 2798 der Rolle des Vaters, die Mizi Schlager des Frl. Gu
2982 2777 3033 2837 er
1817 2781 2868 2836 war tadellos in ihrem Wienerisch, wenn sie auch etwas
1820 2822 3033 2876 hätte sein können, Herr Paeschke, sonst vornehm als Fritz Lobheimer,
1812 2859 3033 2918 spielte zuviel Theater. Lustig war Herr Herrmann als Theo¬
1816 2897 3025 2966 der Kaiser, Herr Krüger und Frau Werner entledigten sich
1809 2939 3039 2992 gut ihrer Aufgaben. Nach Veilchen und Lavendel gab es Paprika
1839 2989 3035 3028 — das kleine Schnitzlersche Lustspiel „Literatur“, das noch von den
1818 3021 3032 3075 „Lebendigen Stunden her in ebensolcher Erinnerung steht. Das
1823 3064 3034 3111 graziöse Lustspiel wurde im Schillertheater nicht recht verstanden;
1815 3102 3027 3152 das bürgerliche Publikum ist diesem Milieu fremd und manche Witz¬
1823 3135 3043 3173 rakete versagte ohne Zündung. Die Darstellung war in den beiden
1818 3173 3029 3230 Herrenrollen (Herr Herrmann und Herr Ziegel) recht gut.
1827 3217 3039 3270 Frl. Gußmann aber hatte nicht die Ueberlegenheit (was wohl
1820 3252 3044 3311 ihrer Jugend zu Gute zu halten ist), die Frauen vom Schlag dieser
1815 3301 2747 3365 Margarethe in die Konversation zu bringen wissen.
