3248 4320
1344 171 1417 261 1
435 155 794 241 Liebele
265 145 1376 281 5. Lrasse1 box 10//1
1719 1032 2772 1114 müßte, deren Geltendmachung vielleicht den Kampf
680 1029 1719 1116 nisse, die sich hier im verflossenen Sommer abspielten,
189 1034 674 1120 Weise gereitel werden
212 1103 674 1172 vor seinem Meister¬
680 1107 1720 1164 wurden von der öffentlichen Meinung Europas
1716 1098 2759 1168 Aller gegen Alle auf der Bakanhalbinsel entfesseln,
227 1143 355 1216 Alle
673 1151 1722 1224 kurzweg als das Werk bulgarischer Politiker
340 1145 678 1231 Parteien sind
1717 1126 2775 1232 gewitz aber eine einseitige Erweiterung der Macht
1722 1204 2376 1265 Bulgariens verhindern würde.
685 1193 1725 1270 bezeichnet und in Sophia selbst hat man sich mit
199 1185 355 1277 krank.
1822 1218 2776 1313 Die Matadore der kürzlich von dem Metro¬
679 1245 1719 1318 der Entkräftung dieser Anschauung durchaus nicht
1723 1283 2775 1350 politen Clement in einer schönen Leichenrede ge¬
687 1288 1733 1358 echauffirt. Die schwächlichen officiellen Ableug¬
233 1398 680 1464 Mimicry. Es sieht
202 1399 253 1448 r
686 1402 1717 1467 er begraben ist, erfährt Christine seinen Tod, und ent¬
1729 1395 2775 1446 welchen Zufall sich dieses Vorstadtstück auf die
192 1439 684 1507 Volksstückes, wie ihn
1718 1443 2767 1506 Bühne verirren konnte, auf der Schiller und Grill¬
678 1443 1721 1507 deckt, daß er einer Frau wegen gestorben ist. Aus
189 1493 677 1557 nger, O. F. Berg und
1729 1500 2762 1552 parzer heimisch sind. Man sieht daraus, daß das
680 1495 1719 1562 Verzweiflung darüber, daß sie für ihn, dem sie
180 1543 685 1603 Vorstadthühnen ausge¬
1722 1543 2768 1610 pikante Naturspiel der Mimicry unter Umständen
696 1544 1726 1595 sich ganz gegeben, nur ein Spielzeug war, geht
1726 1589 2765 1653 für das Geschöpf, an welchem es stattfindet, ge¬
184 1589 678 1661 ind Färbung zum Ver¬
688 1592 1727 1657 sie in den Tod. Das erscheint auf den ersten Blick
1726 1641 2769 1698 fährlich werden kann. Bisweilen läßt man einen
188 1635 680 1707 5, daß man — Zoo¬
684 1644 1724 1701 als die banale Nähmamsellentragik, von der O. F.
189 1680 678 1749 gen Unterschied zu be¬
1731 1690 2768 1737 Schmetterling vorsichtshalber in Ruhe, der so aus¬
686 1684 1719 1738 Berg lebte; man könnte daraus eine jener rühr¬
201 1739 689 1805 Wahrheit einer ganz
1734 1739 2764 1794 sieht wie eine stachelbewehrte Wespe, bisweilen aber
693 1737 1723 1795 seligen Geschichten aus dem Wiener Leben machen,
194 1776 683 1849 öher und verwickelter
1728 1787 2774 1841 schlägt man einen solchen Schmetterling aus dem
690 1781 1726 1848 welche der Leserkreis gewisser Blätter von seiner
1727 1831 2779 1893 nämlichen Grunde vorsichtshalber einfach todt.
204 1821 690 1901 das Burgtheater ist
690 1833 1720 1903 Zeitung als Sonntagsleckerei fordert. Sämmtliche
182 1872 689 1943 ie. Man werfe einen
1724 1880 2780 1940 Dieser Gefahr ist Schnitzler's Schauspiel nicht
690 1887 1711 1947 Personen und Vorgänge, alles Beiwerk, alle Ge¬
185 1934 683 1999 zeichniß: Hanns Wei¬
1715 1924 2780 2007 völlig entgangen, ganz unlädirt ist es dem Publicum
690 1930 1710 1992 danken und Empfindungen, Alles ist wie im Vor¬
191 1972 685 2044 inem Vorstadttheater;
1725 1976 2079 2049 nicht entwischt.
685 1976 1718 2042 stadtstück. Mizi Schlager, die fesche und leichtlebige
1814 1998 2774 2088 Worin aber, so fragt man, soll auch der tiefe
190 2014 691 2093 katharina Binder, Frau
686 2031 1719 2095 Putzmacherin, Katharina Binder, die Strumpf¬
186 2077 677 2151 t Lobheimer und Theo¬
1725 2072 2775 2136 Unterschied zwischen der „Liebelei“ und einem
688 2078 1718 2136 wirkersfrau, die für die Christine einen Gatten
191 2121 682 2194 ein Herr ... wundert
1724 2123 2764 2197 gewöhnlichen Vorstadtstück liegen? Man horche nur
687 2124 1714 2198 wüßte, der „sehr ein anständiger“ Mann ist und
190 2167 678 2237 onen aegenüber Bura¬
1723 2168 2776 2228 genauer hin, und man wird durch die geräuschvolle
1605 2178 1717 2236 der
693 2171 1621 2226 eine feste Anstellung hat, Theodor Kaiser,
190 2220 678 2285 sen? Ist das nicht der
1720 2217 2769 2281 Ausgelassenheit und schluchzende Rührseligkeit dieser
686 2215 1723 2277 Spaßvogel, lauter gute Bekannte! Vor Allem aber
186 2266 684 2333 jerg'schen Stückes? Und
1719 2270 2775 2324 Alltagsscenen hindurch die le sen Stimmen einer
685 2269 1724 2326 der Dialog! Er ist zusammengesetzt aus all' den
189 2322 680 2395 eles scheint diesen ersten
1729 2310 2775 2384 Poesie vernehmen, mit welcher das Vorstadtstück
684 2315 1717 2380 Redensarten und Wendungen, die Jedem in den
183 2365 429 2433 bestätigen.
1723 2369 2775 2419 nichts zu schaffen hat. Wenn Schnitzler wirklich
687 2366 1721 2417 Ohren liegen, der in Wien lebt, alle Gemeinplätze
1722 2410 2768 2466 nur ein solches schreiben wollte, dann hat er viele
239 2401 689 2477 Liebesroman eines
686 2416 1726 2488 Wienerischer Lebensweisheit werden gelegentlich in
1728 2457 2768 2521 Mühe und Feinheit aufgewendet, die ihm das
190 2455 684 2519 erstochter Christine, mit
689 2464 1496 2538 ihren stereotypen Formeln vorgebracht.
1720 2505 2772 2582 Publicum der Vorstadtbühne schwerlich danken
204 2512 682 2575 jungen Herrn, Fritz
787 2500 1724 2572 Der erste und namentlich der zweite Act ist
182 2563 683 2631 nit der völligen Hingabe
1722 2560 2774 2623 würde. Die einfache rührende Seelengeschichte
693 2551 1726 2632 so voll von solchen Dingen, daß die Täuschung
1716 2607 2768 2681 zweier jugendlicher Menschen wollte er darstellen,
189 2609 683 2670 dchenseele; Fritz sucht
690 2606 1720 2672 durch Mimicry für Viele zu einer vollständigen
180 2655 684 2722 ung und Erholung von
1726 2648 2775 2715 täuschend wahr abgebildet, wie sie sich auf Wiener
688 2659 1728 2733 geworden sein mag. Mancher alte Burgtheater¬
178 2704 685 2775 denschaftlichen Verhält¬
1720 2704 2779 2763 Boden zutragen würde. Die mundartlich ange¬
689 2705 1719 2761 besucher dürfte die Aufführung eines derartigen
182 2755 683 2817 en Dame. Der Gatte
1728 2752 2774 2819 hauchte Sprache dieser Menschen und alles Andere,
698 2757 1725 2822 Stückes im Burgtheater geradezu als Scandal
176 2806 2759 2889 im Duell. Erst nachdem empfunden und sich entrüstet gefragt haben, durch was an der Mundart hängt, ist nur die natür
