3436 4224
905 124 1347 216 box 11/2
375 126 763 208 Liebelei
213 134 794 241 5. Kenennenen
1212 526 1617 614 Telephon 12801.
452 674 1579 799 S Mm ern
463 772 1617 866 O l. österr. behördl. konz. Unternehmen für Zeitungs-Ausschnitte
459 814 540 866 6
481 858 555 898 0
619 842 1517 929 Wien. I., Concordiaplatz 4.
449 891 567 951 1
849 908 1275 982 Vertretungen
482 950 1597 1038 0 in Berlin, Budapest, Chicago, Christiania, Genf, Kopen¬
451 993 500 1029 5
444 1016 1604 1066 hagen, London, Madrid, Mailand, Minneapolis, New-Vork,
542 1053 1568 1119 Paris, Rom, San Francisco, Stockholm, St. Petersburg.
469 1046 525 1124 6
866 1089 1249 1140 (Qnellenangabe ohne Gewabr.)
471 1130 912 1227 " Ausschnitt aus
444 1169 523 1237 5
930 1159 1553 1278 essburger Tagblatt
438 1228 676 1300 E vom:
561 1331 1376 1416 Theater und Kunst.
553 1410 1503 1490 „Libelei“ Wohl nur als eine Konzession
446 1460 1491 1537 für literarische Feinschmecker wurde gestern
550 1522 1479 1583 citzler's dramatisches Bruchstück „Lie¬
442 1551 1486 1637 bakei“ münferem Sommertheater gegeben. Das
449 1620 1486 1688 große Publikum liebt nicht so ernste Dinge,
438 1684 1484 1736 auch kehlt ihm hiezu — seien wir offen — das
449 1714 1476 1770 Verständnis. Schnitzler hat mit diesen paar le¬
436 1770 1483 1840 benswarmen Szenen einen Schlag gegen den
448 1820 1483 1883 jugendlichen Leichtsinn und die verlotterte Mo¬
446 1880 1490 1934 ral unserer Zeit geführt. Man sah das Werk
441 1913 1486 1964 hier in teilweiser besserer Gestaltung, als ge¬
440 1973 1500 2018 stern, immerhin aber gab es Einzelleistungen
446 2019 1481 2078 von theatralischem Werte. Vor allem erhob sich
444 2060 1475 2115 die Trägerin der Rolle der „Christine“ Frl.
442 2116 1478 2167 Paula Dürr weit über das gewohnte Pro¬
437 2168 1475 2228 vinzuiveau. In ihrer Darbietung lag reali¬
437 2217 1475 2266 stischer Zug und dennoch verklärte sie den Cha¬
434 2263 1479 2312 rakter poesievoll zu dramatischer Höhe. Ihre
442 2315 1478 2370 Herzenstöne sind von bezwingender Wärme
438 2367 1476 2422 und überzeugender Natürlichkeit. Kerngesun¬
437 2404 1469 2477 des Talent liegt auch in den Fähigkeiten des
438 2462 1471 2523 Frl. Tini Frank, die mit ihrer „Mizzi Schla¬
434 2515 1475 2568 ger“ durch natürlichen Ton und humorvolle
436 2555 1476 2622 Diktion sich auszeichnete, zumal sie zur Chrak¬
436 2600 1478 2674 terisierung scharfe Konturen einzusetzen ver¬
443 2660 1476 2721 steht. Herrn Gerhardt, der den „Theodor“
431 2714 1479 2764 gab, schätzen wir längst wegen seiner naturali¬
438 2753 1471 2808 stischen Spielweise. Er ist ein Detaillist, den
437 2809 1476 2858 man scharf beobachten muß, um seinen Wert
433 2853 1475 2906 als Akteur vollauf würdigen zu können. Der
434 2900 1479 2962 Mann arbeitet geistvoll mit den einfachsten
430 2947 1464 3008 Mitteln. Frau Hedwig May war als „Katha¬
426 3007 1472 3058 rina“ maßvoller, wie sonst, sie spielte diesmal
420 3038 1479 3099 für's Parkett und nicht für die Gallerie. Den
429 3096 1473 3155 „Fritz“ verkörperte Herr Lerch. Der junge,
420 3154 1471 3207 strebsame Darsteller gewöhnt sich seit einiger
432 3197 1475 3249 Zeit einen ganz unmännlichen, larmoyanten,
430 3242 1475 3293 weibisch=süßlichen Ton an, der abscheulich wirkt.
421 3305 1483 3350 Seine ernstesten Momente grenzten gefährlich
425 3342 1470 3393 an's Parodistische. Wenn er rühren will, fiebrirt
432 3392 1477 3438 er sein Organ in komische, ennuchische Höhe.
427 3442 1470 3494 Eine eklige Manier! Wenig Farbe hatte der
424 3493 1469 3549 „Weiring“ des Herrn Skal an sich. Auch mit
422 3537 1472 3597 Direktor Blasel als „Ein Herr“ waren wir
421 3591 1471 3635 diesmal nicht zufrieden. Die Rolle hat zwar
421 3629 1476 3697 wenig Worte, er gab ihr aber zu viel Posen.
430 3676 1472 3730 Dieser „gefährliche“ Unbekannte ist aber nichts
428 3736 1461 3781 weniger als ein Poseur. So klein auch das
422 3779 1472 3830 Publikum gewesen, es war den Darstellern ge¬
423 3830 936 3900 genüber doch dankbar.
1327 3831 1438 3913 F.
479 3884 774 3945 — 012 K —
1891 188 2387 265 bigen itatientschen —.
1899 224 3009 300 Pia Monica angestrengt worden.“ Das italienische Gericht
1904 286 3111 350 keine Signora Toselli, sondern nur eine Gräfin Montignoso und
1913 329 2571 382 st dieser gegenüber nicht zuständig.
1931 415 2787 502 S Welt und Wissen.
2260 497 2740 577 Theater in Köln.
1914 559 3107 607 — An Schnikzler=Abenden langweilt man sich nicht. Es ist zwar
2222 593 3116 658 che Atmosphäre, in die uns der Wiener Arzt
1894 606 2123 677 krine
1910 631 3109 688 hineinführt, aber er kennt seine Landsleute, die leichtlebige Welt
1909 683 3125 737 der Donaustadt, und weiß sie mit einfachen, aber sicheren Strichen¬
1902 728 3120 780 zu zeichnen. Der gestrige Abend im Schauspielhaus wurde
1909 751 3109 816 mit dem neu einstudierten dreiaktigen Schauspiel Liebelei er¬
1906 793 3113 852 öffnet. Es erzählt die rührende Liebe eines armen Mädchens, das
1916 841 3121 890 die Liebelei eines jungen Lebemannes ernst nimmt und seinen Tod,
1916 881 3112 931 den er im Duell findet, nicht überleben zu können meint. In
1903 905 3117 965 außerordentlich geschickter Weise ist der einfache Stoff zu einem
1913 943 3131 1005 lebensvollen Bilde entwickelt. Dem ersten Akt, der in das leicht¬
1906 988 3115 1040 finnige Milieu einführt, mangelte bei der Aufführung der letzte
1910 1019 3128 1089 Schliff eines flotten Zusammenspiels; auch ließen die nicht immer
1921 1063 3125 1124 glücklichen Versuche, die Dialektfärbung herauszubringen, den
1918 1098 3119 1161 eigenen Duft der blauen Donau vermissen. Im weiteren Verlauf
1920 1137 3125 1198 des Stückes, wo die einzelnen Persönlichkeiten mehr für sich
1922 1174 3127 1237 hervortraten, hob sich das Niveau merklich. Frl. Neuhoff verlieh
1923 1222 3127 1281 der setimentalen und für den Gegenstand ihrer Liebe oft recht
1922 1252 3129 1316 unbequemen Christine eine schöne Innerlichkeit, die uns an das
1920 1300 3119 1357 tiefe Unglück ihres guten Herzens glauben ließ. Frl. di Ranucci
1918 1329 3122 1397 war eine „fesche" Modistin, ihrem Liebhaber, Hrn. Dysing,
1915 1388 3130 1433 kongenial veranlagt, die beide das Leben nicht ernst nehmen, wie
1922 1421 3121 1479 es das Gegenpaar tut. Denn auch Fritz, der Todeskandidat, läßt
1905 1448 3140 1511 unter der konventionellen Tünche des Leichtsinns einen tiefer ver¬
2097 1715 2982 1855 Wien rConeördlaplatz 4.
2316 1843 2757 1906 Vertretungen
1928 1888 3063 1932 0 in Berlin, Budapest, Chicago, Christiania, Genf, Kopen¬
1900 1932 3067 1982 hagen, London, Madrid, Mailand, Minneapolis, New-Vork,
2012 1973 3045 2040 Paris, Rom, San Francisco, Stockholm, St. Petersburg.
2330 2012 2722 2073 (Quelienangabe ohne Gewähr.)
1909 2045 2421 2129 = Ausschnitt aus:
1919 2088 1951 2113 —
2448 2078 3033 2186 Köinische Zeitung
2254 2117 2518 2204 5.SE8 190,
1906 2147 2148 2219 E vom:
2214 2311 2874 2393 Theater und Musik.
1950 2372 3136 2437 X Köln. Im Schanspielhaus war als Abonnementsvorstellung
1921 2432 3141 2482 am 4. ds. ein Schutzlerabend veranstaltet, der das Schauspiel
1913 2450 2344 2501 Liebelei und den#
2443 2466 3133 2517 theater noch nicht gegebenen, aber
1917 2504 3139 2554 hier doch schon bekannten Einakter Das Abschiedssouper brachte.
1928 2536 3133 2586 Beide Stücke, insbesondere auch die Liebelei, wurzeln so tief in wiene¬
1922 2583 3142 2632 rischer Erde, daß sie nur von echten Wienern und allenfalls von
1912 2613 3132 2668 Münchener Darstellern richtig gegeben werden können. Schon bei letztern
1919 2653 3136 2700 geht etwas von der weichen Melodie des Wienertums verloren und
1922 2697 3123 2747 entstehen schärfere Linien. Bei der hiesigen Besetzung des Stückes hatte
1908 2719 3131 2788 fman leider mit Schwierigkeiten solcher Art zu kämpfen, daß keine echte
1917 2778 3126 2816 Stimmung erzielt wurde. Allerdings traf Berta Neuhof, die offenbar
1911 2812 3133 2868 Süddeutsche ist, nicht nur den Dialekt, sondern auch das sentimental
1913 2848 3119 2907 verliebte Wesen ausgezeichnet, und sie wäre für uns tadellos gewesen,
1921 2888 3114 2936 wenn sie namentlich auch in der Toilette um einen Hauch kleinbürger¬
1909 2934 3131 2980 licher gewesen wäre. Es kam zu viel von der Dame heraus. Dagegen
1915 2971 3127 3022 wurde die Wiener Stimmung vollständig zersprengt durch unsern sonst
1906 2996 3135 3060 so ausgezeichneten Richard Aßmann als Fritz. Es bereitete beinahe
1914 3044 3121 3100 physische Schmerzen zu hören, wie dieser Künstler sich mit dem Dialekt
1916 3088 3135 3128 abquälte, ohne etwas anderes dabei herauszubringen, als eine Mikosch¬
1912 3121 3130 3177 sprache, die mit Wien nicht das geringste zu tun hatte. Dadurch wurde
1906 3165 3111 3215 die ganze Figur unwahr, und man gewann kein Zutrauen zu ihr.
1913 3197 3117 3244 Gustav Turrian spielte den alten Weiring als eine menschlich höchst
1920 3234 3125 3287 sympathische Gestalt, die aber auch nicht recht glaubhaft in der heiklen
1908 3281 3121 3328 Schlußwendung war, weil die wiener'sche Voraussetzung fehlte. Einen
1915 3317 3122 3365 guten Wiener Typus stellte Walter Dysing dagegen als Theodor dar.
1906 3355 3122 3396 Claire Di Ranucci sprach zwar ein gutes Wienerisch, es gelang ihr
1909 3391 3109 3448 aber gar nicht den Charakter der leichtsertigen Mizzi Schlager so
1915 3432 3121 3495 farbenkräftig herauszuheben, daß der vom Dichter gewollte Gegensatz
1895 3474 3114 3530 zu Christine warmes Leben gewann. Dagegen war der kecke Einakter
1901 3511 3111 3570 Das Abschiedssouper ein darstellerisches Meisterstück. Walter
1897 3550 3116 3594 Dysing gab hier einen Wiener Lebemann, der die Nuancen des Wiener¬
1898 3576 3117 3638 tums noch viel seiner herausbrachte als der des ersten Stückes und
1891 3620 3116 3672 Margarete Frey bereitete es eine sichtliche Lust, mit ausgelassenem
1889 3668 3111 3708 Humor in die Eigenart eines kleinen Wiener Mädels bis zur vollen¬
1892 3713 3116 3758 detsten Echtheit jedes Tones unterzutauchen. Der Schluß war etwas
1899 3745 3132 3805 zu possenhaft. Wir haben da eine seinere Wendung gesehen, die darin
1894 3793 3124 3839 besteht, daß Annie, wenn sie zornig abgeht, noch aus einer bereit¬
1900 3822 3123 3903 stehenden Kiste eine Hand voll Zigarren mitnimmt. Das ist weniger
1902 3857 2390 3926 possenhaft und viel witziger.
