3436 4256
386 167 783 231 Liebelei
223 168 777 277 5. Senenennn
932 167 1357 249 box 10/8
1818 81 2569 127 rentst. frnsk. Trt Hit
1812 118 2737 171 content to purchase love in the present at tho
1807 149 2733 208 price, if need be, of deprivation in the kuture,
1819 184 2729 243 No attempt is madle hr Herr Schnitzler to gloss the
1804 228 2739 284 banality of this storv. In the first act Christine and her
1817 265 2729 324 friend Mizzi Schlager--once a milliner, now a convert to
1822 304 2729 351 the doctrines of Theodor—come tosupper at Fritz’s rooms.
1811 348 2732 390 The hilarions festival is interrupted by a visitor. Fritz
1819 381 2737 430 sces him alone, and after some conversation, in tile course
1811 418 2737 473 Sof which thegentleman's wile is more than once men¬
1820 459 2741 511 tioned, Fritz states his intention of remaining at home the
1815 498 2730 550 next day until twelve o’clock in csse the gentleman should
1820 534 2735 587 care to send twoof his friendls to make arrangements for a
1814 575 2729 613 further interview, at which the subject may be treated
1815 613 2739 672 more at large. In the sccond act Fritz comes
1826 656 2733 707 for the first time to Christinc’s room in her
1821 702 2742 745 father'’s house. He has a presentiment be will be killed
1813 726 2748 787 Pand feels the need of her affection. Her room, with its
1826 778 2745 820 humbleness, its homeliness, its aloofness from the world,
1827 800 2745 867 charms him. He examines the pictures or the walls, the
1823 849 2750 889 #tew books on the shelves, the bust of Bectnoven over the
1818 884 2749 942 stove, the imitation flowers on the table, The girl, half
1827 923 2746 974 shamed, half Hattered, holds her breath as he goes from
1823 968 2745 1012 object to object, and when his feelings find vent in some
1829 1012 2742 1052 trite words of approval she is speechless with delight,
1836 1029 2755 1086 while poor chicken-hearted Fritz, trembling already
1836 1078 2745 1126 for the miserable existence his folly has endangered,
1833 1126 2763 1173 is touched and softened, and a doubt suggests
1835 1160 2749 1213 itself that the happiness he sought with euch
1835 1201 2763 1254 frenzied desire among such different surroundings
1829 1238 2759 1301 was verhaps waiting for him here all the time, to be had
1831 1276 2759 1325 fortho deserving. Heparts from Christine with unscenstomell
1833 1314 2766 1361 tenderness, and the girl, convinced at last that his love is
1833 1354 2755 1391 sincere, awaits with trustful anziety his return from an
1838 1389 2760 1434 alleged journey to his home in the country. Then after
1839 1430 2761 1490 two days of silence she learns that Fritz is dend;
1840 1480 2749 1529 that ho has been killed in a duel; that he
1838 1515 2754 1562 fought for the sake of another woman; that he died with¬
1848 1545 2758 1596 out leaving a letter, a message, a word of ang kind for
1846 1598 2754 1642 Christine. She is told she cannot even see him agein.
1843 1625 2761 1682 He is already buried. She would even do well
1835 1658 2765 1726 not to go to his grave for a day er two lest
1831 1709 2763 1763 her prayers should disturb the pravers of bis re¬
1995 1744 2759 1800 *I am not going there to pray,?' she
1841 1747 1994 1806 lations.
1843 1786 2756 1837 cries, as she rushes from the room. Theodor and Mizzi
1835 1816 2757 1873 follow. Her old father is wiser." She will never come
1844 1868 2760 1923 back, he moans, as he falls on his knees and covers his face
1841 1905 2126 1961 with his hands.
1875 1928 2750 1989 The crudeness, the undramatie indefiniteness of the
1839 1989 2769 2047 play as a whole is almost atoned for by the excellenco of
1841 2004 2769 2064 #this concluding scene. Its distinctive merit, apart from
1839 2054 2763 2126 its conception, lies in its extraordinary simplicity, its
1849 2109 2762 2158 absence of all generalisation of grief. As blow
1841 2132 2753 2183 after blow falls on the unhappy girl the re¬
1846 2172 2755 2231 sponse comes in a cry of anguish as natural, as
1841 2213 2757 2269 entirely reflex as the vibration of a musical instrument.
1847 2261 2754 2306 There is no railing at the barrier of birth or riches, no rant¬
1839 2294 2765 2345 ing against the selfishness or heartlessness of the man who
1847 2331 2761 2374 has wrecked her life; no rhetoric of any kind. It is
1842 2370 2770 2427 throughout the plain passionate utterance of a human
1845 2415 2768 2479 being who suffers, like an unreasoning crcature, withont
1845 2444 2768 2506 questioning the justice or injustice, without secking to
1849 2488 2766 2532 analyse the causes of its suffering. When she realises she
1856 2537 2776 2578 was no more than her lover’s plaything, it is the thought;
1855 2564 2764 2609 that he could never have understood the love she bore him
1855 2606 2770 2661 thattortures her; when she is told she had noright to stand
1857 2645 2774 2703 with his relations beside his grave it is the recognition
1857 2692 2784 2744 for the first time of the gulf between them that causes her5
1853 2733 2769 2778 greatest anguish. As an expression of purely individualis¬
1857 2770 2781 2816 tic self-centred emotion the scene has perhaps no equal in
1855 2802 2787 2847 modern drama. This scene offers exceptional dilliculties
1851 2840 2775 2906 to the actress. It is long and in one key throughout. If
1849 2875 2778 2943 it were taken in a spirit of passive lamentation the result
1862 2920 2789 2971 would be deplorable. Fräulein Eliza Nilasson recognises
1859 2959 2788 3010 this clearly. She attacks it and carries it through to the
1862 2997 2796 3064 end with extraordinary vigour. She is throughout a
1859 3044 2782 3083 woman struggling with all her soul against the afflictions
1859 3084 2778 3128 that are heaped on her. She never once gives way to that
1865 3123 2779 3166 lachrymose self-pitring plaintiveness that so many
1864 3155 2778 3196 actresses — and for that matter actors too — in¬
1864 3193 2787 3251 dulge themselves in. Nor does she once strike
1861 3230 2783 3280 the modern note of strident hystericism which
1865 3280 2786 3343 fars our nerves without commanding our sympathies. At
1874 3305 2798 3371 che commencement of the scene, when she rends the fatal
1869 3361 2783 3401 news in Theodor’s face and completes the sentence he com¬
1872 3386 2793 3440 mences, the word “dead'’ comes from her lips, not with a
1863 3422 2791 3476 shrick, but with the strong cry of a soul battling with the
1859 3460 2803 3526 agony it suffers. The same tone rings in the last words
1862 3504 2796 3565 that Christine utters as she rushes from the scene, and we
1875 3542 2804 3603 feel that the woman has done something to redeem the
1868 3580 2811 3636 weakness and unworthiness she hasshown in her love bytheil
1875 3620 2800 3672 strength and nobility she displays in her sorrow. Fräulein.
1861 3660 2794 3735 Eliza Nilasson by her performance of this part proves that
1877 3690 2798 3748 she is not only an actress of emotional power, which is rare,
1872 3721 2817 3809 but an actress of intellect and imagination, which is rarer
1876 3790 1975 3849 still.
