3436 4256
402 127 807 205 Liebelei
850 120 1372 227 box 10/4
221 129 806 247 5. LieteIeT
1007 1210 3324 1329 # hnose, kustliert wirs, gedung entstanden, die ihre Spitze in erster Linie Nach der Begrüßung be
608 1247 2827 1369 wirkt es erheiternd, wenn das Berliner Haupt= zwar gegen die Sozialisten der beiden Länder gerichtet
2820 1308 3319 1372 Gefolge zu Wagen in die
608 1319 2826 1405 organ unserer Sozialdemokraten den Sieg der zu haben scheint, die sich aber insofern auch gegen
2828 1358 3333 1414 Nachmittags um 2 Uhm
1711 1434 2843 1525 Konversationston guter Gesellschaft. Wie aber soll der zu Recht
2823 1448 3332 1514 unterhält. Daß Christin
837 1433 1519 1541 Kunst und Wissenschaft.
1718 1485 2843 1558 kommen, wenn fünf, zehn, fünfzehn Minuten nach dem Beginn?
2825 1503 3334 1564 ein paar lustige Stunden
1715 1530 2826 1596 eines Stückes Dutzende von verspäteten Zuschauern er¬
2822 1549 3331 1615 leben, sondern für die H
1722 1568 2827 1637 scheinen, sich in die Sitzreihen des Parketts drängen, rück¬
2824 1586 3336 1644 wenigstens vorübergehend
679 1576 1727 1663 Residenztheater. — Am 25. Juli: „A Tempo.“ Schau¬
1713 1614 2839 1679 sichtslos und mit Donnergepolter ihre Klappsitze nieder¬
2834 1630 3340 1697 sie eine unselige vergötte
616 1633 1725 1717 spiel in einem Akt von Enrico Montecorboli, aus
1722 1655 2820 1725 schlagen? Das sind Gewohnheiten, die die Wirkung eines
2820 1667 3332 1739 Mann faßt, dessen Leiden
612 1672 1666 1752 dem Italienischen übersetzt von R. Nathanson.
1731 1710 2828 1765 solchen Schauspiels zur Hälfte vernichten. Auch die Dar¬
2836 1716 3331 1776 nur zur Zerstreuung die
615 1719 1719 1808 „Liebelei.“ Schauspiel in drei Akten von Arthur
1721 1752 2822 1820 stellung selbst ließ viel, sehr viel zu wünschen übrig.
2834 1756 3325 1817 schmerzlichen Konflikt herh
606 1766 1284 1832 Schnitzler. (Zum ersten Male.)
1719 1791 2827 1858 Zwar Frau Körner (Baronin Antonietta v. Salm) spielte
2818 1803 3323 1868 Rausch eines tollen Aber
670 1803 1722 1882 Das fortgesetzte Gastspiel einer Künstlerin, wie Frau
1726 1837 2823 1912 die Rolle der erfahrenen jungen Weltdame mit feiner Be¬
2828 1845 3330 1913 Theodor, Christine und A
599 1839 1724 1929 Margarethe Körner, vermittelt uns die Bekanntschaft
1718 1871 2826 1949 weglichkeit, geistiger Belebung und einem Schmelz liebens¬
2825 1892 3310 1956 Fritz von dem Gemahl
607 1913 1719 1966 mit zwei dramatischen Neuigkeiten, die die meisten der in
1729 1923 2817 1993 würdiger Koketterie, die den lebhaftesten Beifall recht¬
2811 1933 3333 1998 der Dichter und der Theck
606 1939 1731 1994 diesem Sommer im Residenztheater vorgeführten Stücke
1718 1964 2820 2045 fertigten. Der Wiedergabe der anderen Gestalten durch
2813 1978 3304 2046 „Ein Herr“ bezeichnen)
599 1978 1714 2059 weit hinter sich lassen und vielleicht darum Aussicht auf
1716 2009 3326 2081 Frl. Krona (Sylvia Solatti) und die Herren Zeitzzogen, ein Duell auf Lebe
608 2029 1727 2104 längere Wirkung haben. Das italienische Schauspiel
1716 2063 3325 2121 (Marchese Solatti) und Klinkowström (Graf Maragliano) 'ssicht. Jetzt überkommt's
605 2078 1720 2152 „A Tempo“ ist im Grunde nur ein etwas ausgedehntes
1726 2100 2821 2168 fehlte es an Eleganz und lebendiger Mannigfaltigkeit des
2816 2103 3335 2178 Sahnung, aber auch in dies
599 2106 1720 2193 dramatisches Sprichwort. Eine junge, von ihrem Gemahl
1714 2141 2819 2213 Tons; es ist eben nicht zu verlangen, daß solche die sorg¬
2802 2149 3315 2223 Ldas liebende hingebende
606 2158 1721 2237 getrennt lebende Frau steht in Gefahr, ihren Liebhaber,
1714 2182 2821 2264 fältigste Detaillierung fordernde Figuren so beiher ver¬
2818 2200 3296 2269 Christine keinen Blick in
601 2203 1718 2275 den Grafen Maragliano, zu erhören, wird dieser Gefahr
1722 2226 2050 2290 körpert werden.
2820 2245 3265 2309 Kliebendem Vertrauen.
605 2247 1727 2321 durch das Eingreifen einer klugen Freundin und die von
1785 2259 2829 2339 Die zweite und bedeutendere Novität des Abends, das
2817 2279 3327 2353 wird, worauf sie ein Rech
602 2294 1717 2366 dieser vermittelte in Wahrheit a tempo erfolgende Rück¬
1707 2310 2822 2379 dreiaktige Schauspiel „Liebelei“ von A. Schnitzler, hat
2817 2329 3336 2412 Tam Schluß des zweiten A
612 2342 1719 2415 kehr ihres Knaben glücklich entrückt — der Liebhaber hat
1723 2362 2821 2438 sich an einer Reihe von Bühnen schon bedeutenden Erfolgs
2817 2377 3316 2441 Und wie nun im dritten
595 2379 1720 2461 das Nachsehen und die Freundin den Triumph, eine zu
1719 2409 2817 2462 erfreut. Es ist eines der modernen Sittenbilder, die haupt¬
2813 2419 3328 2490 Christine erfährt, daß der
605 2421 1713 2510 Anfang begangene kleine Unklugheit ausgezeichnet wett¬
1712 2442 2817 2522 sächlich durch die Schärfe des Gegensatzes wirken, nur daß
2806 2464 3302 2537 einer andern willen in
595 2462 1714 2548 gemacht zu haben. Wie bei allen Stückchen dieser Art,
1715 2489 2820 2559 der Gegensatz in „Liebelei“ weniger in der Gegenüber¬
2816 2501 3305 2576 begraben ist, ohne daß
597 2503 1712 2585 die eine kurze Versuchung und seelische Wandlung dar¬
1709 2540 2817 2607 stellung, als in der Aufeinanderfolge tollen frivolen Über¬
2817 2551 3329 2615 einmal gesehen hat, daß zu
606 2558 1714 2638 stellen, ist der geschickt und selbst anmutig behandelte
1709 2582 2814 2650 mutes, leichtherziger Genußsucht und düsterer Tragik zu
2817 2602 3323 2664 es Herr Theodor Kaiser nich
601 2609 1713 2672 Dialog hier eine Hauptsache und von diesem pflegt auf
1708 2637 2812 2709 Tage tritt. Ein üppiger junger Wiener, Fritz Lobheimer,
2816 2635 3318 2702 funden hat, sie von der K
601 2654 1709 2711 dem Wege vom Original zur Übersetzung und von der
1705 2665 2820 2757 der in eine gefährliche Leidenschaft für eine (hinter den
2823 2692 3335 2751 wirft sie das Gefühl der Entt#
596 2693 1710 2773 Übersetzung zur theatralischen Darstellung immer ein Teil
1713 2721 2814 2790 Kulissen bleibende) verheiratete Frau verstrickt ist, versucht
2815 2733 3334 2792 entwürdigung und daneb
608 2732 1709 2813 verloren zu gehen. Doch ist noch genug übrig geblieben,
1710 2754 2814 2833 auf den Rat seines höchst erfahrenen und praktischen
2821 2773 3330 2841 Liebe, der verzweifelte Schn
600 2782 1711 2854 um „A Tempo“ den liebenswürdigsten und feinsten kleinen
1710 2804 2814 2875 Freundes Theodor Kaiser sich von dem Druck dieser Leiden¬
2812 2819 3321 2874 dem sie wenig mehr als ein
603 2824 1711 2899 Werken zu gesellen, die je auf den Brettern des Residenz¬
1707 2843 2814 2925 schaft durch eine Liebelei mit der Tochter eines Musikers,
2810 2863 3326 2925 und treibt das arme Mädche
603 2864 1725 2952 theaters erschienen sind. Schlimm nur, daß das hübsche
1708 2883 2819 2967 Christine Weiring, zu befreien. Er nimmt, er hält diese
2810 2905 3325 2971 der von Hrn. Theodor und
602 2910 2820 2992 kleine Stück sich in doppelter Weise ungeeignet für diese für eine der leichtfertigen Schönen von der Art ihrer Freundin
2808 2950 3327 3015 und Liebesphilosophie, die
592 2954 3320 3073 Bühne zeigt. Es fordert eine intime, Darstellung und den Mizzi Schlager, mit der Hr. Kaiser seinerseits eine Liebschaft sihres eigenen Vaters, er
630 3024 1678 3181 Kece M
1660 3048 2080 3207 Te
575 3133 1715 3326 M
