3484 4256
551 151 896 223 iebelei
356 155 1010 262 5. K. n ertenenenckh
1051 149 1480 247 bos: 10/3
1576 1344 1799 1438 ——
1205 1414 2338 1477 emus des Lebens mit der idealen Weltanschauung des Dichters,
1199 1467 2332 1530 e sieht schon in der Schuld für sich, wenn sie der Schuldige
1195 1511 2332 1551 ur ehrlich bekennt, eine Sühne, und vielleicht ist es nur ein
1191 1546 2353 1598 zugeständniß an das moderne Gesellschaftsprinzip, das ihn diese
1197 1576 2333 1646 Sühne zum Tod im Duell sich tragisch zuspitzen läßt. Und das
1193 1623 2331 1685 st es, was an seinem Drama, dem nebenbei bemerkt, ein anderer
1189 1668 2339 1717 Titel vielleicht besser gestanden hätte, packt und rührt — nicht
1186 1707 2333 1753 illein die meisterhafte Charakterschilderung und die Treue des
1183 1733 2337 1791 Lokalkolorits, vor allen Dingen die ernsthaft ethische und prak¬
1175 1785 2327 1841 tische Auffassung und Verarbeitung eines in der That alltäg¬
1181 1818 2350 1880 lichen Stoffes, die Konsequenz der Durchführung und duneben
1178 1846 1708 1904 der Muth der Aufrichtigkeit —
1720 1869 2344 1915 das ächt menschliche Mitempfinden
1168 1891 1477 1940 des Dichters —
1478 1903 2328 1971 ein glücklicher Griff fürwahr und eine achtungs¬
1169 1931 1468 1984 werthe Arbeit!
1206 1953 2317 2015 Und das ist es auch, was uns und unserer Literatur noth thut:
1168 2004 2343 2075 ehrliche Gesinnung und redliches Mühen, auch im Dichtwerk
1165 2062 2333 2130 unser Dasein auf den Grund einer gefestigten Weltanschauung
1168 2091 2330 2156 zu stellen, nicht ein mehr oder weniger leichtfertiges Spiel mit
1175 2143 2334 2196 Schuld und Sühne im sozialen und persönlichen Leben zu
1164 2155 2320 2218 treiben, die Begriffe zu verwirren, und sich zuletzt mit irgend
1168 2212 2321 2268 einer tönenden Phrase der Verantwortlichkeit dafür zu entziehen!
1232 2250 2315 2310 Dazu gehört aber etwas mehr, als das Talent, Witze zu
1170 2296 2077 2355 machen und literarische Phantastereien zu treiben!
2091 2303 2347 2401 ng
1200 2351 2316 2431 (Farbenphotographien.] Ueber das von uns schon kürz¬
1168 2393 2321 2467 lich geschilderte Dr. Selle'sche Verfahren der photographischen
1169 2445 2322 2509 Aufnahmen in natürlichen Farben wurden beim letzten Projektions¬
1170 2477 2310 2540 abend der Berliner Freien photographischen Vereinigung einige
1162 2526 2310 2588 weitere Angaben gemacht. Das Selle'sche Verfahren gibt keine
1172 2569 2324 2626 Photographie der Farben, sondern gefärbte Photographien. So¬
1156 2603 2305 2661 wohl die drei zu jedem Bilde erfordeklichen Negative, wie auch
1157 2647 2307 2705 die davon gewonnenen drei Positiyé sind, wenn sie aus der
1157 2679 2306 2731 Kamera kommen, einfach von demselben Ton, wie gewöhnliche
1160 2727 2314 2789 Photographien; ihre Farbenpracht wird erst dadurch erzeugt, daß
1168 2758 2307 2826 man sie färbt, d. h. in eine bestimmte Anilinfarbenlösung ein¬
1152 2790 2307 2866 taucht. Das Wesen des Verfahrens und seine hohe Bedeutung
1162 2833 2303 2907 besteht darin daß es dem Dr. Selle gelungen ist, jene drei Farben
1164 2878 2304 2945 in einer Abstufung festzustellen, welche die wunderbare Farben¬
1164 2924 2301 2974 racht erzeugt, und außerdem das Verfahren technisch so auszu¬
