3436 4192
442 76 815 161 Liebelei
252 70 826 196 5. K. and
170 855 815 955 sie sich ihrem Vater anvertraut,
171 936 813 1004 eruhigen sucht. Theodor kommt
161 976 818 1051 Ervolle Wahrheit. Da bricht sie
161 1041 808 1099 hen: für eine andere hat er sich
169 1079 816 1162 hlicht ertragen, sie cilt davon, um
177 1248 808 1355 Obobessieldndssteste
166 1340 469 1442 FABRIK
635 1411 721 1500 #5
268 1434 642 1536 BLOCH
200 1521 411 1583 OLGER-
191 1572 451 1639 LIEFERANT
173 1627 422 1720 N VII. =
157 1707 727 1785 DFERGASSE 10—12
180 1800 802 1881 0000UOOGOUA DODDBOGO
155 2319 417 2395 sse Nr. 94
169 2375 418 2446 enhüte
165 2433 434 2521 ien 190
152 2641 761 2740 NGEL & C9.
155 2724 773 2795 Mädchen-Konfektion
159 2782 529 2855 erstraße 15
151 2849 364 2906 rgasse
465 2832 785 2925 Tel. 23.673
167 2964 796 3060 Ober-St. Veit, Schweizertal¬
152 3036 730 3106 asse 54, Einsiedeleigasse
161 3088 797 3152 liche Fahrstraßen. Von der Straßen¬
167 3142 237 3185 iie
261 3142 794 3190 8 und der Stadtbahnstation
149 3166 792 3247 t. Delt in 10 Mllnuten erreichbar.
178 3563 910 3637 „T
940 90 1400 197 box 12/4
1321 790 2905 864 „WIIIIIWWWWWT
1463 852 2814 949 Der Komponist hat Schnitzlers Drama, von unwesentlichen Kür¬
1348 934 2815 1004 zungen abgesehen, in unveränderter Gestalt zur Vertonung übernommen.
1471 971 2814 1042 Franz Neumann wurde 1874 in Prerau (Mähren) geboren. Er absol¬
1339 1028 2808 1085 vierte die Handelsakademie und war im Geschäfte seines Vaters tätig.
1341 1081 2819 1143 Bald gab er aber diesen Beruf auf und wurde Musiker. Er studierte am
1355 1134 2825 1192 Leipziger Konservatorium bei Jadassohn und Reinecke. Er kam dann als
1345 1173 2814 1228 Korrepetitor nach Karlsruhe und Hamburg, als Kapellmeister nach
1354 1230 2822 1296 Regensburg, Salzburg, Linz, Reichenberg und Teplitz. Seit 9 Jahren ist
1358 1280 2812 1343 er Dirigent am Opernhaus in Frankfurt a. M. Neumann komponierte
1345 1322 2822 1398 zahlreiche Lieder, Chöre, 2 Oratorien („Der Sturm“, „Heimgefunden“),
1340 1384 2817 1440 Zwischenaktsmusik zur „Versunkenen Glocke“, Musikbegleitung zum
1354 1442 2816 1501 dramatischen Gedicht „Pepi“, eine Oper „Werbung“, 2 Ballette, Kammer¬
1347 1480 1698 1560 musik u. a. M.
1464 1511 2813 1580 Die Uraufführung der „Liebelei“ als Oper fand 1910 fn Frank¬
1347 1570 2820 1652 furt a. M. statt. Das Werk wurde von Publikum und Presse beifällig
1357 1625 2621 1682 aufgenommen und auch an anderen größeren Bühnen gegeben.
1460 1669 2823 1743 Bei der musikalischen Bearbeitung kam es vor allem darauf an, den
1355 1720 2827 1805 Hotten Konversationston des Schauspiels möglichst zu wahren. Es treten
1345 1770 2830 1837 wohll einige eharakterisierende Themnen auf, die leitmotivische Bedeutung
1344 1816 2821 1878 erhalten, im allgemeinen ist aber die Musik der „Liebelei“ eine mehr
1351 1881 2826 1941 szenisch untermalende. Bei gesteigertem Ausdruck strebt auch die Musik
1350 1915 2579 1998 gelegentlich mit stärkeren Akzenten stärkere Wirkungen an.
1455 1947 2829 2036 Die Oper beginnt ohne Vorspiel: einige einleitende Takte und der
1348 2025 2815 2088 Vorhang geht auf. Ein fröhlicher Sechsvierteltakt schildert die heitere und
1350 2076 2829 2130 sorglose Stimmung beim Souper in Fritz' Wohnung. Ein zweites Tema
1349 2125 2822 2185 (espressivo) erscheint im Baß, wenn von Fritz' Eltern, ein weiteres (grazioso)
1344 2168 2829 2244 wenn von den beiden „herzigen Mäderln“ die Rede ist. Ein pochendes
1349 2235 2830 2295 Baßmotiv deutet die Gefahren an, die Fritz infolge seiner Verbindung
1346 2288 2827 2342 mit der „dämonischen Frau“ bedrohen. Dieses Motiv gewinnt im Weiteren
1341 2325 2828 2392 immer mehr an Bedeutung, es bereitet auf den unglücklichen Ausgang vor,
1343 2379 2834 2433 und ist wohl als das tragische Hauptmotiv anzusehen, Jedes der beiden
1352 2428 2818 2477 Mädchen erhält beim Auftreten ein charakteristisches Thema: Mizzi, die
1342 2462 2816 2529 Ubermütige, einige leichtfüßige Stakkatorhythmen, Christine, die Senti¬
1352 2534 2818 2594 mentale, eine schwermütig angehauchte Weise, deren weiche Linien den
1345 2574 2830 2640 wienerischen Lokalton ansspielen. Wichtig wird dann ein steigerndes
1344 2604 2829 2685 Motiv, das wohl von Christinens hingebender Liebe erzählen soll. Die Lied¬
1344 2664 2825 2738 einlage, „All mein' Gedanken, die ich hab“, ist die getreue Transkription
1339 2714 2830 2786 einer alten Weise aus dem „Locheimer Liederbuch“. Die Szene zwischen
1287 2762 1341 2829 2
2115 2851 2791 2931 Alle Arrangements in
1485 2859 2076 2934 W. BRONOLD
1406 2911 2791 2997 BLUMENSALON „FLORA“- frischen Blumen, Kränze,
2143 2952 2786 3038 Bukette-Dekor in größter
1466 2972 2062 3043 XVIII., Währingerstraße 132
1285 2971 1344 3038 2
2698 3006 2752 3074 :-
2298 3006 2633 3072 Ausführung.
1283 3029 1324 3070 *
2154 3016 2252 3069 ::
1430 3020 2060 3075 Cärtnerei: XIX., Hackenbergg.
2291 3060 2639 3114 Telephon 5094/VI.
1443 3065 2116 3119 Telephon Döbling-Gesellschaft 463/IV.
2467 3175 2819 3245 Gerade Front!
1532 3179 2153 3237 Keln Druck auf den Magen!
1695 3206 2676 3288 Mieder-Spezialitäten eigener Erzeugung
1423 3220 1475 3286 6
1544 3282 2817 3362 CORSET „IDEAL“
1702 3334 2661 3405 Wien IX., Alserbachstraße Nr. 5 Wien
1547 3364 2823 3454 Bestellungen nach Maß sowie Reparaturen werden schnellstens und billigst
2078 3428 2281 3472 ausgeführt.
1412 3418 2796 3536 — Mieder werden zum Putzen übernommen. —
1250 3460 1391 3540 :
1258 3530 2931 3618 WMTTTTTWTYYTTWWTTTTT•
