3344 4320
474 247 791 315 iebelei
244 235 1393 332 5. Llessie, box 10/6
1758 1406 2997 1477 i Dächer der Häuser blickt, aber auch zum dunkel auftauchenden Kahlen¬
1766 1446 2986 1520 berg, das Geräusch der Welt da draußen versinkt und der Liebelei
896 1384 1420 1579 Jeuilleton.
1763 1504 2980 1563 des feschen Fritz die starke, verzehrende Liebe des schlichten Mädchens
1776 1540 2980 1600 entgegentritt und der alte Musiker das herzensgute Wort ge¬
966 1553 1350 1620 Goethe Theater.
1777 1580 3068 1638 sprochen hat von den Erinnerungen an eine glückliche Stunde, die Al
677 1582 1769 1646 Nachdem Adele Sandrock am Mittwoch als „Maria
2972 1618 3076 1668 zu
1773 1624 2977 1678 schöner seien als das Bewußtsein eines reuelosen, aber glücksleeren
550 1633 1773 1700 Stuart“ starke Triumphe ihrer Kunst gefeiert, versuchte sie sich gestern
2966 1658 3061 1709 der
1765 1653 2982 1725 Daseins — da trat uns in Frl. Sandrock zum ersten Male über¬
559 1668 1770 1744 mit dem gleichen starken Erfolge in modernen Aufgaben Sie spielte
1771 1701 2975 1764 zeugend die große Künstlerin entgegen. Und sie wuchs von Scene
560 1714 1767 1766 die Christine in Schnitzlers vom „Deutschen Theuter“ her be¬
1770 1733 3074 1799 zu Scene bis zu ihrem erschütternden Hinausstürmen. Wohl ver¬ Lu
562 1750 1770 1808 kanntem, wundervollen Schauspiel Liebelei“ und die Tänzerin
2966 1774 3057 1828 Se
1764 1772 2984 1834 liert das Organ im Affekt mitunter an Wohllaut, aber hier wirkte
552 1784 1769 1856 im „Abschiedssoupee“. Es ist dies eine lustige Scene aus
1772 1800 2989 1877 dies nur noch mit, den Eindruck der starken Innerlichkeit ihres
566 1823 1770 1889 dem originellen Anatol=Cyklus, durch den Schnitzler sich zuerst
1776 1839 3058 1913 Schmerzes zu verstärken. Bei der Christine der Agnes Sorma war] Vil
565 1867 1775 1930 hervorgethan. Es ist überraschend, daß man nicht schon längst ein
1769 1888 3080 1956 das Alles elementarer, eruptiver, sie bezwingt aus einem starken] rick
552 1917 1772 1974 paar dieser seinen Studien, zu einem Einakteraben', vereinigt, auf die
1771 1926 3039 1997 Temperament beraus. Bei Adele Sandrock findet man die stufen= ge
564 1943 1771 2013 Bühne gebracht hat. Sie sind alle von eige. Reiz und was
1775 1976 2995 2037 weise Entwickelung, und erst aus Leid und Schmerz wird
1160 1995 1773 2058 von seinem Vorsiadtmädchen
561 1988 1171 2063 Anatol im „Abschiedssouver“
1768 2005 3088 2071 endlich das Temverament seiner Fesseln ledig und stürmt Liel
718 2028 1777 2083 das kann auch von diesen kleinen Anatol¬
549 2034 704 2098 sagt,
2972 2053 3093 2108 von
1774 2055 2980 2114 nun rückhaltlos vorwärts. Es sind eben zwei grundverschiedene
555 2059 1781 2138 Dichtungen gelten: sie erinnern an einen getragenen Wiener Walzer,
2972 2092 3096 2141 Yoc
1772 2092 2985 2155 Künstlerindividualitäten. Zudem ist bei Frl. Sandrock jedesmal
566 2111 1617 2179 sind sentimentale Heiterkeit, lächelnde schalkhafte Wehmuth .
2985 2132 3096 2182 zogt
1768 2124 2984 2189 immer noch ein starker Rest Sonnenthalscher Schulung, der immer
640 2132 1783 2211 Die Tänzerin im Abschiedssouver svielte Adele Sandrock
2975 2166 3108 2223 Yoe
1767 2177 2987 2238 wieder überwunden werden muß. Was sie aber als Christine
563 2188 1776 2237 sehr wirksam, mit drastischer Komik und manch guten Einzelzügen.
2970 2209 3113 2270 grür
1770 2196 2990 2281 in den letzten zwei Akten geschaffen hat, war wirklich grandios und
560 2230 1771 2284 Das Publikum kam aus dem Lachen gar nicht heraus, aber die Auf¬
2977 2245 3113 2298 Lieb
1770 2251 2283 2316 das Werk einer Künstlerin.
558 2267 1778 2328 fassung der Rolle war verfehlt. Die Tänzerin, mit der Anatol seit
2978 2287 3106 2339 Frai
1844 2273 2979 2341 Der Abend war der vielleicht glücklichste des Goethe=Theaters.
560 2305 1777 2367 acht Tagen zu brechen versucht, ohne es doch zu können, und die er selbst
2978 2326 3118 2376 vern
1773 2330 2990 2384 Das weite Haus war überfüllt. Und gespielt ist wohl noch niemals
570 2336 1787 2403 bei diesem Abschiedssouver nicht losgeworden wäre, wenn nicht zufällig
2984 2369 3111 2420 spiel.
1778 2368 2979 2432 dort so gut wie diesmal. Die Herren Stahl und Wehrlin
563 2384 1783 2455 sie mit ihm brechen wollte, muß doch viel graziöser und kapriziöser auf¬
2984 2407 3097 2455 das
1786 2405 2983 2472 und Frl. Rupprecht vereinten sich mit dem Gast zu einem lebens¬
563 2422 1777 2494 gefaßt werden als es in der Komik der Darstellerin geschah — es muß
2973 2443 3115 2495 Gatt.
1772 2434 2986 2507 vollen, vortrefflichen Ensemble, das auch der Stimmung der seinen
568 2461 1781 2518 etwas prickeln)) Reizvolles von ihr ausgehen, um den Bann, von
2986 2479 3114 2534 Gab
1773 2490 2993 2539 Dichtung gerecht ward. Im „Abschiedssouper“ trafen die Herren
557 2505 1776 2557 dem Anatol ich noch immer nicht losmachen kann, zu erklären.
2979 2514 3112 2572 Sehr
1772 2540 2991 2597 Bira und Grunewald sehr glücklich den selbstironisirenden und
551 2547 1771 2595 Fräulein Sandrock ersetzte diesen Theil ihrer Aufgabe durch eine
2981 2562 3097 2613 Wi
2739 2567 2913 2629 Ph. St.
1775 2573 2185 2641 pointirten Anatolstil.
563 2576 1787 2649 Fülle wirksamer Komik; so kam alles ein paar Nüancen ungraziöser
564 2626 1178 2700 und handgreiflicher zur Geltung.
2993 2638 3116 2712 Schu
2199 2631 2564 2705 Neues Theater.
636 2649 1792 2722 Auch in „Liebelei“ deckte sich die Gestalt der Christine nicht
1843 2667 2989 2745 ABr. Wenn geistreiche Köpfe den Beweis erbringen wollen, daß
560 2696 1787 2759 ganz mit der Darstellung. Fräulein Sandrock faßt die Rolle zu wenig
3009 2713 3126 2772 hatte
1775 2722 2989 2781 sie auch langweilig sein können, so wird ihnen das häufig recht sauer,
567 2735 1781 2794 wienerisch auf und auch zu wenig modern; sie svielte etwa aus dem
2992 2749 3112 2805 Der
1775 2762 2995 2825 denn hier und da kommt ihr Geist und ihr Witz ja trotzdem zum
568 2785 1775 2837 bürgerlich=romantischen Milieu der Freytagschen Dramen heraus, etwa
2985 2788 3137 2846 Witze
1787 2802 3004 2866 Durchbruch und läßt sich so leicht nicht unterdrücken. So ging es
574 2822 1778 2871 wie das Gärtnermädchen in „Graf Waldemar“ zu spielen ist. So kam es.
2980 2832 3132 2898 genüg
1775 2837 2998 2895 auch Gandillot, ihm, der uns manch einen überlustigen Schwank schon
575 2858 1779 2924 daß diese Christine in dem herzig fröhlichen ersten Akt ziemlich fremd
440 2842 576 2942 #
1774 2867 3140 2946 beschert hat, mit seinem neuesten Bühnenwerke, der „Villa Gabriele“, schien,
575 2903 1772 2950 erschien und der Gegensatz zwischen ihr und ihrer lustigen Freundin
1782 2906 3141 2972 einem „Lustspiele“, das mit den verbrauchtesten Mitteln arbeitet, die Tinge¬
579 2931 1789 2990 so unüberbrückbar groß war, daß an die Kameradschaft der beiden
1782 2952 3147 3021 ältesten Situationen ausnutzt, und Personen auf die Beine stellt, „aares
577 2974 1784 3033 Mädchen schwer zu glauben war. Aber mit Beginn des 2. Aktes,
574 2996 3155 3068 sobald sich die ersten Schatte wehmuthsvoller Sehnsucht auf die auf die der Staub des Theaterarchivs schon eine daumenstarke genügt
555 3022 3165 3123 Scene senken, sobald in dem Stübchen, von dem man über die Schicht gelegt zu haben scheint. Hie und da aber thut das Stück I zollt m.
