3436 4256
264 213 706 300 Liebelei
758 179 1273 306 box 13/7
384 251 675 313 ebUreI
366 1512 3328 1573 gehen, kommt Fritz, der sein Nichterscheinen entschuldigt und gesteht, Mizzi zu: „Eilen Sie ihr nach!" Sie gehen. Weieinger aber ist ihr vorzüglich. „Alle sagen, daß du r
376 1560 1541 1618 daß ihn die Sehnsucht hierher getrieben. Er besieht alle Sachen im
1534 1563 3343 1628 dies nicht möglich. Mit den Worten: „Ich kann nicht, ich kann wahr, du tust es nicht jetzt noch nich
369 1599 1534 1644 Zimmer und fühlt, wie aufrichtig es Christine mit ihm meint. Mit¬
1533 1601 3345 1657 nicht“ schleppt er sich mühsam von der Türe bis zum Fenster. Erst Wer vermochte sich des Eindruckes zu en
374 1643 1532 1692 leid und Liebe erfüllen ihn, er verlebt wonnige Minuten reinen
1523 1647 2677 1696 jetzt begreift er, daß Christine etwas vor hat. „Was will sie .. was
2654 1646 3349 1697 das Spiel auf ihn gemacht. Alles in
372 1669 1530 1733 Glückes bei diesem Geschöpfe und wird aus all der Seligkeit durch
1525 1682 2672 1744 will sie?“ Er sieht durchs Fenster ins Freie. Und nun erkennt er
2661 1688 3352 1733 Nur ein an Kunstlücken Herumlauernde
364 1719 1529 1767 Theodor ausgerüttelt, der ihn abholen kommt, nachdem er Christine
1527 1715 3346 1775 klar, daß er seine Tochter verlor; „Sie kommt nicht wieder, sie fiden, müßte Schwächen entdecken. Aber
1526 1747 1926 1822 kommt nicht wieder!“
378 1751 1539 1815 gesagt, daß er Auf ein paar Tage von Wien wegfährt. Noch läßt
2661 1749 3349 1817 den wir doch unter Berücksichtigung manche
371 1791 1543 1843 ihn sein Herz die Worte: „Ich hab dich lieb“ zu Christine sprechen.
1596 1809 3335 1859 Das Stück bietet jedem Darsteller eine dankbare Rolle. Fräu-anlegen müssen, gibt es nur das eine ge
386 1829 1544 1891 Er fühlt, daß Christine sein Glück werden könnte. Theodor verlacht
1528 1826 3340 1893 lein Hilde Brunn, die es zu ihrem Benesiz gewählt, hat damit einen das heißt; Vollste Anerkennung, Hut ab
374 1869 1529 1934 ihn und mahnt ihn zum Aufbruch. Fritz sieht im Zimmer hin und
1534 1869 3350 1931 glücklichen Griff getan. Die Partie der Christine ist sehr schwierig Beifall, viele Ehrengoben und ein sehr
366 1903 1538 1968 her, als wollte er noch einmal alles in sich aufnehmen. Mit den
1535 1912 3339 1968 und namentlich der letzte Akt stellt die höchsten Anforderungen an Lohn für Fräulein Brunn sein! Sie ka
367 1948 1528 2016 Worten „Leb wohl!“ drückt er Christine an sein Herz und geht
1527 1958 2670 2006 das ganze Können der Spielerin. Aber ihre Aufgabe hat Fräulein
2661 1953 3345 2012 zrückblicken. Fräulein Reichmann wirh
364 1986 641 2049 hierauf fort.
1512 1992 2674 2043 Brunn in geradezu glänzender Weise gelöst und sich als Tragödin
2664 2004 3348 2048 terstand es, die Gegensätze der Charakter
445 2035 3352 2093 Im dritten Akt finden wir Christine und Mizzi beieinander, bei uns allerbestens eingeführt. Es ist die Leistung deshalb um so Kolle lag ihr nicht nur gut, sie fand di
367 2063 2675 2119 Christine ängstigt sich um Fritz, daß er nicht schreibt. Sie gesteht höher zu werten, als die Dame noch nicht allzulange bei der
2660 2071 3344 2143 Schade, daß wir nicht öfter Gelegenheit
372 2106 2679 2161 Mizzi, daß sie ihrem Vater alles gesagt hat. Mizzi ist — ganz im Bühne ist. — Das war eine natürliche Kunst, die uns Fräulein
2663 2113 3347 2161 i größeren Partien zu sehen Herr
366 2140 3343 2204 Gegensatz zu Christine — gar nicht aufgeregt und setzt sich über das Brunn bot, keine Mache. Man sah recht deutlich, daß j. es Wort, Herr Direktor Wieden (als Herr) bot
2587 2178 2682 2223 SUnr:
374 2184 3347 2243 Nichtschreiben leicht hinn g. Sie ist mit dem Gedanken der Auf=das sie sprach, in ihr selbst jene Empfindungen auslöste, die wieretums perr Maschkowitz (Fritz) spielte mit sicht
360 2224 1540 2276 lösung ihres Verhältnisse; fortwährend vertraut und meint: „Ob
1522 2229 2672 2280 das lebenswahre Spiel reproduzierten. Jeder Blick, jeder Schritt
2663 2232 3325 2288 mmer den rechten Ton. Sein „Fritz“.
370 2260 1536 2323 heut, ob morgen, das ist alles eins." Christine empört die Rederei,
1534 2267 2666 2319 und jedes über das Gesicht huschende Lächeln war am richtigen
2667 2271 3311 2328 die Wärme, und die Worte: „Ich hab'
382 2301 1544 2363 sie bittet Mizzi, nachzuschauen, ob Theodor schon da ist. Mizzi geht.
1529 2305 2676 2356 Platze angebracht, nichts zu stark, nichts zu schwach aufgetragen.
2663 2302 3303 2360 paren statt leidenschaftlich beinahe kal
383 2334 1526 2393 Weiringer kommt zu seiner Tochter. Er weiß den Ausgang des
1523 2336 2677 2399 Begraben ... Und ich hab's nicht gewußt? Erschossen haben sie
2667 2347 3310 2400 ängut. Im übrigen eine gute Leistung
370 2375 1532 2438 Duelles, daß Fritz gefallen, kann sich aber nicht entschließen, Christine
1527 2385 1693 2434 ihn...
1669 2388 2676 2438 und in den Sarg haber sie ihn gelegt und hinausgetragen
2664 2387 3318 2448 war in Sprache, Maske und Mimik r
370 2416 1528 2472 die Wahrheit zu sagen. Er bittet, sie zu vergessen, und sagt, daß
1522 2424 2677 2474 haben sie ihn und in die Erde haben sie ihn eingegraben — und ich
2662 2418 3305 2477 in der letzten Szene nicht so krampf
371 2442 1529 2506 sie ihm nichts hätte sagen brauchen, er habe es längst gewußt. Und
1527 2460 2670 2512 hab' ihn nicht noch einmal sehen dürfen? — Zwei Tage lang ist
2665 2457 3301 2527 wegungsfreiheit hemmen müssen. Es
364 2496 1536 2544 wer weiß, ob Fritz den Unterschied von echt und unecht gewußt, ob
1522 2496 2673 2550 er tot — und Sie (zu Theodor) sind nicht gekommen und haben
2693 2493 3337 2563 — außer Fräulein Reichmann, die der
371 2524 1529 2584 er in der ganzen unsinnigen Liebe etwas verstanden hat! Christine
1532 2543 3314 2584 mir's gesagt? — Diese Worte waren von erschütternder Wahrheit beherrscht — anfangs versucht, den
364 2578 1541 2633 wird immer angstvoller, sie will fort, ihr Vater hält sie zurück.
1523 2571 3335 2641 Wirklichkeit und Wirkung. Der Ausdruck höchsten Entsetzens, der Dann aber verfielen sie in ein reines
363 2610 1539 2666 Dann kommt Mizzi und Thevdor. Christine will, muß alles wissen
1534 2620 3258 2673 sich darin ausprägte und den die Darstellerin so gut wiederzugeben Fehler und Nachteil. Es war bes
370 2647 1535 2703 und erfährt das Schreckliche. Fritz ist sogar begruden, drei Tage
1524 2656 3281 2708 verstand, zeugte von einer Beherrschung der Partie. Nur zu häufig bleiben. Der Abend war genußreich
364 2690 1533 2742 schon liegt er in der Erde. Das schreckliche Bewußtsein, daß er für
1529 2698 3231 2750 kommt es vor, daß sich der Spieler in solchen Szenen von der Rolle Teil des Auditoriums recht unbeft
373 2730 1538 2778 eine andere, für jene Frau, gefallen, daß er sich aus ihr gar nichts
1521 2716 2682 2797 unterkriegen“ läßt und in ein leeres Pathos, in Hyperbeln verfällt.
2665 2736 3235 2786 das waren alle jene, die unter der
368 2771 1540 2819 gemacht, ihr keine Zeile hinterlassen habe und noch mit einem
1523 2764 2673 2817 Fräulein Brunn überwand das Hindernis völlig. Aber nicht nur
2660 2771 3274 2838 komödie französischen Genres vermu
370 2806 3292 2877 Lächeln weggehen konnte, lastet schwer auf ihr und raubt ihr alle Entsetzen, höchste Seelenangst, Qual und im Innenn tobenden Kampf aber dankt der Direktion für die Auff
371 2853 2679 2892 Kraft; sie bittet Theodor, sie zum Grabe Fritzens zu führen, erl verstand die Darsteller.n so vortrefflich zu bringen, sondern auch die
2654 2851 3287 2923 echte, erlösende Kuns in sich birgt.
370 2886 2678 2952 lehnt es ab. Mizzi meint, siezkönne die „andere“ dort betend finden. Wiedergabe des frohhoffenden Herzens, die Reinheit der Gesinnung,
378 2927 2690 2987 Da eilt sie aus dem Hause. Der alte Weiringer ruft Theodor und die verzehrende Sehnsucht und die überquellende heilige Liebe gelang
