3436 4224
413 131 816 203 Liebelei
229 122 1379 237 5. Linsse box 10//3
927 1039 3182 1133 #ie hatte im Jahre] Mitglied der ersten Kammee, Wdor 5 oid Abges Dilecior der Colonialabtheilung Dr. Kayser]
3016 1116 3180 1185 S
1504 1116 2382 1191 T
392 1184 3325 1249 der etwaige Vorrath an neuen dramatischen Er= Aufführungen über sich hinwegrasen. Erfahrungs= Herausforderung in unvermeidlich. Diese Scene, anders sei
2208 1224 3336 1281 obenein in einem „realistischen“ Drama, wirkt denken, wvo
1308 1227 2233 1307 mäßig gestaltet sich auch die Vorstellung in den
391 1236 1327 1287 scheinungen, welche mit gewissen elektrischen Ent¬
2212 1272 3333 1334 unsagbar komisch. Man jragt sich unwillkürlich, Natur un
396 1274 2223 1339 ladungen verbunden zu sein pflegen, ist wohl! späteren Aufführungen glatter und abgerundeter.
2218 1322 3338 1373 in welch' einer sonderbaren Gesellschaft Herr) unsere rea
384 1322 2211 1385 schon in den jüngst vergangenen Monaten auf=! Wem also nicht unbedingt deran gelegen ist, die
3112 1357 3334 1413 wird. Bis
2213 1354 3116 1412 Schnitzler sich bewegen mag. Man begriffe es
1311 1362 2207 1429 Kritik=Milch am nächsten Morgen „kuhwarm“
396 1363 1314 1430 gebraucht worden. Stücke wie der „Florian
3106 1394 3332 1461 haben es d
2218 1399 3114 1458 noch allenfalls, wenn der in seiner Ehre gekränkte
1320 1404 2219 1469 so zu sagen hinunter zu schlürfen, der sollte sich
394 1412 1305 1477 Geyer“, der „König Heinrich“, die „Jahreswende“
3116 1447 3327 1505 Schnitzler
2221 1449 3116 1506 Gatte den Ehebrecher einfach durchpeitschte, anstatt
1318 1456 2221 1503 und dem Beurtheiler ein wenig Zeit gönnen.
403 1437 1320 1509 sind für die nächsten Wochen kaum noch zu er¬
3105 1482 3327 1562 armung g
2222 1489 3111 1555 ihm seine Zeugen zu schicken. Allein, in die Woh¬
1309 1497 2216 1551 Beibe Theile, Künstler wie Kritiker, würden durch
390 1488 1318 1552 warten. Was noch etwa an Neuaufführungen
3109 1528 3295 1590 harren!
2208 1532 3115 1593 nung des Eheure ers eindringen und dort eine
1311 1547 2214 1605 einen derartigen mäßigen Ze taufschub nur e¬
402 1535 1309 1595 uns beschieden sein sollte, würde voraussichtlich
3103 1572 3336 1631 das ist ja e
2211 1581 3114 1628 lächerlice cene aufführen, das vermag ein ver¬
1322 1577 2222 1645 winnen. Man braucht dann nict fast ausschließlich
384 1570 1320 1638 nur als die übliche marktgängige Theaterwaare
3117 1619 3343 1671 mit solcher
2209 1611 3109 1689 nünftig, natürlich, also in Wahrheit realistisch
1322 1625 2221 1676 mit Stimmungsausbruchen stau mit begrandeten
384 1629 1316 1706 anzusprechen sein mit einer mehr oder weniger
3114 1660 3335 1718 Dichtkunst,
2214 1664 3117 1722 denkender Mensch sich nicht vorzustellen. Doß
1324 1662 2224 1724 Urtheilen vorlieb zu nehmen. So viel zu unserer
387 1661 1312 1732 ansprechenden Verpackung. Man weiß aber doch
3108 1704 3336 1766 dung auf 9
2214 1693 3110 1762 etwis vorgeht, hat die zart empfindende Christine
1318 1715 2220 1770 eigenen Entschuldigung, wenn wir zuweilen mit
391 1716 1315 1767 aus den Berichten unserer Consularbeamten,
3107 1751 3329 1801 wortloser
2215 1745 3118 1811 längst errathen. Aber was? Die Ungewißheit
1313 1764 2230 1829 unseren „Theaterbriefen“ ein wenig später uns
386 1760 1311 1820 welch eine entscheidende Rolle im Waarenverkehr
3111 1776 3348 1848 höchsten W
2217 1802 3113 1859 ängstigt sie. Dem Vater hat sie Alles ein¬
1322 1799 1920 1862 einstellen. Und uur zur Sache:
384 1798 1316 1858 die gefällige Art der Verpackung spielt. Gegen¬
3111 1838 3326 1891 darf eben
2207 1842 3114 1893 gestanden. Allein dieser gönnt dem jungen
1353 1822 2209 1889 Mit einer Alltagsgeschichte aus dem Leben der
396 1840 1321 1911 wärtig erfreut sich die in schreienden Farben aus¬
3114 1871 3332 1940 brauch gen
2611 1871 3115 1944 Für gewöhnlich pflegen
2224 1880 2612 1940 Kinde sein Glück.
1314 1883 2217 1938 Großstadt — diesmal ist es Wien — hat sich
389 1894 1325 1963 geführte sogenannte naturalistische Verpackung
3114 1917 3317 1979 verlegen d
2218 1924 3128 1983 Väter in derlei Siinationen doch ein wenig in
1315 1929 2221 2002 Heir Arthur Schnitzler den verliner Besuchern
405 1929 1323 1990 eines längst bekannten Webestoffes einer immer
3109 1957 3325 2022 sochen in
2219 1964 3126 2026 Wallung zu gerathen. Unser Geiger dagegen lebt
1311 1973 2214 2023 des Deutschen Theaters vorgestellt. Es ist
391 1971 1323 2029 noch sehr stark ausgesprochenen Beliebtheit in ge¬
3105 2000 3337 2066 Es ist gerc
2218 2014 3118 2079 vollständig in der Welt von jenseite von gut und
1311 2016 2218 2074 eine „Liebelei“, die sich zwischen ein Paar
391 2015 1323 2082 wissen Kreisen; allein eine Wendung im Geschmack
3105 2043 3324 2116 den Sch
2216 2056 3118 2119 wahr. Sein einziges Trachten geht darauf aus,
1318 2041 2224 2116 jungen Officieren und zwei Mädchen aus dem
392 2050 1313 2119 ist doch anderseits nicht ganz zu verkennen. Wir
3111 2065 3334 2150 Herren Di
2221 2083 3113 2154 dem Kinde die schwermüthigen Gedanken zu be¬
1319 2099 2229 2165 Volke abspielt. Die Paare sind streng symmetrisch,
400 2103 1325 2174 scheinen in dieser Hinsicht den Höhepunkt über¬
3119 2133 3308 2195 knappe A
2218 2136 3114 2189 nehmen, die ihm während der Abwesenheit des
1326 2150 2229 2205 aber gleichwohl streng gegensätzlich geordnet. Das
397 2151 1323 2205 schritten zu haben, und die Ernüchterung nach
3122 2171 3337 2247 Schauspiel
2221 2177 3124 2235 Geliebten gekommen sind. Die grausige Wahrheit
1325 2170 2242 2242 eine Paar ist lustig, leichtnunig, in den Tag
392 2201 1317 2261 einem nur schon allzu lange anhaltenden litera¬
3108 2224 3326 2285 führung 1
2222 2227 3122 2277 läßt nicht lange auf sich warten. Der Geliebie ist
1326 2227 2222 2285 hinein lebend. Er mag sie, sie ihn; der Zufall
389 2235 1320 2299 rischen Katzenjammer dürfte wohl nunmehr ein¬
3113 2263 3335 2323 besorgt se
2211 2265 3114 2336 in dem Duell geblieben. Das arme Mädchen ist
1314 2266 2217 2329 hat sie zusammengeführt und binnen wenigen
394 2280 1323 2329 treten. Wenigstens hat sich dieser beginnende
3111 2304 3333 2371 Kunsiform
2212 2301 3119 2374 um ihr Lebensglück gebracht; sie stürzt verzweifelt
1323 2326 2215 2373 Wochen gehen sie wieder auseinander — ohne
397 2320 1322 2375 Gesinnungsumschwung in der Aufnahme bemerk¬
3114 2355 3335 2421 mime zuri
2225 2359 3124 2409 aus dem Vaterhause. Man eilt dem unglücklichen
1322 2357 2214 2421 Groll, ohne Haß. Beide lieben die Abwechslung
391 2355 1323 2427 bar gemacht, die Herrn Arthur Schnitzlers
3107 2389 3301 2454 würde si
2221 2397 3127 2462 Kinde nach; allein der Vater sagt nichts weiter als:
1329 2400 2217 2466 und sie wissen sich gegebenen Falles rasch zu trösten.
400 2403 1325 2460 Schauspiel „Liebelei“ im Deutschen Theater, in
3110 2430 3340 2494 Acte kön
2214 2451 3109 2514 die kommt nicht wieder. Das Sück ist zu Ende.
1326 2449 2226 2499 Das andere Paar dagegen hat einen Hang zur
397 2453 1322 2525 diesem Hauptquartier der dramatischen Naturalisten,
3112 2477 3330 2548 Welt ein
2250 2474 3128 2549 Es ist wieder einmal einer jener berühmten
1326 2496 2222 2550 Schwärmerei. Sie namentlich, die still in sich
408 2509 1329 2555 selbst gesunden. Es war kein rechter Zug mehr
3115 2518 3334 2582 gelegt wer
2217 2524 3120 2589 „Ausschnitte“ aus dem Leben. Ganz genau nach
1318 2545 2214 2601 gekehrte Geigerstochter Christine, hat sich wirklic,
404 2538 1325 2602 in die Mossen zu bringen, und die Spuren der
3122 2575 3332 2626 naturwahn
2214 2570 3121 2625 der Natur! Wir haben oben an dem einen Beispiel
1322 2575 2228 2641 zum ersten Male in ihrem Leben in den melancho¬
394 2594 1330 2640 deutlichsten Anagenweile machten sich unter den
3151 2612 3340 2670 Einen #
2210 2620 3117 2683 gezeigt, wie „natürlich“ es in diesem modernen
1317 2621 2230 2676 lisch angehauchten Dragonerofficier verliebt, sie
397 2624 1322 2712 Zusche #####erkbar. Will man nämlich eine
3112 2649 3331 2723 v. Zobe
2222 2653 3129 2724 Stück vor sich geht. Aber wie echt ist die fesche
1327 2667 2226 2724 findet ihr ganzes junges heißes Lebensglück in ihm.
403 2668 1318 2737 ehrlche Brode auf die Wirkung eines neuen
3119 2699 3327 2758 „Der Th
2224 2704 3123 2763 „Mizi“, das andere „Mädel“, abgeschildert und
1322 2709 2225 2769 So hausen sie denn eine Weile mit einander und
413 2716 1334 2778 Bünenstucks anstellen, dann meide man sorgsam
3117 2744 3335 2804 habt, so da
2222 2753 3118 2801 ihr Ferdinand oder Theodor! Ja, das ist wahr.
1329 2759 2217 2807 es wäre auch Alles ganz leidlich verlaufen, wenn
401 2744 1327 2821 den Benich einer ersten Aufführung — zum
3115 2785 3326 2847 scheinen
2223 2789 3126 2839 Allein, das kennt man schon nachgrade bis zum
1313 2792 2212 2848 nicht unser Dragoner nach eine andere Bekannt¬
405 2810 1326 2868 Mindenen trifft dieser Rath für berliner Ver¬
3112 2830 3326 2891 halten, wa
2216 2832 3123 2886 Ueberdruß! Wissen denn diese Herren von dem
1313 2848 2227 2892 schaft mit einer vornehmen Frau angelnüpft hätte.
404 2839 1336 2902 hältnisse zu. Bei allen ersten Aufführungen
3115 2865 3341 2941 viel. Her
2230 2883 3122 2931 ealistischen Bühnenflügel gar nichts Anderes mehr
1326 2881 2218 2940 Der beleidigte Gatte, im Stück als „ein Herr“
406 2888 1324 2957 zuckt so etwas wie eine hochgespannte elektrische
3114 2918 3332 2976 diesem ni
2223 2920 3118 2982 vorzukriegen, als verbummelte Officiere, die sich in
1332 2927 2221 2982 eingeführt, kommt hinter dies ehebrecherische
413 2932 1327 2986 Erregtheit durch die Zuschauer. In grimmer Wuth
3121 2962 3331 3034 daß man
2216 2954 3126 3017 ihren Junggesellenwohnungen mit kleinen Cho¬
1550 2976 1621 3018 —
1596 2964 2227 3029 und stellt den Schänder seiner
1322 2973 1573 3033 Verhältniß
413 2977 1327 3033 befehden einander die Parteien, als gelte es, eine
3123 2997 3316 3066 versehen
2219 3008 3122 3058 ristinnen bekneipen? Spiegelt sich denn allein
1334 3020 2223 3080 Ehre zur Rechenschaft. Finster, wie 5us un¬
408 3022 1322 3069 Beute sich abzujagen. Unter Toben und Lärmen
3118 3054 3292 3106 fürstete
2217 3057 3120 3104 in diesen Menschenklassen die berühmte „Natur¬
1320 3058 2227 3119 heilschwangere Schicksal, erscheint er in der
402 3065 1327 3116 wird solch ein armes dramatisches Wild, zumeist
3121 3074 3331 3157 preußische
2228 3097 3120 3151 wahrheit“ wieder? Und was für eine geradezu
1321 3102 2213 3154 Wohnung des Verführers, verlangt den Schleier,
404 3108 1333 3183 ists ein Schmalthier, erlegt. Doch nein, nicht
3118 3131 3321 3190 nison hat
2228 3137 3127 3192 unausstehliche schauspielerische Unmanier wird an
1318 3134 2218 3195 den seine Frau bei ihm vergessen; er wirft ihm
401 3156 1326 3203 erlegt, zu Tode gehetzt! Es ist ein abscheulicher
3119 3171 3337 3240 vertauscht
1321 3182 3127 3245 die an seine Frau gerichteten Briefe vor die dieser vermeintlichen Naturwahrheit groß gezogen?
410 3195 1328 3245 Anblick — eine Art von Zeitvertreib, aber freilich
3113 3220 3334 3289 eine simp
1321 3212 3134 3289 Füße, verlangt die ihrigen dagegen zurück. Der! Die verbummelte Sprachweise wird zum obersten
410 3238 1331 3294 ein recht widerwärtigem Zeitvertreib. Will man
1330 3270 3288 3331 Offieier läugnet, daß er sie noch besitze, der  Gesetze für die Darsteller erklärt; die Kneipen= fertig.
410 3272 1325 3347 daher ein unbefangenes Urtheil über ein neues
1325 3311 3315 3368 gekränkte Gatte het zum Schlage mit seiner! manieren werden als die einzig möglichen zur An= linken H#
419 3321 1333 3390 Bühnenstück gewinnen, dann lasse man erst das
423 3383 3327 3412 #ilde Heer“ der berufsmäßigen Besucher erster Rechten aus. Allein er hält an sich. Eine schauung gebracht. Und das kann auch gar nicht Allein un
