3248 4256
3137 635 3254 711 E
1842 770 3256 832 Ohne Krampf, ohne Stilisierung, ohne effekthaschende Stimmungsmale
226 762 1410 847 Film=Kurier, Berlin, 16. März 1927
1730 813 2209 896 Liebelei nachgegangen
1285 835 1377 898 uch
2292 830 3255 890 Die Wirkung bei Schnitzler ist die gleiche wi
1743 878 3255 944 tiefster Anteil an der bitteren Melodie, die einem liebesenttäuschten Herzene
1748 923 3256 980 von dem die frühesten Nachtigallen aller Dichtungen sangen — aus diesem
1737 974 3254 1038 muß es den Autoren Juttke und Klaren — die bisher wohl noch in keine
1739 1008 3254 1086 und auf der Gewinnseite der Saison zu verzeichnen sind — und den Regisse
1739 1065 3228 1130 Lobe anrechnen, daß sie jede Abschweifung vom Sinn ihres Films, von
1743 1108 3255 1178 klaren Charakteren vermieden haben ... Die Flecks können nämlich wirk
349 1148 402 1191 800
1742 1175 3254 1237 abgerundete Leistung zusammen mit Eduard Hösch (Kamera) und Jack Rotmi
195 1180 277 1255 W
1747 1215 3255 1276 man wirklich darüber vergißt, ob der Film ein Mittelfilm oder ein Superft
1748 1264 3248 1325 Und damit gut ... Mit Evelyn Holt, der zarten, schmalen Mädchengestal
650 1289 702 1359 00
1748 1318 3254 1366 trauen, so viel Kraft lebt, leidet das Publikum wie einst bei der Luise
333 1318 389 1393 600
1743 1360 3256 1430 sein ... Im großen Augenblick — wie in ihrem tödlichen Schmerzenssch
1510 1388 1634 1479 16
1740 1421 3254 1480 ihr, und scherzen und tändeln kann sie auf so leichte, heitere Art, daß ihr
306 1443 379 1490 1100
312 1471 372 1512 00
1739 1458 3256 1524 Man kann nur sagen: selten hat ein populärer Film so unmittelbar gewirkt
1542 1477 1615 1545 620
1318 1487 1358 1564 9
1731 1507 2308 1586 man reine Wirkung.
375 1520 587 1618 W
2939 1564 3098 1620 he
1856 1595 2801 1687 Sie (die Autoren) sind dabei auf das trefflichs
3016 1617 3143 1683 en Re
327 1608 1565 1712 B. 3. am Mittag, Berlin, 15. März 1927.
1744 1671 2777 1736 worden, die eine demliche eigene Note, viele hübsch
3179 1675 3244 1736 Al
1740 1709 2782 1779 für Spielszenen haben ... Der Beifall, der dem syn
3169 1723 3265 1806 earb
1748 1771 2826 1848 stark und ehrlich, stellenweise herrschte tränenve
3149 1774 3236 1839 t.
1848 1855 3232 1946 Im Dreivierteltakt hebt die Handlung an, um in schmerzlicher Disso
336 1875 1540 1978 Nachtausgabe, Berlin, 15. März 1927.
1741 1917 3075 1996 die lebhafteren Akkorde sind gedämpft von weicher Stimmung, von
1499 1950 1544 2004 920
1737 1974 3023 2032 alles: Holder Betrug, schluchzendes Weh, zärtlicher Leichtsinn, st
361 1963 523 2065 W
559 1971 747 2069 ARR
1740 2016 2608 2081 Welt, das Wien von einst, dem die jungen
1736 2073 2654 2141 stadt und stiller Winkel beieinander waren, R
453 2092 610 2135 WEE
1743 2113 2670 2173 erklingen ein paar wiegende Takte, die gewisser
505 2144 565 2175 8
372 2123 459 2183 8000
382 2164 511 2217 M
1734 2172 2661 2230 die Feinheiten im Dialog, im Film wurde da
1744 2217 2691 2285 es gibt keine peinlichen Schärfen, keine Unwahr
1250 2217 1329 2292 00
599 2241 664 2302 250
804 2266 865 2335 610
1738 2263 2719 2322 ist auch im Film nock erkennbar, die zarten Schw
3200 2274 3255 2333 10
1572 2259 1643 2351 9
1733 2317 2758 2367 Herz, das verstohlen die Träne kommt. Ausgezeichn
2991 2318 3255 2390 skript'Herber
571 2352 710 2416 W
888 2343 938 2399 945
1321 2350 1366 2416 05
1736 2369 2988 2433 vortrefflich auch die Regie J. und L. Flecks, die ein glänzendes
1392 2381 1426 2418 720
443 2368 1669 2448 eeneneen eeeenenen nenenuncthlcltenet eint de ehense
1742 2411 3244 2491 das blasse Wienerold und innig, glückhaft und selig, immer schlicht
494 2441 591 2495 RR
373 2439 506 2523 N
1160 2444 1237 2512 820
428 2445 895 2554 W
1725 2463 2594 2546 Film fand wohlverdfenten Beifall.
634 2495 701 2559 0
2807 2514 2926 2576 A
2929 2492 2981 2574 4
1850 2563 3054 2635 Es ist erstaunlich, wieviel von dieser Wiener Luft, die das
356 2584 1569 2679 Berliner Lokal=Anzeiger, 15. März 1927.
1744 2615 3079 2693 es im Grunde eigentlich überhaupt erst erträglich macht, in diesem
1743 2665 2999 2737 feiner, mit zurückhaltenden Mitteln arbeitender Film, dessen Re
572 2580 663 2744 4
1737 2726 3240 2801 betreut hatte. Evelyn Holt als Christine, aus deren Figur auch bei Schuit
1736 2770 3152 2832 kommen, gab die Figur der Christine schlicht und sehr eindringlich
1935 2860 3184 2937 ist dies ein Film, der in seiner künstlerischen Anlage
322 2874 1426 2959 Berliner Tageblatt, 20. März 1927.
1735 2925 3254 2988 deutscher Spielfilmproduktionen weit übertrifft... Das gleiche gilt von der
1743 2981 3208 3051 für deren lebendige Begabung so ausgezeichnete Zeugnisse vorliegen, wie
1738 3019 3191 3086 grausig vorüberhuschende Duell oder der in hinreißender Weise abscheulich
632 3044 684 3096 8000
1736 3072 3174 3134 Mannes, der seine glatte, elegante Frau aus ihrer Abendtoilette, aus ihr
703 3084 769 3172 □
1740 3122 3255 3179 Leben buchstäblich herausreißt, in einen lächerli hen Haufen Unglück=verwan
1732 3161 3255 3239 Vorgang abstoßend wirkt... Louis Lerch ist ein sehr angenehmer Liebha
1736 3223 3255 3280 moissischer Melancholie über seinem lustigen jungen Gesicht: Eine Überra
512 3227 659 3305 R
1748 3271 3256 3332 Film Vivian Gibson, die wir unzählige Male als Salondame schön, aber bi
1736 3315 3249 3376 so stumpf und beinahe langweilig sahen: Hier ist sie ganz gelöst, besessen vo
536 3338 653 3409 M
1734 3369 3216 3444 hervorragender Weise hemmungslos. Eine ungewöhnlich gute Leistung.
3038 3630 3110 3693 0
3115 3938 3177 4008 5500
3170 3949 3233 4026 900
1220 4001 1908 4098 nesechesheschelhe ae
