3484 4256
987 127 1400 230 box 12/3
461 134 786 212 Liebele
284 149 834 254 5. Jen
1045 419 1388 514 Wenden!
605 417 1042 512 Rückselte beachten!
289 436 578 526 Wenden!
1012 503 1364 587 Telephon 12.801
516 658 1105 746 „USSLHTEA
348 742 1313 802 I. österr. behördl. konzession. Unternohmen für Zeitungs-Ausschnitte
455 795 1236 869 WIEN I, CONCORDIAPLATZ 4
682 862 1003 926 Vertretungen:
292 915 1370 964 in Berlin, Basel, Budapest, Chicago, Cleveland, Christiania,
300 950 1372 1000 Genf, Kopenhagen, London, Madrid, Mailand, Minncapolis,
300 990 1370 1065 New-Vork, Paris, Rom, San Francisco, Stockholm, St. Peters¬
697 1032 979 1093 burg, Toronto.
589 1068 1086 1153 (Quellenangabe ohne Gewähr.)
285 1145 735 1222 Ausschnitt aus:
732 1133 1440 1246 Ceplitz-Schönaner Anzeiger
568 1203 798 1294 210.13
829 1209 1306 1311 Teplic, Böhmen
298 1236 453 1299 vom:
541 1330 1111 1435 Theater und Musik.
390 1440 1308 1515 [„Liebelei.“ — Zum 505 Geburtstag Artur
414 1504 1314 1555 nitzlers.] Dr. Schnitzler wäre wenig erfreut
684 1544 1303 1608 #dem ihm nachträglich gewid¬
318 1518 500 1615 genesen
327 1597 1303 1671 meten Ehrenabende einen Blick in unser Stadtthea¬
330 1645 1314 1708 ter getan hätte: gähnende Leere in allen Räumen
328 1694 1302 1748 und vor allem in den Logenreihen, selbst vom Thea¬
330 1744 1308 1802 terkomitee war niemand erschienen, um die dem
320 1785 1317 1847 Dichter zugedachte Ehrung offiziell wenigstens zu
332 1854 1310 1909 markieren. Auch die Aufführnug seines Schauspiels
325 1894 1354 1959 hätte den Dichter nur reilweise befriedigen können.
324 1937 1309 2011 Theodor Kaiser, der brutale Egoist des Glücks, der
332 1993 1315 2048 seichte Augenblicksmensch, der Zyniker ohne Pflicht¬
322 2042 1308 2110 bewußtsein, und Mizi Schlager, die beschränkte und
331 2106 1314 2169 gutmütige Grisette, waren durch Herrn Rotter
323 2146 1308 2204 und Frl. Sanetty vertreten. Herr Rotter
327 2199 1323 2264 verstärkte durch sein gewandtes Spiel den guten
331 2244 1314 2298 Eindruck, den wir sschon bei seinem ersten Debut als
325 2297 1317 2369 Schneidergeselle im „Gutsitzenden Frack“ gewonnen
326 2346 1308 2404 haben, nur hätte er den flotten jungen Wiener von
320 2393 1315 2452 vorgestern im ersten Akte etwas humorvoller gestal¬
320 2452 1318 2504 #ten können. Frl. Sanetty dagegen traf in jeder
326 2507 1324 2555 Beziehung das Richtige, das seichte, leichtfertige, in
337 2542 1310 2605 seiner Oberflächlichkeit leicht komische Naturell der
334 2589 1317 2670 feschen Wiener Modistin war in ihrer Darstellung
325 2643 1351 2735 charakteristisch ausgeprägt und auch die Lokaljär¬
305 2746 1284 2814 bung der Gestalt eine durchaus gelungene. Die
308 2801 1284 2850 Gegenspieler dieses flotten Paares sind Fritz Lob¬
307 2849 1277 2899 heimer (Herr Fünkh) und Christine Weiring
297 2902 1272 2970 (Frl. Titkary). Herr Fünkh war nicht ganz
1306 2930 1418 3000 Di
304 2949 1289 3006 der überreizte, von Gewissensfkrupeln gequälte
298 2994 1285 3057 Schwächling; er erschien zu schwerfällig, zu schwer¬
1324 3028 1395 3083 3
302 3041 1285 3108 blütig, zu apathisch, zu wenig nervös erregt.
307 3092 1276 3162 Frl. Titkary hingegen bot als Christine eine
1301 3122 1398 3180 S
311 3152 1283 3215 sorgfältig durchgearbeitete Leistung, sie war das
307 3198 1282 3253 schlichte, tief empfindende, hingebungsvoll vertrau¬
309 3246 1271 3296 ende Mädchen, das die Erkenntnis von der Unwür¬
1297 3263 1375 3339 D
308 3287 1282 3355 digkeit des Geliebten mit dem Leben bezahlt, und
306 3342 1294 3402 fand auch in der erschütternden Schlußszene starke
306 3401 1282 3451 wirkungsvolle Akzente. Nicht unerwähnt bleibe je¬
307 3447 1288 3511 doch, daß die norddeutsche Sprechweise der Darstel¬
299 3495 1287 3550 lerin in diesem ausgesprochen Wienerischen Milien
307 3553 1279 3615 und ihre schüchternen Versuche, hie und da ein Wort
306 3603 1283 3665 wienerischer Art anzubringen, nichts weniger als
302 3645 1287 3691 angenehm berührten. Ein wahres Kauderwelsch
300 3698 1288 3763 von Dialekten leistete sich aber Frl. Jelly, die selt¬
312 3745 1279 3803 samer Weise auch sonst aus der Strumpswirkers¬
300 3804 1288 3863 gattin Binder, einer Klatschbase „vom Grund“
297 3850 1278 3905 nichts, aber auch gar nichts zu machen mußte. Herr
307 3889 1286 3967 Kroneck vermittelte ganz entsprechend die milde,
292 3933 1294 4021 duldsame Art des alten Weiring und Herr Nebel)
296 3995 1287 4051 spielte die kurze Szene des betrogenen Ehemannes
301 4038 932 4125 im ersten Akte sehr wirkungsvoll.
2667 1016 3067 1088 „veland, Christiania,
2641 1068 3058 1129 Mailand, Minncapolis,
2594 1108 3071 1177 o, Stockholm, St. Peters¬
1974 1136 2108 1191 New¬
2523 1157 2669 1211 S.onto.
2280 1184 2776 1264 (Uuenenangabe ohne Gewähr.)
1977 1227 2975 1370 Ausschni
1986 1369 2147 1430 vom:
2343 1392 2541 1512 Miebelel.
2052 1468 2840 1586 Schauspiel von Axthur Schnitzler.
2581 1544 2751 1596 Seher enen
2011 1537 2999 1636 Dem Meister der Seelenanalyse, deil Heros
1904 1633 3002 1680 Wiener Dichtkunst zu seinem 50=jährigen Jubiläum
1910 1669 3002 1724 kurch Aufführung seines erfolgreichsten Stückes eine
1902 1715 2996 1795 stinige Ehrung darzubringen, wollte sich auch unsere
1899 1765 2994 1822 Airektion nicht nehmen lassen. Es mag zugegeben sein,
1891 1815 2997 1875 däß die Aufführung eines Schnitzlerstückes für ein
1898 1857 3007 1934 Provinztheater mit großen Schwierigkeiten verbunden
1902 1910 2998 1974 ist. Aber diese Aufführung klang wie eine Entschuldi¬
1891 1968 3007 2021 gung: eine Entschuldigung, weil es zu spät, und daß
1892 2004 3015 2087 es überhaupt gewagt wurde. Der Aufführung fehlte
1884 2074 3004 2121 vor allem das Wiener Milieu. Daß das Stück trotz¬
1897 2101 3011 2189 dem Beifall fand, zeigt, daß gerade dieses Stück des
1890 2166 3003 2222 Dichters: Die Liebelei mit ihrer mächtigen tragischen
1897 2218 3001 2276 Wirkung nicht leicht umzubringen ist. Immerhin
1893 2248 3001 2331 stimmte es traurig, die Grenzen unseres Könnens zu
1898 2291 2998 2369 entdecken. Das mag auch der Grund gewesen sein,
1885 2364 2986 2434 weshalb die Direktion solange mit der Aufführung
1882 2411 2068 2483 zögerte.
2012 2430 2998 2514 Herr Fünkh hatte für den Fritz Lobheimer von
1886 2503 2998 2576 Anfang an viel zu viel düstere Schwermut und eine
1881 2563 2986 2614 hemmende Schwerfälligkeit, als ob es sich um den
1882 2612 2984 2666 Helden eines Strindbergschen Stückes handeln würde.
1886 2654 2986 2720 Frl. Titkary gab die Christine mit wenig Glück. Es
1896 2702 2984 2760 ist merkwürdig, wie sie es zustandebringt, gar so un¬
1893 2751 2986 2818 vorteilhaft auf der Bühne zu erscheinen. Herr Rotter
1885 2800 2991 2852 als Theodor und seine Partnerin Frl. Sanetty als
1894 2850 2991 2919 Mizzi dagegen wurde den Intentionen des Dichters
1891 2895 2987 2972 weit mehr gerecht. Zwar fehlte auch ihnen das spezisisch
1893 2943 2985 3004 Wienerische Kolorit, aber sie waren von so über¬
1889 3005 2978 3061 mütiger Lebenslust und gutherziger Aufrichtigkeit, daß
1895 3051 2984 3109 man darüber hinwegkam. Durchwegs anerkennenswerte
1888 3075 2980 3158 Leistungen boten Herr Kroneck als Hans Weirj#t
1876 3135 2943 3216 und Herr Nebel als der fremde Herr. Dr. K.
