3436 4256
904 127 1401 228 box 12/4
254 127 807 223 5. Liebelei
434 189 861 255 aunene en esensterenenenenenangant.
337 833 1395 915 Ausschnitt aus: Fremdenblatt, Wien
341 947 488 1036 rom:
798 951 931 1050 G
428 989 981 1095 S
963 973 1558 1106 27als Leiephnon desib.
378 1090 1631 1185 Franz Neumann, der Komponist der Oper
838 1143 1183 1235 Liebelei“
486 1183 1479 1264 (Zur heutigen Erstaufführung an der Volksoper.)
392 1252 1707 1333 V Der Komponistder heute an der Volksoper zur Erstaufführung
306 1327 1713 1384 gelangenden Oper „Jiebelei“ Franz Neumann, dessen Werk sich als
306 1363 1709 1414 vollständige Vertonung des gleichnamigen Schauspiels von Artur Schnitzler
309 1403 1713 1478 darstellt und keinerlei Cesangstexte aufweist, machte einem Berichterstatter
309 1460 1710 1532 über die Entstehung seiner Oper und über seinen Lebenslauf folgende
306 1499 816 1575 interessante Mitteilungen:
420 1551 1706 1615 Seit zehn Jo## in als Kapellmeister am Opernhaus in Frankfurt a. M.
307 1620 1715 1674 engagiert, habe ich bereits zwei Opern, die sich „Peri“ und „Braut¬
316 1656 1717 1721 werbung" betiteln, komponiert. Unter dem tiefen Eindruck, den Artur
311 1699 1714 1762 Schnitzlers Schauspiel „Liebelei“ auf mich machte, unternahm ich es
306 1741 1715 1815 vor einigen Jahren, mich an den Dichter mit der Bitte um die Bewilligung
302 1808 1719 1866 zur Vertonung seines Werkes zu wenden. Schnitzler trug zunächst Bedenken
306 1847 1714 1910 und erwiderte mir, er könne sich nicht vorstellen, daß sein Schauspiel ohne
310 1902 1709 1968 jede Veränderung, mit kim ganzen Dialog, als Oper aufgeführt werden
307 1945 1713 1995 könne. So komponierte ich denn auf eigenes Risiko den ersten Akt und fuhr
306 1989 1713 2060 nach Wien, um dem Dichter meine Musik vorzuspielen. Schnitzler schien an der
311 2038 1712 2109 Vertonung lebhaftes Gefallen zu finden, denn er zeigte sich nun mit der Vollendung
303 2096 1709 2158 meiner Arbeit vollständig einverstander. Er brachte auch weiterhin dem Werke
303 2146 1700 2212 das lebhafteste Interesse entgegen und wohnte im Jahre 1911 der Urauf¬
299 2187 1717 2244 führung der Oper in Frankfurt a. M. bei. Seit dieser Zeit ist meine Oper
302 2240 1718 2301 an zahlreichen deutschen Bühnen, so u. a. in Köln, Leipzig, Berlin (an der
308 2286 1717 2343 Komischen Oper als letzte Novität unter der Direktion Gregor) zur Aufführung
309 2343 1713 2394 gelangt. Die Wiener Volksoper ist die sechsundzwanzigste Bühne, an der die
306 2392 1712 2457 Oper „Lirbelei“ in Szene geht. Mit besonderer Freude erfüllt es mich, daß
306 2440 1707 2485 ich der erste Komponist bin, der eine Wiener Oper geschrieben hat. Ich
302 2480 1710 2562 bin glücklich, mein Werk nun in Wien aufgeführt zu sehen. Dem Direktor
308 2528 1704 2603 Rainer Simons fühle ich mich dankbar, daß er die Oper erworben und
308 2588 1711 2652 in so liebevoller Weise inszeniert hat. Ebenso dem Dirigenten Kapellmeister
305 2631 1710 2701 Tittel. — Der Komponist ist in Proßnitz in Mähren geboren und
305 2684 1708 2766 wurde für das Selchergewerbe bestimmt, dem auch der Vater
310 2727 1432 2791 angehörte. Neumann trat auch in das väterliche Geschäft ein.
418 2760 1703 2847 „Mit Wien — erzählt Herr Neumann — verbindet mich bisher nur
301 2816 1703 2885 die Erinnerung an meine mehrjährige Lehrzeit bei der Selcherfirma Weiß¬
305 2876 1708 2932 happel. Es sind nun 20 Jahren daß ich dort eintrat, um durch zwei
305 2921 1704 2981 Jahre die Wurstfabrikation zu erlernen, und dann noch ein weiteres Jahr
302 2965 1704 3029 als Geselle tätig zu sein. Tagsüber bei der Arbeit, benützte ich die einzigen
312 3023 1711 3086 freien Abendstunden um im Theater, meist in der Hofoper Erhebung zu
315 3071 1698 3121 finden. Um 1 Uhr früh mußte ich wieder bei der Arbeit erscheinen. Meine
302 3118 1708 3173 Sehnsucht, meine ganze Liebe galt in dieser Zeit ausschließlich der Musik.
306 3163 1701 3226 Ich lernte allein und studierte Instrumentation. Militärkapellen brachten
301 3212 1684 3261 bereits damals Kompositionen von mir zur Aufführung, während ich —
298 3267 1702 3329 Wurstwaren allen größeren Hotels und Gasthäusern zustellen mußte. Nach¬
292 3315 1706 3379 dem meine Lehrzeit bei Weißhappel beendet war, machte ich mein Einjährig¬
290 3364 1705 3420 Freiwilligenjahr, und wurde Leutnant in der Reserve. Verschiedene Umstände
295 3415 1710 3469 ermöglichten es mir nun, mich meiner musikalischen Ausbildung zuwenden,
296 3452 1710 3530 zuerst am Konservatorium in Wien, dann in Leipzig, wo ich alle vier Klassen
301 3507 1705 3577 in einem Jahr absolvierte. Nach Engagements in Karlsbad, Teplitz, Linz
300 3559 1723 3613 und Reichenberg kam ich als Kapellmeister an das Opernhaus zu Frank¬
286 3613 1615 3677 furka. M., dem ich noch für eine Reihe von Jahren verpflichtet bin.“
337 3646 1640 3753 Die übrigen Kunstnachrichten befinden sich auf Seite 24.
2028 720 2493 817 Ausschnitt aus:
2485 744 3038 863 Das Forum, Wien
2035 837 2202 900 vom:
2389 821 2494 905 750
2419 871 2687 956 —
2991 931 3097 1020 N.—
2108 986 3142 1087 Volksoper. „Liebelei“, das Schnitzler’sche
2044 1055 3140 1136 Sebduspiel zur Oper umgewandeit, wülde-Pienstag den
2032 1099 3143 1173 J4. d. M. zum ersten Male aufgeführt. — Der Kompo¬
2033 1131 3136 1239 nist Neumann hat die kolossalen operwidrigen
2038 1192 3142 1287 Schwierigkeiten, die ihm der schwer zu vertonende
2038 1246 3131 1330 Text bot, verhältnismäßig gut überwunden. Seine
2034 1287 3143 1395 große Begabung als Pheatermusiker und die stark
2023 1339 3142 1439 Theaterwirksame Dichtung taten noch ihr Uebriges.
2026 1393 3129 1481 Auch die Darstellung war eine wohl vorbereitete. Frl.
2035 1444 3134 1522 Vica Engel war eine vorzügliche Christine, die ihrer
2035 1488 3137 1579 schwierigen aber dankbaren Partie ihren schönen
2032 1539 3134 1623 Frischen Sopran lich, und die Darstellung des süßen
2035 1583 3124 1664 Wiener Mädels trefflich brachte. Der ausgezeichnete
2022 1631 3135 1730 Tene Herrn Lußmanns als Fritz, das gute Spiel
2019 1688 3115 1764 Herrn Brandts als Theodor, Fräulein Röder als
2022 1742 3108 1808 Schiager-Mizzi, leider ganz unwienerisch, Herr Band¬
2020 1782 3119 1874 1er als Kapellmeister Weiring, gut charakterisiert
2013 1840 3125 1926 und besonders warm im Ton, Herr Klein und Fräulein
2022 1873 3107 1961 Machn, das ausgezeichnete Orchester unter der ziel¬
2017 1922 3113 2017 bewußten Leitung des Herrn Tittl: Sie alle verhaifen
2017 1978 3119 2070 dem Werke zu einer besonders freundlichen Aufnahme
2019 2031 3102 2121 von Seiten des Publikums, das Darsteller, Kapell¬
2006 2087 3104 2166 meister, Komponisten und den Regisseur Herr Mar¬
2006 2118 3101 2213 kowskg mit ranschendem Beifall überschüttete. Un¬
2016 2168 3109 2265 zähligemale mußte nach dem 2. Akt der Vorhang in
2004 2209 3110 2313 dip-Höhe und der Komponist sich inmitten der Dar¬
1990 2265 2318 2332 „steller zeigen.
1999 2384 3054 2611 Annck Aetesche serten, ain
2264 2470 2540 2564 (S 10. 1910
2002 2522 2158 2576 vom:
2504 2527 2851 2651 #bendblatt
2103 2676 3112 2783 Schnitzlers Liebelei als Oper. Aus Wien
2030 2741 3097 2823 witd uns vöik 10. d. gemeldet: Schnitzlers Liebelei
2027 2791 3083 2877 gelangte gestern in der Volksoper als Oper in der
2028 2857 3095 2941 Vertonung des Frankfurter Opernkapellmeisiers Franz
2021 2909 3088 2977 Neumann zur Erstaufführung. Dort, wo die Dich¬
2021 2957 3095 3026 tung der Musik entgegenkommt, fand Neumann starke
2016 2985 3080 3081 dramatische Höhepunkte. Am wohlsten fühlt er sich in
2025 3042 3105 3138 Parker Stimmungsmalerei, in dim Ausnützen alles
1985 3101 2316 3194 an
1975 3177 3057 3246 Lyrischen. Eine originelle Note vermag Neumann
1985 3230 3052 3293 nirgends anzuschlagen, aber er ist außerordentlich ge¬
1977 3273 3074 3361 wandt als Nachempfinder. Der Beifall war sehr stark
1983 3319 2204 3414 und echt.
