3436 4256
191 133 253 218 6
340 148 726 218 Liebeler
316 199 738 261 „
875 144 1309 233 box 13/4
1582 86 2317 153 Unternehmen für Zeitungs-Ausschnitte
1645 141 2243 218 WIEN, I., WOLLZEILE 11
1695 201 2174 259 TELEPHON R-23-0-43
1517 320 1874 396 Ausschnitt aus:
1771 389 2247 512 Osterr. Fimzstuung ian,
1498 545 1636 610 vom:
1845 541 2114 636 28 Our
1485 673 2305 772 Strafanzeige gegen zwei
1600 768 2247 848 französische Firmen
1581 848 2353 917 Wegen Verletzung des Urheber¬
1492 891 2362 975 rechtese hat im Namen des Erben nach
1494 943 2362 1000 Arthur Schnitzler, Herrn Heinrich
1490 1002 2360 1056 Schnitzler, der Wiener Rechtsanwalt
1496 1044 2355 1100 Dr. Norbert Hoffmann gegen die Alma
1501 1088 2368 1172 Film und die Societé Astra Film, Paris,
1494 1147 2367 1197 eine Strafanzeige in Paris erstattet
1499 1190 2361 1251 und gleichzeitig um Beschlagnahme
1504 1255 2360 1304 eines unter dem Titel „Liebelei“ unbe¬
1499 1301 2367 1356 rechtigterweise hergestellten Tonfilms
1508 1351 2365 1412 in französischer Sprache ersucht.
1499 1390 2372 1467 Die Vorgeschichte dieser Anzeige ist
1512 1435 2379 1515 folgende: Zwischen der Cinema, Berlin,
1507 1486 2382 1562 und Dr. Norbert Hoffmann als Ver¬
1511 1543 2372 1622 treter der Verlassenschaft wurde am
1509 1590 2398 1670 23. Juni 1932 ein Uebereinkommen ge¬
1516 1641 2376 1707 troffen, womit der Cinema das aus¬
1507 1674 2382 1753 schließliche Recht übertragen wurde.
1515 1739 2376 1810 nach dem Schauspiel „Liebelei“ einen
1513 1783 2375 1862 Tonfilm, jedoch nur in deutscher
1516 1838 2380 1903 Sprache, herzustellen. Der genannten
1521 1895 2384 1961 Firma, der das Recht vorbehalten war.
1521 1951 2370 2011 innerhalb einer bestimmten Frist eine
1516 1990 2378 2051 Erklärung abzugeben, daß sie eine
1528 2045 2381 2108 französische Version herstellen wolle,
1529 2089 2388 2156 ist dieses Rechtes verlustig gegangen.
1519 2141 2394 2208 da sie die Vertragsbestimmungen nicht
1518 2195 2380 2270 erfüllt hat. Auf Grund des Vertrages
1538 2241 2383 2304 wurde durch die Elite Tonfilm ein
1536 2281 2384 2348 deutscher Tonfilm unter dem Titel
1531 2341 2380 2410 „Liebelei“, hergestellt. Am 17. Fe¬
1525 2387 2389 2458 bruar 1933 übertrug die Elite durch
1540 2434 2387 2512 Vermittlung der Cinema an die Astra
1530 2482 2402 2544 Film, Paris, das Recht zur Aufführung
1537 2535 2379 2610 und Auswertung des deutschen Tön¬
1537 2584 2401 2655 films in Frankreich und den Kolonien.
1538 2634 2398 2698 jedoch mit dem Recht, auch eine Ver¬
1535 2687 2398 2756 sion in französischer Sprache herzu¬
1535 2732 2402 2796 stellen, wodurch die Elite Tonfilm in
1546 2790 2402 2849 die Rechte Heinrich Schnitzlers unbe¬
1536 2836 2404 2911 fugt eingegriffen hat. Die Astra Film
1541 2901 2407 2953 ging nun daran, eine französische Ver¬
1538 2934 2405 2994 sion herzustellen. Als Dr. Hoffmann da¬
1544 2994 2398 3048 gegen Verwahrung einlegte, versuchte
1544 3030 2413 3101 die Cinema das Recht zur Herstellung
1551 3095 2410 3154 einer französischen Version zu erwer¬
1548 3127 2415 3197 ben. Dr. Hoffmann erklärte jedoch
1549 3177 2408 3250 namens der Verlassenschaft den Rück¬
1556 3230 2407 3293 tritt vom Vertrage, da die Cinéma die
1555 3278 2414 3349 ihr vertraglich obliegenden Pflichten
1556 3342 2415 3390 nicht erfüllt hatte, so daß die Gesell¬
1552 3384 2417 3446 schaft das Recht zur Herstellung einer
1560 3436 2419 3505 französischen Version nicht erworben
1559 3487 2421 3549 hat. Trotzdem stellte die Alma Film
1560 3534 2413 3613 einen französischen Tonfilm nach dem
1552 3580 2416 3652 Schauspie! „Liebelei“ her und übertrug
1557 3628 2414 3690 dem Comptoir Française den Verleih
1560 3677 2427 3740 dieses Films. Die Alma Film und Astra
1567 3730 2428 3798 Film haben also unbefugt in die Rechte
1573 3793 2432 3839 Heinrich Schnitzlers als Erben des Ur¬
1571 3830 2434 3898 hebers eingegriffen, da diesen Firmen
1561 3882 2432 3945 bekannt war, das weder die Cinema
1567 3929 2436 3997 noch die Elite über das Urheberrecht
1583 3987 1787 4061 verfügte.
