3436 4224
328 86 738 162 Liebelei
894 91 1327 178 box 13/8
201 76 739 196 8. 1
429 629 1155 724 Kronenzeitung, Wien,
326 656 427 744 7
679 739 1060 827 19.12.1934
385 930 1195 1080 Theater und Kunst.
410 1043 1237 1128 („Das ist die erste Liebelei“.) So wird die
347 1104 1237 1168 neue Eysler=Operette heißen, die Sonntag in der
371 1131 1233 1214 Volksoner uraufgeführt wird. Gegen den ur¬
366 1158 1285 1253 sprünglichen Titel „Die erste Liebelei“ haben die —
360 1211 1241 1294 Erben nach Artur Schnitzler, dem Autor der
360 1248 1248 1335 „Liebelei“ Einspruch erhoben. In Verhandlungen
363 1298 1233 1363 mit den Autoren Kottow und Gustav Beer
351 1324 1239 1416 konnte dank dem beiderseitigen Entgegenkommen
357 1376 1034 1462 eine mittlere Linie gefunden werden.
595 1704 954 1804 Der Tag, Alen
628 1905 952 2020 49.01.
239 2162 789 2249 „Das ist die erste Liebelei...“
305 2197 1133 2284 AufEinspruch der Erben Aktur Schnitzlers
231 2253 1125 2336 gegen den Titel der Eysler=Operette „Die erste
245 2294 1124 2371 Liebelei“ wurde dieser im Einverständnis in
233 2340 983 2422 „Das ist die erste Liebelei .. .“ geändert.
413 2905 1114 2991 AN Dene Praie Prasst. Wier
377 2977 447 3116 9
631 3002 929 3108 (19.DEI
376 3179 1463 3271 (Der Titel der nächsten Volksopernovität.) In der
285 3231 1446 3307 Volksoper ist für Sonntag die Erstaufführung der neuen Operette
278 3274 1446 3356 von Edmund Eysler angesetzt, deren Text von Gustav Beer
272 3309 1445 3395 und Hans Kottow stammt. Gegen den ursprünglichen Titel
279 3352 1445 3427 „Die erste Liebelei“ haben nun die Erben nach Arthur Schnitz¬
408 3408 1435 3488 urch Dr. Norbert Hoffmann Einspruch erhoben. In
283 3432 1435 3529 einer gestern stattgefundenen Verhandlung, in der die Autoren
273 3487 1431 3551 durch Dr. Wolfgang Pollaczek vertreten waren, einigte man
279 3531 1431 3614 sich dahin, den Titel in „Das ist die erste Liebelei...
276 3562 522 3626 umzuändern.
2096 716 2536 820 Volfszeitung, Wien
2150 880 2659 1033 20 DrZ 19340
1990 1110 2775 1190 „Das ist die erste Liebelei“.
1871 1172 2768 1232 Gegen den Titel der neuen Eyslerschen
1878 1207 2760 1265 Operette „Die erste Liebelei“, deren Autoren
1872 1251 2767 1300 Gustav Beer und Hans Kottow sind, wurde
1866 1296 2744 1358 von den Erben nach Artur Schnitzler
1874 1345 2810 1406 Protest eingelegt. Nun ist es zwischen den —
1872 1389 2763 1433 gegnerischen Anwälten zu einer Einigung ge¬
1875 1427 2771 1481 kommen, so daß der Uraufführung nichts im
1883 1469 2797 1533 Wege stehen durfte. Die Operette wird den
1874 1510 2714 1593 Titel „Das ist die erste Liebelei“ führen.“
2041 2240 2557 2337 Kieine Volkereitung. Wien
2113 2422 2519 2542 20. DEZ. 1934
2572 2420 2695 2552 #0
1969 2667 2755 2750 „Das ist die erste Liebelei“
1863 2720 2767 2798 Gegen den Titel der neuen Eyslerschen
1865 2776 2760 2828 Operette „Die erste Liebelei“, deren Autoren
1874 2826 2759 2882 Gustav Beer und Hans Kottow sind, wurde
1871 2860 2755 2922 von den Erben nach Artur Schnitzler
1866 2894 2465 2964 Protest eingelegt. Nun=ist#
2537 2909 2764 2972 vischen den
1868 2945 2755 3020 gegnerischen Anwälten zu einer Einigung ge¬
1868 2990 2770 3052 kommen, so daß der Uraufführung nichts im
1865 3030 2770 3112 Wege stehen durfte. Die Operette wird den
1857 3086 2732 3153 Titel „Das ist die erste Liebelei“ führen.
