3484 4256
780 186 1226 287 box 13/3
236 195 652 270 Liebelei
232 248 650 307 anenneaeene eneneneennenen
851 510 1103 582 I. Oesterr.
307 533 1197 634 SIZIOBSERUER veneret, nonz.
449 598 1192 646 Büro für Zeltungsnachrichten
451 633 1214 682 WIEN I, WOLLZEILE 11
343 769 463 858 2/8
456 827 1069 928 Die Stunde, Vien,
533 947 1023 1028 vom 22.2.1933
2095 1241 2996 1334 seine helle Freude daran haben konnte. Sie,
2106 1309 2998 1383 und sie allein, war ein Wiener Figürchen
343 1270 2103 1396 Schnitzler-Abend in der Josefstadt
2118 1351 2763 1409 von gestern, heute und morgen.
2129 1385 3001 1464 Paul Kalbeck verwandte alle Kunst
2113 1434 2989 1495 seiner diskreten Regie an das Schauspiel
731 1418 1734 1513 -Liebeler: — -Der tapfere Cassian,
2112 1473 2991 1539 und an die kleine Commedia dell’arte „Der
393 1494 2079 1561 Lange genug hat sie uns warten lassen, auch wieder, zu den Herzen zu sprechen.
2109 1523 2990 1569 tapfere Cassian“, die den Abend ergänzte.
1271 1569 2102 1622 Hans Thimig trug mit gewohnter Ein¬
347 1568 1237 1616 die Josefstadt, auf diese „Liebelei“, die
2121 1570 2983 1628 Der kleine Einakter ist eine Künstlerlaune,
1245 1607 2099 1667 fühlung das seelische Kostüm des jungen
364 1601 1240 1669 uns als Entschädigung für so manchen da¬
2120 1609 2994 1672 eine flüchtige Skizze, wie sie der Radierer
1243 1645 2106 1714 Herrn aus der Vorkriegszeit, als ob es sein
351 1650 1241 1703 neben geratenen Abend dieser Spielzeit
2111 1655 2994 1721 an den Rand des Blattes zu zeichnen pfligt.
1243 1691 2109 1746 eigenes wäre, Heinrich Schnitzler
365 1695 1233 1742 versprochen und zugedacht war. Nun hat
2115 1700 2989 1757 Frau Czepa, Hans Thimig und Neugrbauer
1244 1735 2105 1800 sprach die Sentenzen des Raisonneurs Theo¬
352 1742 1243 1790 endlich die kaiserliche Sissy Zeit gefunden,
2118 1751 2955 1799 spielter sie leicht und anmutig herunter.
1242 1783 1974 1845 dor mit Natürlichkeit und Scharm.
347 1770 1232 1841 sich in die bürgerliche Christine zurück¬
2151 1778 3001 1835 Die Josefstadt hat ihr Versprechen ein¬
352 1812 1248 1893 zuverwandeln — zu spät freilich, um den
2114 1823 2983 1891 gelöst. Es zeugt nur von dem tiefen Respekt,
1274 1821 2107 1877 Die eigentliche Überraschung des Abends
2116 1879 2988 1927 den dieses Theater genießt, wenn sich seine
1235 1858 2107 1934 aber war Frau Czepa: ihre Schlagermizzi
2122 1915 2989 1974 Freunde vielleicht noch mehr versprochen
1232 1920 2110 1977 war so echt, so reizend, so fröhlich in ihrer
1227 1955 2997 2022 gottgewollten, sanften Ordinärheit, daß man hatten, als es halten konnte. J. C. W.
727 2403 943 2524 181/8
738 3032 900 3137 Hei¬
900 3060 1198 3171 —
463 3162 1173 3266 Paula Wessely und Hans Thimig
358 3260 1263 3331 ihr ursprünglich zugedachten Partner,
368 3320 1260 3372 Gustav Waldau, noch zu erreichen, der
378 3363 1254 3418 einem Wiener Winter des Mißvergnügens
369 3406 1263 3465 gar zu rasch entflohen ist. Danken wir
361 3440 1262 3512 trotzdem für das verspätete Weihnachts¬
368 3494 680 3571 geschenk
407 3532 1269 3603 Die Blätter, auf denen der große Meister
363 3570 1267 3655 des psychologischen Clair-obscur diese
369 3629 1262 3691 zarten, vom Baum des Schicksals be¬
370 3668 1270 3720 schatteten Liebesszenen niedergeschrieben
367 3703 1263 3767 hat, sind ein wenig vergilbt und dadurch
371 3756 1269 3818 nur noch kostbarer geworden. Gerade weil
365 3799 1261 3859 es diese Menschen nicht mehr gibt, weil ein
374 3834 1277 3898 junger Mann und ein junges Mädel von
363 3878 1281 3939 heute nicht mehr imstande sind, so gerade
357 3924 1263 3988 heraus von ihren Gefühlen zu sprechen, die
358 3962 1273 4032 man nach der herrschenden Mode gewisser¬
370 4017 1200 4081 maßen mit dem Pelz nach innen trägt
370 4044 1270 4116 gerade deshalb ist dieses Schauspiel über
369 4092 1272 4153 seinen bloßen Inhalt hinausgewachsen und
897 4138 1007 4187 Pa
1141 4127 1196 4188 101
