3344 4224
377 95 734 178 Liebelei
913 97 1322 198 box 13/5
207 106 830 223 8. S
858 674 1226 802 ach
340 654 1094 884 Oeter. Abendeig ihen
484 901 991 1013 23. AuG. 1934
243 993 1143 1083 Vier Autoren schreiben eine Ope¬
254 1066 1130 1134 rette nach Motiven eines Fünften
638 1116 1144 1200 belei“ wurde zu einen
249 1161 1149 1250 Zverettensöff verwendet, den nicht wenigel
263 1217 1147 1294 als vier Autoren verfaßt haben und zwal
258 1272 1156 1337 Geza Herczeg, Paul Knepler, Bede
257 1308 1152 1374 und Saltenburg. Die Musik hat Osr¬
258 1340 1140 1409 cor Straus komponiert. Für die Auffüh¬
271 1382 1155 1480 rung ommt das Raimundtheater in Betracht
1051 1792 1098 1863 7
310 1794 1065 1935 „OESERVER“
379 1897 1067 1987 I. österr. behördl. konzessioniertes
343 1949 1105 2053 Unternehmen für Zeitungs-Ausschnitte
445 2018 1015 2115 Wien I, Wollzeile 11
499 2080 940 2155 Telephon R.R-u-43
711 2132 934 2207 M. . Sech. Ae
346 2212 699 2307 Ausschnitt aus:
497 2295 1148 2400 Ostrauer Margenzeitung
656 2371 719 2417 k
612 2412 792 2458 LaH
640 2437 802 2488 ARrGAA
359 2455 503 2526 vom;
590 2445 1130 2570 24 AuG 934
956 2534 1062 2595 SE
372 2585 1257 2658 — Operette: nach Motiven von Arthur Schnitze
304 2636 1243 2694 ler. Bekanntlich wurde Arthur Schnitzlers „Li##elei,
307 2682 1254 2735 Einwilligung der Erben Arthur Schnitzlers, zu
316 2734 1263 2779 einer Operette umgearbeitet. Die Musik hat Oskar
313 2753 1264 2817 Straus komponiert, der die Atmosphäre von Schnitz¬
318 2801 1247 2858 lers „Liebelei“ aus persönlichem Erlebnis ganz ge¬
312 2838 1258 2890 nau kennt. Die Operette wird im Raimund=Theater
305 2865 1268 2935 in Szene gehen. Wie nun aus Wien gemeldet wird,
307 2915 1263 2986 beabsichtigt Direktor Paul Barnay, den Titel des
309 2950 1262 3021 Werkes zu ändern, da er der Ansicht ist, daß das neue
308 2993 1254 3066 Werk eine selbständige Arbeit ist, die bloß Motive
312 3032 1253 3098 und Figuren Arthur Schnitzlers in den Jahmen eines
322 3074 1240 3125 musikalischen Werkes stellen. Die Pietät verbietet es,
307 3107 1245 3155 Schnitzler ein Operetten=Libretto zuzumuten, daher
311 3151 1246 3204 will Barnay einen neuen Titel finden und darunter
307 3183 1262 3245 die Worte setzen: Nach Motiven Arthur Schnitzlers.
308 3227 1262 3289 Die Autoren der Operette werden nicht auf dem Zet¬
306 3268 1252 3334 te lerscheinen, einfach aus dem Grunde, weil ihrer zu
302 3304 1261 3371 viele sind. An der Operette haben Geza Herczeg, Paul
304 3346 1258 3403 Knepler, Beda und der ehemalige Berliner Theater¬
299 3392 1263 3447 direktor Heinz Saltenburg gearbeitet. Sie müßten
313 3418 1263 3475 also von Rechts wegen alle auf dem Theaterzettel
301 3463 1266 3528 erscheinen, und da dies nicht möglich ist, wird es nur
308 3491 1269 3573 „nach Motiven Arthur Schnitzlers“ heißen. Musik von
318 3550 608 3620 Oskar Straus.
2560 1427 2674 1518 tan.
2100 1458 2509 1612 Vr Reneste Rachr
2077 1591 2827 1730 Asendbizat 2 A AUG 1934
1909 1805 2993 1928 „ach Mottven Artur Schnitzlers“
1923 1879 3028 1999 Schnitzlers „Liebelei“ wurde zu einer Operette umge¬
1877 1945 3042 2043 arbeitet. Die Musik hat Oskar Straus komponiert. Das
1879 1985 3031 2083 Libretto stammt von — hören wir darüber „Die Stunde“!
1974 2048 3033 2156 „Die Autoren der Operette werden nicht auf dem
1920 2100 3038 2205 Zettel erscheinen, einfach aus dem Grunde, weil ihrer
1929 2145 3033 2237 zu viele sind. An der Operette haben Geza Hirczeg,
1941 2184 3031 2282 Paul Onepler, Beda und der ehemalige Berliner
1938 2238 3036 2318 Theaterdirektor Heinz Saltenburg gearbeitet. Sie
1938 2261 3039 2371 müßten also von Rechts wegen alle auf dem Theater¬
1931 2319 3042 2416 zettel erscheinen und da dies nicht möglich ist, wird
2916 2356 2949 2389 7
1939 2374 2934 2454 es nur „nach Motiven Artur Schnitzlers' heißen.“
1944 2422 3051 2513 Schnitzler ist mithin in guten Händen. Er wird von,
1896 2471 3043 2566 gering gerechnet, fünf branchekundigen Herren aus
1896 2519 3053 2624 dem Ischler Kulturkreis betreut, die mit vereinten Kräften
1909 2561 3050 2656 das Eindringen ortsfremder Elemente in den Organismus
1910 2611 3063 2708 der zu einer Operette verwursteten „Liebelei“ verhindern
1905 2704 2095 2769 werden.
