3436 4256
465 203 809 285 Liebele
278 194 1434 322 P. Llessler box 12//7
1017 1286 1292 1396 3er9 1917
2847 1310 3390 1401 Enlführung aus dem Eeint.
2841 1383 3402 1445 „Aida“. (Anfang halb 7 Uh
2894 1422 3393 1482 Mittwoch den 12.: „Der
854 1397 1428 1535 Fremndenblatt, Wiel
2834 1462 3402 1527 (Anfang halb 7 Uhr.) — Do#
1980 1506 2042 1578 1
1636 1561 3388 1644 Ibsen, der in Deutschland und Oesterreich fast noch gar bringen, die wahrscheinlic
1641 1614 3404 1687 nicht gespielt wurde, gegeben haben, gehört ein Krach,wieder auf dem Reperte
692 1619 1414 1725 Aus der Theaierwelt.
2856 1666 3399 1728 Girardi wird zum ersten
1635 1660 2878 1733 den ihm Mitterwurzer in seiner schon damals unberechenbar
948 1686 1666 1774 „Musik vom Kapellmeister Richard
1647 1711 3392 1773 explosiven Art am Königsberger Stadttheater gemacht hat. spielen und damit seinen
429 1691 866 1783 Im deutschen Riga.
435 1744 1644 1814 Wagner.“ — Mitterwurzers „Verhältnis“ zu Anzengruber. —
1651 1754 3399 1825 Es war am Tage, da Aman die telegraphische Nachricht und klassischen Vätern se
431 1801 1659 1860 „Liebelei“ und allerlei von Schuitzler — Girardi an der „Burg“.
1648 1795 3375 1860 vom Tode Anzengrubers erhielt. Sofort beschloß er, ein das Burgtheater unter
477 1855 1657 1925 — Die dichtenden Aerzie. —Heöbels Patenkind Helene und ihr
1635 1846 3401 1917 Volksstück desselben anzusetzen und ließ Mitterwurzer, der salten „Presse“. Dr. Gra
800 1877 1299 1966 silbernes Patengesche ik.
1620 1886 3405 1964 sich gerade im Hause befand, das Buch übergeben. Worauf Menschenalter kräftig ver#
542 1948 3400 2018 Riga, das jetzt von den Deutschen besetzt ist, hatldieser es in weitem Bogen von sich warf mit dem lauten jetzt das richtige Alter in
2853 1994 3396 2060 Alter allerdings nie ein
429 1988 1812 2074 eigentlich nie aufgehört, deutsch zu empfinden und die Knute Rufe:
2841 2032 3398 2117 Neumann, später Gräfine
441 2050 1673 2105 des Zaren hat die deutsche Kultur von dort nie austreiben
1764 2028 2454 2116 „Tote Dichter spiele ich nicht!“
1759 2094 3397 2157 Derselbe Mitterwurzer hat zu jenen gehört, die als er zunächst mit seine#
427 2098 1674 2153 können. Riga hatte ein altes deutsches Theater und dieses
1658 2134 3381 2212 Schnitzlers „Liebelei“ zum großen Burgtheatererfolg kam, mit Beziehung auf
422 2142 1658 2216 schicksalsreiche Theater darf sich berühmen, keinen Kleineren
1655 2192 3389 2251 gemacht haben, und zwar durch bereitwillige Uebernahme zusammen über zweih
429 2193 1664 2264 als Richard Wagner in seinen jungen Anfängen als Kapell¬
2860 2227 3396 2300 Unter fünfzig Jahren t#
1636 2230 2878 2327 der Rolle des fremden Herrn, von der allerdings erst ein
420 2238 1201 2326 meister angestellt gehabt zu haben.
2861 2277 3389 2354 Institut!“ Und wären d
546 2290 2877 2364 Andreas Aman, der seit dem Direktionsabschied vom großer Künstler zeigen konnte, wie viel aus ihr heraus¬
2862 2339 3394 2409 schon sehr gesetzt gewesen
430 2347 2874 2410 Carl=Theater in diesem Sommer zum ersten Male auf zuholen und zu machen ist. Nebenbei bemerkt, ist gerade
423 2395 3392 2443 einen Tag in Wien weilte, in der Stadt, deren großer das genannte Stück, welches so ziemlich auf der ganzen theaterdirektor gelungen
437 2427 3384 2511 Operettenerfolg „Walzertraum“ mit seinem Namen dauernd Welt Repertoriestück geworden ist, trotz der wienerischen „Räuber“=Aufführung,n
423 2477 3359 2532 verbunden bleibt, obwohl sein Verdienst um die deutsche, Note, die in ihr steckt, auch schon in Japan gemimt wird —theater, durchzusetzen.
430 2513 3395 2598 Schaubühne, der Rosa Sucher, dem Slezak und anderen, vermutlich, weil das süße Mädeltum zu den unvergäng=erwartete sich nämlich die
2590 2574 3386 2655 ein Beweis weniger revolutionäre
440 2579 2610 2634 die es zu Ruhm und Bedeutung beim Theater brachten, lichen internationalen Werten zu zählen ist —.
438 2637 3158 2685 die Wege geebnet zu haben, gewiß größer ist, war in seiner auf das Theatersprichwort, daß es beim Theater immersäußerungen.
446 2675 2363 2740 drektorialen Vergangenheit, die ihn von Straßburg bis anders kommt, wie man glaubt.
2970 2658 3385 2744 Schnitzlers neueste
436 2730 1679 2799 Riga und von Königsberg bis Graz geführt hat, einmal
1761 2729 3407 2788 Knapp nach der Erstaufführung der „Liebelei“ im eine Komödie, die die
444 2780 3387 2838 auch Direktor des Rigaer Stadttheaters. Da ist er im Wiener Burgtheater sahen und sprachen sich Direktor Humor ihr Publikum zu
441 2830 3388 2886 Theaterarchiv auch auf die Spuren Richard Wagners als Dr. Max Burckhard und Dichter Dr. Artur Schnitzler. Berliner Lessingtheater
447 2871 3397 2937 angestellten Kapellmeister des Rigaer Theaters gekommen Man wußte, daß Ludwig Speidel sein nächstes Sonntags=persönlich bei. In Wie
439 2922 3386 2974 und hat einen sehr merkwürdigen Theaterzettel zu Gesicht feuilleton über die „Liebelei“ zu schreiben die Absicht habe. Volkstheater herauskomm
443 2962 3390 3021 bekommen. Es handelte sich um eine Gelegenheitsvor= Der wohlmeinende Burckhard sprach die aufrichtige Be=direktion auch die Ge
452 3014 3377 3060 stellung mit einer Feerie, in der Riga vorkam — „mit fürchtung aus, daß das Feuilleton leider schon zu spätf „Weiten Land“ erwirkt
437 3046 1398 3136 Musik vom Kapellmeister Richard Wagner ...“
1660 3057 3393 3130 kommen, „Liebelei“ leider schon abgesetzt sein werde. In= Artur Schnitzler, der So
566 3121 3392 3166 Wohin der Theaterzettel, wohin die jetzt vielleicht zwischen aber richtete das Publikum. Es drängte sich zu Poliklinik Regierungsr
437 3156 3380 3199 unbezahlbare Richard Wagnersche Originalpartitur geraten der dem Speidelschen Sonntagsfeuilleton unmittelbar vor= Mediziner und hat in
439 3193 3397 3267 ist, darüber weiß Anbreas Aman, der in froher Rüstigkeit angehenden Samstagaufführung der „Liebelei“ so lebhaft, Heilkunde gemacht. Bis
443 3256 3382 3310 auf dem Lande in der grünen Steiermark auf ein halbes gaß die Vorstellung ausverkauft war. Und von diesem hat Schnitzler, trotz der
447 3310 3386 3351 Jahrhundert selbsttätig miterlebter deutscher Theaterge=Datum un machte das Stück, in dem eine Tragödin von der sich als praktischer Arzt
450 3352 1246 3418 schichte zurückschaut, nichts Näheres.
1671 3352 2884 3408 Wucht und der Tiefe der Adele Sandrock ihre unvergessenen
2878 3360 3391 3418 Fach seines verstorbene
558 3401 2596 3460 Zum Eindrucksvollsten, was Andreas Aman, der als Talente glänzen lassen konnte, seinen Weg.
2870 3404 3376 3469 Bruder bis heute ein
1779 3436 3385 3516 Die eben begonnene Spielzeit des Burgtheaters wird ist. Die scharfe Beobach
442 3441 1689 3519 deutscher Theaterdirektor nicht nur zu den Ersten gehörte,
436 3510 3386 3558 die den „Faust“ ungestrichen aufgeführt, sendern auchteine sehr interessante Neubesetzung in der „Liebelei“ stände und Personen ist
