3484 4256
288 166 673 241 Liebelei
169 175 710 288 5. SESAE
801 162 1278 260 box 13/3
1144 673 1664 797 „GBSERVER““
1060 739 1759 868 Wien, I., Wollseile Nr. 15
1167 813 1665 920 Telsfon R-22-6-43
788 889 1661 1019 2 3. FEB. ISSUne Kleine Bat, Wer¬
1625 1074 2124 1300 ater
1302 1239 1357 1300 Sen
1565 1294 2468 1386 denken des Dichters, der Regie und allen Dar¬
701 1299 1566 1399 Schnitzler-Abend im Theater in der
1569 1351 1824 1426 stellern galt.
987 1369 1293 1450 Josefstadt.
1616 1401 2456 1471 Vorher wurde „Der tapfere Cassian“.
744 1432 2449 1519 „Liebelei.“ Cassian.“ein Puppenspiel, das auch von Liebe und Tod
1573 1493 2461 1549 handelt, gespielt, und über diese ewigen Themen.
739 1495 1566 1562 Das Volkslied unserer dramatischen Literatur
1581 1545 2462 1590 die auch der Kern aller Probleme Artur
702 1540 1569 1607 ist und bleibt Artur Schnitzlers „Liebelei“. Wie
1571 1589 2468 1648 Schnitzlers waren, kluge und dichterische Worte
688 1589 1570 1639 drei Strophen verklingen die drei Akte, gleich
1584 1630 2460 1693 bringt. Auch hier war Fräulein Czepa von
702 1629 1571 1697 einem Ungewitter senkt sich das Schicksal auf
1583 1658 2464 1730 entzuckendem Liebreiz, Hans Thimig ein an¬
1153 1673 1574 1734 die Menschen nieder,
1148 1713 2457 1775 die einfach und schlicht mutiger Märchenjüngling und Herr Neuge¬
1579 1762 2465 1831 bauer der geborene, prahlerische Haudegen.
1154 1763 1584 1824 sind und ihrer in¬
1158 1799 1575 1867 nersten Natur folgen.
1148 1847 1570 1923 Wie ein Volkslied zieht
1151 1895 1585 1962 die „Liebelei“ in der
1153 1927 1579 1995 neuen, geradezu ein¬
869 1862 1125 2035 20
1116 1960 1588 2036 S zigartigen Darstellung
1034 1975 1120 2063 7
711 1972 838 2055 1
1148 2017 1582 2085 des Josefstädter The¬
1152 2057 1581 2124 aters am Zuschauer
727 2092 1588 2194 #n vorüber. Vor allem
1147 2143 1586 2211 hat man der neuen
1156 2170 1596 2248 Christine der Frau
769 2202 1072 2299 TLer lhme
1162 2226 1601 2299 Paula Wessely mit
1154 2275 1586 2338 Spannung entgegen¬
689 2320 1596 2382 gesehen. Wenn es eine Rolle gibt, in der ihre
685 2355 1590 2426 Kunst und ihr Wesen vorausgeahnt wurde, so ist
702 2405 1590 2471 es die dieses Wiener Mädels. Frau Wessely gibt
696 2452 1597 2501 die Christine einfach, in tiefer, ruhiger Innerlich¬
699 2481 1596 2565 keit, nur in der letzten Szene, da sie den Tod
700 2532 1590 2600 des Geliebten erfährt, der um einer anderen
714 2568 1596 2638 Frau willen gestorben ist, erhebt sich ihr leiden¬
714 2603 1600 2673 schaftlicher Schmerz zur großen, tragischen Ge¬
715 2669 1597 2720 bärde, die in ihrer Schlichtheit ihre große
707 2712 1597 2768 Künstlerschaft beweist. Die Schlager=Mitzi des
707 2743 1589 2812 Fräuleins Czepa ist ein Meisterstück: Leicht¬
703 2793 1589 2862 sinn, Lebenshunger und die Weisheit des ein¬
710 2824 1601 2897 fachen Volkes — alles wird hier in bestrickender
702 2876 1609 2933 Anmut eingehüllt und so entsteht ein wirkliches
710 2917 1600 2980 „Süßes Mädl“, wie es vor einem Menschenalter
717 2958 1597 3016 die Wiener Literatur erträumte. Herr Hugo
711 2995 1597 3069 Thimig, als der alte Vater der Christine, legt
704 3042 1595 3099 in diese Figur einen Schatz von Liebe und Weh¬
716 3088 1607 3158 mut. Hans Thimig ist der junge Lebemann,
717 3140 1591 3205 dessen Schicksal wahrscheinlich das seiner Ge¬
715 3174 1601 3225 liebten mitreißt. Er gibt ihn mit verhaltener
707 3216 1595 3281 Schwermut. Als der andere der beiden Freunde
718 3258 1600 3326 ist Heinrich Schnitzler, der Sohn des
712 3299 1605 3373 Dichters, elegant, sympathisch, natürlich. Mit
714 3343 1609 3418 einigen knappen Strichen zeichnet Frau Rosar
719 3401 1605 3440 eine wienerische Kleinbürgerin, und Herr
725 3434 1611 3489 Hübner als der „fremde Herr“, das personi¬
719 3461 1620 3535 fizierte Schicksal, gibt seiner einzigen Szene alle
720 3514 1545 3589 Wucht und allen Nachdruck, die sie verlangt.
784 3553 1616 3620 Es war ein ungewöhnlich künstlerischer
687 3612 1608 3700 Abend, an dem der stürmische Applaus dem An¬
