3484 4224
440 225 811 299 Liebelei
260 227 828 346 5. Llerzier
951 224 1398 327 box 10/1
2494 507 2717 702 W.
2598 656 2749 741 9
2403 705 2751 813 AESS
2415 757 2578 856 82
2430 810 2794 914 &N S
1093 717 2356 950 Wochen-Rundschau
1668 953 1792 1037 für
771 996 2701 1148 dramatische Kunst, Literatur und Musik.
948 1154 2516 1226 Unter Mitwirkung von Fachmännern herausgegeben von
1400 1202 2070 1301 Anton. Bing.
766 1277 2736 1360 Die Wochn=Rndschere erscehnt den Dorersieg und koset fer huentien aen Pain 19 Bent ver Heahr eusheinis 14 Wer inch. Preiter
761 1351 2041 1384 Postzustellung. Auch nimmt die Post Bestellungen à 3 Mark 50 Pf. o Quartal an.
2072 1347 2730 1409 Notizen für den redactionellen Theil keliebe
764 1376 2717 1431 man an Anton Bing, Gaußstraße 9 in Frankfurt am Main zu richten. — Sprechstunden des Redacteurs täglich von 2—4 Uhr Nachm.
776 1401 2716 1458 Anzeigen per 2sach gesp. Petitzeile oder deren Raum 50 Pf. — Einzelne Nymmern 25 Pf. für Abonnenten, 50 Pf. für Nicht=Abonnenten.
731 1452 922 1544 N. 2.
1267 1456 2734 1551 Frankfurt a. M., den 16. Januar 1896. XVII. Jahrgang
746 1571 1719 1630 Vereinigte Frankfurter Stadttheater.
1745 1569 2740 1638 fallenen Max Piccolemini bewegen, der Autor über¬
812 1628 1720 1680 g. Schauspiel. Am 11. d. Mts. ging das
1738 1623 2733 1693 sah aber, daß er schon selbst seine Heldin ihre Liebe
732 1667 1715 1729 bereits am Wiener Hofburgtheater mit vielem Erfolge
1742 1672 2745 1737 früher als eine aussichtslose bezeichnen ließ. Auch
734 1725 1726 1794 dargestellte dreiaktige Schauspiel „Liebelei" von
1740 1726 2735 1785 läßt die ganze Charakteranlage des Mädchens kaum
731 1777 1726 1840 Arthur Schnitzler erstmals in Scene und erfreute
1735 1778 2733 1838 den Schluß zu, daß es, nachdem es sich von der
735 1813 1728 1883 sich auch hier wohlwollender Aufnahme. Schnitzler
1740 1818 2733 1876 Unwürdigkeit des Geliebten überzeugt hat, statt Ver¬
739 1860 1717 1933 zeigt in diesem ernsten Drama die Leiden eines jungen
1745 1867 2740 1921 achtung und Ekel, solchen wilden rasenden Schmerz
747 1918 1723 1974 Mädchens, welches seine erste Liebe einem jungen
1742 1918 2740 1980 empfinden und zur Selbstvernichtung schreiten würde.
745 1974 1720 2027 Manne schenkte, der gleichzeitig ein sträfliches Ver¬
1741 1967 2733 2044 Es ist somit in Schnitzler's Schauspiel weniger die
743 2016 1716 2075 hältniß zu einer verheiratheten Frau unterhielt.
1739 2013 2727 2084 durchsichtige Handlung, als die sehr sorgsame und
738 2059 1726 2124 Die Folgen des letzteren sind ein töblicher Zweikampf
1742 2065 2732 2122 mit liebevoller Feinheit ausgeführte Kleinmalerei,
739 2120 1726 2182 und die Vernichtung des Seelenfriedens und des
1741 2119 2736 2184 die zu fesseln vermag. Sobald eine gute, wenn
738 2161 1719 2221 Lebens des dem Liebhaber vertrauenden jungen
1745 2173 2731 2220 möglich das Wiener Lokalkolorit richtig betonende
741 2211 1719 2266 Mädchens. Schnitzler hat aber nicht sowohl die
1734 2214 2742 2278 Darstellung, wie die hiesige, des Autor unterstützt,
735 2258 1725 2320 treibenden Momente der einfachen Handlung, deren
1736 2262 2732 2327 wird „Liebelei“, ohne gerade einen nachhaltigen
746 2319 1717 2371 eigentliche immerhin, wenn auch nicht besonders
1746 2313 2731 2366 Eindruck zurückzulassen, überall ansprechen. Von den
729 2348 1727 2419 starke dramatische Vorgänge für sein Stück ver¬
1747 2356 2735 2416 Herrenrollen ist nur jene des Vaters Weiring, eines
725 2399 1728 2468 werthet, als sich mit großem Geschicke in die Aus¬
1741 2405 2738 2471 einfachen armen, sein unglückliches Kind heiß liebenden
737 2457 1717 2522 malung der feelischen Zustände der einzelnen Per¬
1743 2452 2733 2515 Musikers dankbac. Herr Szika schlug mit derselben
733 2506 1720 2554 sonen vertiest. „Liebelei“ bringt denn auch in den
1742 2512 2742 2571 weiche Gemüthstöne au, und suchte auch die tragischen
743 2553 1728 2618 beiden ersten Akten fast ausschließlich Stimmungs¬
1739 2552 2735 2618 Momente des letzten Aktes nach Kräften überzeugend
730 2607 1730 2665 bilder, die zwar durch eine der Wirklichkeit abge¬
1745 2600 2726 2671 herauszuarbeiten. Herr Bauer gab den Liebhaber
743 2654 1718 2716 lauschte Wiener Lokalfärbung einen starken Reiz
1744 2653 2734 2702 Fritz Lobheimer vorzüglich. Vor Allem legte er auf
741 2702 1723 2768 erhalten, die aber dennoch nicht ganz für die fehlende
1738 2694 2733 2765 die Schilderung der selbstverschuldeten inneren Pein
743 2752 1720 2810 Handlung schadlos halten. Auch im Schlußakte
1745 2753 2738 2817 starkes Gewicht, die ihm selbst bei dem fröhlichen,
740 2799 1726 2864 wird die letztere fast nur dem Zuschauer durch Er¬
1752 2805 2730 2868 übrigens stark an Henri Murger's Vie de Bohème
732 2849 1724 2909 zählungen kundgegeben, die sich abermals zuweilen
1751 2848 2734 2915 erinnernden Gelage des ersten Aktes schwermüthig
732 2897 1724 2946 in starke epische Breiten verlieren, und damit das
1744 2892 2722 2963 die Freude vergällt. In der Abschiedsscene von der
725 2940 1720 3014 Interesse an der Charakteristik und von dem Ge¬
1736 2946 2733 3019 Geliebten war er von rührender Wärme und Herz¬
736 2994 1723 3052 schicke des verlassenen Mädchens ablenken. Durch
1739 2987 2740 3064 lichkeit, die vollendete Behandlung des Wiener
738 3047 1720 3101 diese Ausdehnung wirkt der letzte Akt überhaupt
1740 3042 2720 3097 Dialekts der besseren Gesellschaftskreise vervollstän¬
1730 3086 2728 3156 digte die vorzügliche lebenstreue Charakteristik. Herr
738 3098 1716 3153 mehr quälend als befreiend, und stellt zudem an
731 3149 1718 3199 die Hauptdarstellerin und die sie unterstützenden
1729 3134 2736 3201 Bolz zeigte als Theodor Kaiser, den er auch sehr
739 3189 1714 3253 Schauspieler Aufgaben, die mehr im modernen
1729 3195 2732 3240 glücklich als Wiener individualisirte, den vernünftigen
725 3236 1718 3298 Raffinement und in der Mache, als in der klaren
1740 3239 2726 3298 Lebemann von der gewinnendsten Seite, während er
726 3293 1731 3350 schlichten Wahrheit wurzeln. Die Verzweiflung der
1741 3285 2722 3348 die peinliche Verlegenheit, den Tod des Freundes
726 3341 1716 3396 Getäuschten, sich einem Unwürdigen hingegeben zu
1728 3340 2728 3396 des Geliebten zu verkünden, und die tiefe Trauer um
1728 3374 2720 3442 denselben durch einfaches, aber sehr überzeugendes
718 3390 1731 3442 haben, ergeht sich in jenen Empfindungen; die
727 3436 2734 3517 etwa Thekla bei der Nachricht vom Tode des ge= Spiel veranschaulichte. Herr Roll gab den betrogenen
