3484 4256
293 160 715 233 Liebelei
826 168 1276 262 box 12/8
284 209 713 276 en n  n e een
572 958 992 1048 e Dmqmpung
502 1029 1075 1115 Jeblezuy Jeömsanspeng*
643 1326 1112 1468 ae Audisse
1522 1501 1589 1570 G
1842 1485 2199 1576 Sn 1
1302 1560 2202 1614 Werkes in der machtvollen Steigerung des
667 1554 1038 1643 Liebelei.
1307 1605 2206 1661 dritten Aktes. Spielt der erste noch im Scheine
490 1604 1239 1704 Schauspiel von Arthur Schnitzler.
1302 1652 2202 1704 leichten Genießens, harmloser Fröhlichkeit des
1303 1689 2205 1755 „Anatol“, des Roloko, so steigt schon im zweiten
439 1665 1299 1753 In den von Herrn Hoerrmann gesprochenen
1302 1740 2206 1796 Akt der Dichter hinauf zur engeren Stub¬
395 1725 1293 1797 Worten, die den Abend einleiteten und aus
1307 1779 2202 1840 des alten Geigers, in die gretchenhaft an¬
410 1783 1296 1838 Schnitzlers erstem Drama „Anatol“ stammten,
1318 1824 2202 1882 mutende Welt Christines. Fast scheint es, als
397 1820 1304 1885 sollte offenbar der Tichter selbst sich uns in
1315 1865 2206 1921 sollte hier auch Fritz gefunden und in der
390 1862 1297 1929 seiner Art zu schaffen darstellen. Nicht mit
1309 1906 2205 1955 reinen Natur der Geliebten sein Glück finden.
384 1916 1297 1970 Unrecht mag may das Wesen Schnitzlers in
1306 1959 2201 2006 Zu tief empfindet er aber selbst den Gegensatz.
385 1948 1303 2000 einer Welt gründen dis wie das Rokoko tiefe
1309 2000 2204 2045 „Gott, wie lügen diese Stunden“, ruft er dem
389 2000 1289 2062 Leidenschaft in verhaltne Gemessenheit bannt,
1303 2045 2201 2092 Freunde zu, der ihn hier abholt zum Todes¬
382 2039 1294 2099 die mild und zu in Vorm und Farbe die
1311 2074 2200 2130 gang. Im dritten Akt ist schon alles vorbei.
388 2078 1295 2143 Menschen auf einpt gewissen Bildungshöhe fest¬
1313 2128 2206 2174 Nur Christines Ahnungen müssen noch in Wirk¬
383 2121 1296 2189 hält und sie vok allzu großen Erschütterungen
1303 2170 2201 2224 lichkeiten sich wandeln. So wird der Ausgang
388 2163 1292 2225 bewahrt, die eben nicht der Liebe, sondern nur
1297 2211 2199 2266 auch für sie tragisch sein. Was dem Manne
389 2214 1293 2270 der Liebelei sie fähig macht. Aber es klingt
1310 2255 2219 2307 möglich war, eine Liebelei, iht ist es mehr!
381 2260 1292 2317 in dem Drama des gestrgen Abends doch ein
1307 2297 2206 2362 gewesen, die restlose Erfüllung ihres Taseins
381 2298 1292 2359 anderer Ton schon an, der von Ibsen herüber¬
1308 2335 2176 2390 die Liebe, die sie nur einmal erleben kann,“
376 2340 1291 2399 dringt, und gewillt ist, Tragik auf soziale
377 2385 1299 2448 Fragen aufzubauen. Wohl beachtet, ich sage:
1358 2389 2224 2447 Einer solchen Gestalt wurde die Darstgllung
388 2431 1292 2479 der Ton klingt an, denn Schnitzler konmt
1296 2437 2211 2498 durch Frl. Röhmelt bis in die seinen Züge
375 2473 1293 2546 nicht zu dem Entschluß, sich und sein Werk so
1308 2469 2208 2524 tiefster ahnungsvoller Erschütterung und Ge¬
379 2517 1294 2579 einzustellen, wie es einst Schiller in „Kabale
1305 2507 2228 2583 wißheit gerecht. Ihr Gegenspiel, Frl. Schle¬
376 2554 1292 2618 und Liebe“, Hebbel in „Maria Magdalena“
1314 2559 2214 2621 gel, hatte es darum nicht leicht, sin einer
385 2609 1294 2654 taten. Erinnert doch die Gestalt der Christine
1297 2602 2211 2661 Rolle, die von ihr eine leichte, fröhliche Wie¬
387 2648 1293 2691 sehr an Luise Millerin, und ist der Musikus
1294 2650 2212 2725 nerin verlangte, die das Leben nimmt. wie
391 2691 1293 2748 Miller, wenn auch in sein Gegenteil zum Teil
1307 2688 2218 2747 es halt ist, die Zuschauer zu fesseln. Doch
387 2732 1303 2779 verkehrt, in der Person des alten Violin¬
1312 2731 2206 2786 gelang es ihr recht gut. So wie die Freun¬
388 2774 1301 2835 spielers Weiring dem Stück nicht sern. Der
1302 2774 2211 2839 dinnen verschieden, sind auch die beiden Freunde
1302 2826 2224 2884 Fritz Lobheimer (Erich Ernst Berg) und Theo¬
382 2826 1297 2885 Gegensatz verschiedener Welten ist nicht ent¬
1311 2863 2213 2918 dor Kaiser (Rudolf Lenzfeld). „Ich habe
387 2855 1294 2922 scheidend, entscheidend für das Probiem ist
1302 2900 2211 2952 das nicht geahnt!“ ist das Wort, das der
385 2907 1298 2961 die Frage: Wie wird ein Mädchen, das zum
1306 2947 2206 2992 Ueberlebende zu seiner Entschuldigung sagt
389 2953 1300 3009 ersten Male und in tiefstem Herzensarunde
1293 2990 2215 3056 angesichts des seelischen Zusammenbruches von
379 2996 1290 3045 sich dem geliebten Manne erschließt, es auf¬
1311 3041 2220 3091 Christine. Auf diesen Ton, dem noch die ge¬
385 3033 1296 3095 nehmen, daß er mit einem Lächeln von ihr
1301 3079 2210 3131 sellschaftliche Korrektheit bei Erledigung des
388 3075 1283 3137 geht, um sich um einer anderen Frau willen
1303 3117 2210 3180 Ehrenhandels beigemischt war, gingen Spiel
381 3131 1288 3183 dem Gatten zum tötenden Schusse zu stellen.
1293 3162 2217 3227 und Wort glücklich ein, wie auch Erich Ernst
385 3169 1291 3223 Je einsacher und schlichter die Welt dieses
1305 3205 2214 3264 Berg die Unsicherheit und Ueberreiztheit, die
375 3213 1295 3253 Mädchens ist, desto unfaßbarer muß es ihr
1295 3252 2220 3308 innere Zerrissenheit des Fritz Lobheimer wohl
375 3255 1298 3320 sein, desto erschütterter stehen wir der trag'sch
1298 3299 2221 3368 meisterte. An Empfinden reich und darum voll
372 3296 1295 3350 endenden Not einer solchen reinen Seele gegen¬
381 3344 2198 3414 über. Tarum liegt die ganze Schönheit###ieker Wirkung war ferner das Syiel des
2507 1489 3002 1569 e e
2207 1559 3141 1621 Herrn Benno Berg. Wie sanft will der alte
2218 1617 3127 1678 Mann, der wohl seiner Tochter Glück und Liebe
2208 1641 3123 1714 gönnt, der Unglücklichen das Schreckliche nahe¬
2217 1700 3137 1749 bringen; sie soll es ahnen, er kann es nicht
2217 1735 3119 1807 sagen, und doch ein Blick genügt Christine, um
2209 1775 3122 1840 alles zu erkennen. Vergebens ist das Flehen
2218 1828 3122 1882 des Vaters gewesen, seine Welk kann und wird
2218 1866 3122 1929 nicht ihre Welt sein. „Sie kommt nicht wieder
2288 1913 3123 1969 sie kommt nicht wieder“ sind seine letzten
2223 1938 3138 2013 Worte. Neben diesen großen Gestalten des
2214 1995 3118 2051 Dramas traten dann noch in wohlgelungener
2223 2042 3114 2091 Formgebung der Herr, gespielt von Alexey
2221 2085 3125 2139 Hoerrmann, und Katharina Binder, gespielt
2213 2134 3119 2188 von Frl. Else Beuchold, hervor. Eine lluge
2218 2164 3122 2229 verständige Spiekleitung faßte endlich alles zu
2929 2211 3093 2281 Zmff.
2212 2212 2809 2280 einem feinen Spiel zusammen.
