3484 4224
981 173 1414 263 box 12/6
485 179 842 255 iebelei
285 186 856 294 5. Jeennenn
565 1146 943 1229 Infanterie usw.:
616 1174 1672 1261 Garde. 2. und 3. Garde=Regiment z. F. 1. Garde¬
652 1238 1516 1296 Reserve=Regiment. Garde=Füsilier=Regiment.
612 1253 1659 1326 Grenadier=, bzw. Infanterie=, bzw. Füs:¬
657 1304 1667 1357 lier=Regimenter Nr. 1, 3, 8, 9, 12, 16, 19, 21.
652 1333 1654 1410 22, 31, 33, 34, 39, 41, 43, 57, 60, 68 (s. Res.=Inf.=Regt
648 1376 1661 1450 Nr. 25), 69, 70, 72, 75, 77, 82 (s. auch Feldflieger¬
645 1405 1669 1481 truppe), 84, 85, 87, 91 bis einschl. 96 (letzteres s. Inf.=
582 1504 1678 1591 bei darstellerischem Schliff, freigebiger Empfindung und
582 1566 1674 1620 tenoristischer Ausgiebigkeit, obenan registriert werden.
587 1600 1674 1658 Etwas zu sehr pathetisch und mit zu großer Geste und nicht
576 1646 1683 1705 mit ganz langendem Konversationston gab Herr Challis
581 1696 1681 1747 den Theodor, mit Gewandtheit, Eifer und frischer Laune,
596 1725 1672 1781 auch mit klanglichen Vorzügen stattete Frl. Scheulen die
592 1760 1674 1833 Mizi aus. Der Weirung ist musikalisch reicher bedacht,
589 1793 1686 1868 als Herr Stichling vermuten lassen konnte. Herr Kant
580 1839 1686 1895 („ein Herr“) und Frl. Walter (als die Binder) gaben
580 1850 1706 1937 ihren Leistungen glaubhafte Umrisse. Das tiese Interesse
584 1915 1683 1981 am Objekt und an der Wiedergabe ward namentlich an
590 1951 1683 2028 Schlusse außerordentlich andauernd und ehrlich bekräftigt,
595 1995 1682 2059 als auch neben den Darstellern die Herren Moris und
595 2032 1429 2119 Pfeiffer für die Fülle des Beifalls dankten.
1213 2048 1654 2132 Wilhelm Zinye.
750 2119 1550 2271 Kunst und Wissenschaft
684 2257 1693 2313 — Der Halbmond bei den orientalischer. Legions¬
594 2296 1687 2369 soldaten am Rhein. Ueber dieses Thema sprach vor dem
597 2328 1691 2395 Verein der Altertumsfreunde in Köln der
598 2375 1690 2450 Museumsdirektor Prof. Dr. Poppelreuter. In seinem
602 2421 1697 2484 Vortrage entwickelte er folgende interessanten Gesichts¬
590 2446 1694 2522 punkte: Bei den Untersuchungen über die Herkunft des
600 2492 1694 2566 türkischen Halbmondes ist man lange von der Annahme
600 2531 1690 2594 ausgegangen, er sei europäischer Abstammung, weil sich das
594 2571 1689 2638 Wahrzeichen auch auf römischen Münzen und Gräbern in
595 2613 1691 2680 den Balkanländern findet. Dieser Annahme steht aber die
595 2645 1693 2727 Tatsache entgegen, daß bereits im „Mittelalter türkische
616 2691 1696 2760 Sultane in Mittelasien den Halbmond auf ihrem Zelt auf¬
693 2734 1687 2795 lanzen pflegten. Dies scheint vielmehr auf eine
1582 2770 1697 2819 Ab¬
1354 2768 1541 2825 iranische
1187 2775 1305 2826 eine
1005 2781 1132 2833 zwar
851 2789 952 2832 und
707 2790 815 2841 sche.
704 2811 1690 2871 mung des Zeichens hinzudeuten. Ein seltsamer Zu¬
701 2857 1692 2920 hat einen Beweis dafür an der römischen Rheingrenze
612 2891 1692 2949 hinterlassen. Es ist ein dem Hercules Saxanus, dem
610 2932 1694 2997 Felsenhercules gewidmeter Weihealtar, der sich in den
600 2966 1691 3034 Steinbrüchen des Brohltals, von den dort beschäftigten
601 3009 1699 3068 Legionssoldaten roh eingehauen, gefunden hat. Der Vor¬
612 3052 1697 3107 tragende gab eine neue Erklärung dieses durchaus orien¬
613 3095 1692 3161 talisch anmutenden Denkmals. Das Ganze zeigt die Form
615 3128 1701 3192 eines Tempels mit fünf gewölbten Eingangen oder
605 3167 1694 3225 Nischen. Ueber den Bogen des äußeren Nischenpaares er¬
613 3205 1706 3264 scheint das Bild der Sonne, über denen des inneren
612 3244 1721 3320 Rischenpaares das des Halbmondes, die mittebite Nische. in¬
1718 1118 2802 1195 rosten und Abschreibungen bleiben 5192 (i. V. 2096) c, die
1719 1173 2469 1230 auf neue Rechnung vorgetragen werden.
1770 1201 2810 1267 Nach dem Bericht des Vorstandes gab die Ernte mit
1711 1244 2819 1317 17518 quintales oro einen um fast 2500 quintales größeren
1722 1283 2821 1336 Ertrag, als vor Jahresfrist geschätzt wurde. Der weitaus
1713 1323 2803 1387 größte Teil der Ernte konnte zu befriedigenden Preisen
1716 1369 2815 1424 verkauft werden. Von einem geringen Teil der Verkäufe
1719 1411 2289 1458 steht noch der Gegenwert aus.
1717 1501 2819 1563 der der plastisch herausgearbeitete Altar mit der Inschrift
1733 1543 2816 1610 steht, ist von drei minarettartigen Türmchen gekrönt, die
1733 1585 2829 1651 jedeshauf der Spitze einen Stern tragen. Auch das voll¬
1731 1625 2825 1689 stänzige türkische Fahnenzeichen weist ja den Halbmond
1729 1682 2828 1720 mit dem Stern auf und stellt in wappenartiger Abkürzung
1730 1707 2818 1758 den Sternenhimmel dar. Der Vortragende sieht in dem
1716 1743 2825 1817 „Ganzen die rohe Wiedergabe eines zeltartigen, fünftorigen
1718 1784 2819 1851 Feld=Heiligtums, daß sich irgendwo im Orient befand.
1722 1842 2827 1886 Zweifellos gehört das Denkmal jenem Kreis von Heilig¬
1728 1874 2831 1927 tümern an, die dem orientalischen Gestirndienst gewidmet
1724 1901 2830 1953 waren. Der unbestreitbar orientalische Charakter erklärt
1724 1943 2828 2009 sich aus der im römischen Heer obwaltenden Praxis, die
1730 1982 2818 2045 Legionen von einer Grenze des Reiches an die andere zu
1730 2019 2814 2078 werfen. Dadurch wurde das Heer unter den römischen
1733 2053 2821 2131 Kaisern der Träger orienialischer Religionsgebeäuche nach
1740 2102 2816 2158 dem Abendland. Es hat alle Wahrscheinlichkeit für sich,
1732 2138 2818 2196 daß der Hercules Saxanus, der Felsenheros und Beschützer
1726 2188 2817 2234 der Soldaten bei den herkulischen Arbeiten in den Stein¬
1739 2218 2809 2275 brüchen, infolge jener Religionsmischerei gleichgesetzt
1736 2254 2824 2315 wurde mit dem aus dem Felsen geborenen orientalischen
1729 2316 2824 2364 Mithras, dem altiranischen Sonnengott, oder doch mi¬
1731 2340 2812 2396 einem Gotte seiner Umgebung, dem Verethragna, den
1736 2372 2841 2436 orientalischen Hercules=Mars. Das Denkmal gehört der
1727 2426 2840 2477 zweiten Hälfte des ersten Jahrhunderts n. Chr. an, einer
1730 2466 2829 2523 Zeit, die durch mehrfach sich ablösende Kriege im Morgen¬
1737 2502 2804 2550 und im Abendlande gekennzeichnet ist. Für die Ableitung
1743 2540 2815 2589 der türkischen Standarte wird nun die Frage zu unter¬
1735 2570 2848 2634 suchen sein: Ob sich nicht aus den altorientalischen Sol¬
1741 2614 2838 2684 datengewohnheiten und ihren religiösen Uebungen, die auf
1730 2663 2827 2715 unserem Denkmal am Rhein wie ein plötzlich auftauchender
1736 2687 2834 2757 Fremdkörper erscheinen, Ueberlieferungen in das soldatische
1747 2740 2838 2790 Wesen des frühmittelalterlichen Persien gerettet und dann
1736 2776 2840 2833 in jenen Verwachsungen, die der Islam mit der alten
1732 2827 2830 2866 Landesreligion einging, die seldschuckischen Türken das
1747 2867 2827 2913 Zeichen des Halbmondes übernommen haben. Der
2712 2889 2832 2945 den
1739 2906 2634 2953 Vortrag schloß mit dem Wunsche, daß
1744 2939 2837 2990 türkischen und deutschen Forschern am Euphrat in diesen
1738 2969 2830 3027 weltgeschichtlichen Tagen gelingen möge, die Bindeglieder
2620 3013 2823 3068 römischen
2464 3013 2566 3066 der
2117 3013 2406 3073 Monddenkmal
1964 3023 2082 3072 dem
1746 3023 1922 3077 zwischen
2437 3050 2820 3108 dem Halbmond¬
2297 3047 2425 3101 und
2100 3056 2283 3112 Rhein
1966 3064 2087 3113 am
1736 3062 1936 3114 Legionen
1733 3092 2825 3145 zeichen zu finden, das die türkischen Sultane des Mittel¬
1746 3122 2832 3190 alters auf ihre Zelte gepflanzt, und das jetzt vereinigt mit
1747 3172 2823 3232 dem deutschen Adler gegen unsere Feinde flattert. —
2930 3046 3123 3104 #atirer — —
2855 3067 3396 3141 Krebse per Schock, grosse - uin¬
2915 3107 3408 3166 Auf dem Hamburg-St. Pauli¬
2929 3156 3158 3197 Tendenz: fent.
2904 3168 3413 3247 Morgen zu erwarten: gate Zul
