<?xml version="1.0" encoding="UTF-8" standalone="yes"?>
<PcGts xmlns="http://schema.primaresearch.org/PAGE/gts/pagecontent/2013-07-15" xmlns:xsi="http://www.w3.org/2001/XMLSchema-instance" xsi:schemaLocation="http://schema.primaresearch.org/PAGE/gts/pagecontent/2013-07-15 http://schema.primaresearch.org/PAGE/gts/pagecontent/2013-07-15/pagecontent.xsd">
    <Metadata>
        <Creator>prov=University of Rostock/Institute of Mathematics/CITlab/Gundram Leifert/gundram.leifert@uni-rostock.de:name=ONB_Newseye_GT_M1+(htr_id=10810)::::v=2.4.2
prov=University of Rostock/Institute of Mathematics/CITlab/Tobias Gruening/tobias.gruening@uni-rostock.de:name=de.uros.citlab.module.baseline2polygon.B2PSeamMultiOriented:v=2.4.2
prov=University of Rostock/Institute of Mathematics/CITlab/Tobias Gruening/tobias.gruening@uni-rostock.de:name=/mnt/transkribus/LA/DEA/URO/LA_news_onb_att.pb:de.uros.citlab.segmentation.CITlab_LA_ML:v=2.4.2
Transkribus</Creator>
        <Created>2019-10-07T11:58:04.434+02:00</Created>
        <LastChange>2019-10-09T11:37:49.796+02:00</LastChange>
        <TranskribusMetadata docId="223992" pageId="9508948" pageNr="1127" tsid="16647464" status="IN_PROGRESS" userId="40391" imgUrl="https://files.transkribus.eu/Get?id=MUAMBZYUTWUBJDDLUHDONNOV&amp;fileType=view" xmlUrl="https://files.transkribus.eu/Get?id=RENJBJLOWTLBZQXROGETJISW" imageId="6198020"/>
    </Metadata>
    <Page imageFilename="223992_1127.jpeg" imageWidth="3436" imageHeight="4192">
        <ReadingOrder>
            <OrderedGroup id="ro_1711446158791" caption="Regions reading order">
                <RegionRefIndexed index="0" regionRef="r1"/>
                <RegionRefIndexed index="1" regionRef="r2"/>
            </OrderedGroup>
        </ReadingOrder>
        <TextRegion orientation="0.0" id="r1" custom="readingOrder {index:0;}">
            <Coords points="194,186 194,249 1299,249 1299,186"/>
            <TextLine id="r1l1" custom="readingOrder {index:0;}">
                <Coords points="341,221 418,226 433,217 467,228 482,219 501,228 527,215 599,229 626,217 688,220 687,179 640,178 615,157 526,171 498,157 450,173 340,159"/>
                <Baseline points="347,215 372,213 398,213 424,212 449,212 475,212 501,212 526,212 552,212 578,212 603,212 629,211 655,210 681,209"/>
                <TextEquiv>
                    <Unicode>Liebele</Unicode>
                </TextEquiv>
            </TextLine>
            <TextLine id="r1l2" custom="readingOrder {index:1;}">
                <Coords points="188,236 669,262 1084,219 1167,248 1306,230 1306,158 1047,182 899,154 824,205 604,223 352,216 187,160"/>
                <Baseline points="194,206 249,218 304,226 359,232 415,236 470,239 525,239 580,239 636,238 691,235 746,232 801,229 857,226 912,223 967,220 1022,218 1078,217 1133,217 1188,218 1243,221 1299,226"/>
                <TextEquiv>
                    <Unicode>5. box 12/4</Unicode>
                </TextEquiv>
            </TextLine>
            <TextEquiv>
                <Unicode>Liebele
5. box 12/4</Unicode>
            </TextEquiv>
        </TextRegion>
        <TextRegion orientation="0.0" id="r2" custom="readingOrder {index:1;}">
            <Coords points="1710,157 1710,4149 2832,4149 2832,157"/>
            <TextLine id="r2l1" custom="readingOrder {index:0;}">
                <Coords points="1990,186 2030,197 2069,177 2235,203 2272,187 2358,211 2467,188 2468,164 2421,143 2406,158 2328,164 2254,142 2173,160 2131,134 2081,156 1991,144"/>
                <Baseline points="1998,177 2023,177 2049,177 2075,177 2100,177 2126,177 2152,178 2177,178 2203,178 2229,179 2254,180 2280,180 2306,181 2331,182 2357,182 2383,183 2408,184 2434,184 2460,185"/>
                <TextEquiv>
                    <Unicode>Quelenangabe onne Gewaht</Unicode>
                </TextEquiv>
            </TextLine>
            <TextLine id="r2l2" custom="readingOrder {index:1;}">
                <Coords points="1714,279 1805,285 1891,273 1958,294 2090,279 2089,236 1983,237 1910,222 1852,230 1832,214 1803,233 1713,235"/>
                <Baseline points="1721,270 1746,269 1772,268 1798,267 1824,267 1850,266 1876,265 1902,265 1927,265 1953,265 1979,265 2005,265 2031,266 2057,267 2083,268"/>
                <TextEquiv>
                    <Unicode>usschnitt aus:</Unicode>
                </TextEquiv>
            </TextLine>
            <TextLine id="r2l3" custom="readingOrder {index:2;}">
                <Coords points="2040,220 2837,337 2844,283 2584,221 2455,242 2291,189 2186,206 2045,182"/>
                <Baseline points="2048,215 2087,221 2126,227 2165,232 2204,237 2244,243 2283,248 2322,253 2361,258 2400,263 2440,268 2479,273 2518,278 2557,283 2596,288 2636,293 2675,299 2714,304 2753,310 2792,316 2832,322"/>
                <TextEquiv>
                    <Unicode>Oeter-khische Vollerallung</Unicode>
                </TextEquiv>
            </TextLine>
            <TextLine id="r2l4" custom="readingOrder {index:3;}">
                <Coords points="2325,315 2362,346 2374,342 2382,353 2404,355 2435,345 2457,356 2478,351 2495,357 2500,324 2487,325 2463,310 2453,316 2444,310 2431,313 2403,286 2329,289"/>
                <Baseline points="2330,327 2356,329 2383,333 2409,337 2436,342 2462,345 2489,348"/>
                <TextEquiv>
                    <Unicode>Wien.</Unicode>
                </TextEquiv>
            </TextLine>
            <TextLine id="r2l5" custom="readingOrder {index:4;}">
                <Coords points="1966,355 2017,357 2031,369 2067,370 2080,380 2125,367 2143,372 2155,361 2176,379 2213,377 2215,313 2193,307 2161,316 2151,309 2130,319 2111,306 2063,313 2046,303 2024,300 2015,308 2000,296 1968,296"/>
                <Baseline points="1974,345 1999,348 2025,349 2051,350 2077,350 2103,350 2129,350 2155,351 2181,353 2207,356"/>
                <TextEquiv>
                    <Unicode>1501 1191</Unicode>
                </TextEquiv>
            </TextLine>
            <TextLine id="r2l6" custom="readingOrder {index:5;}">
                <Coords points="1718,376 1737,372 1742,378 1760,381 1832,380 1834,311 1812,314 1806,320 1802,317 1791,324 1773,322 1763,331 1749,328 1742,321 1728,326 1719,323"/>
                <Baseline points="1725,371 1750,369 1775,369 1800,371 1826,372"/>
                <TextEquiv>
                    <Unicode>om:</Unicode>
                </TextEquiv>
            </TextLine>
            <TextLine id="r2l7" custom="readingOrder {index:6;}">
                <Coords points="1830,506 1939,531 2277,514 2418,547 2674,518 2676,469 2578,421 1833,433"/>
                <Baseline points="1838,498 1879,498 1920,499 1962,499 2003,500 2045,502 2086,502 2128,504 2169,506 2211,508 2252,510 2293,511 2335,514 2376,515 2418,518 2459,519 2501,521 2542,522 2584,524 2625,525 2667,526"/>
                <TextEquiv>
                    <Unicode>Chräter und Knnst.</Unicode>
                </TextEquiv>
            </TextLine>
            <TextLine id="r2l8" custom="readingOrder {index:7;}">
                <Coords points="2092,635 2153,646 2234,623 2313,640 2361,617 2391,619 2390,577 2371,584 2327,551 2263,558 2153,550 2092,561"/>
                <Baseline points="2099,620 2124,618 2150,618 2176,617 2202,617 2228,617 2253,618 2279,618 2305,618 2331,618 2357,618 2383,618"/>
                <TextEquiv>
                    <Unicode>Liebelei.</Unicode>
                </TextEquiv>
            </TextLine>
            <TextLine id="r2l9" custom="readingOrder {index:8;}">
                <Coords points="1738,659 2336,701 2382,673 2699,679 2699,648 2593,612 2514,643 2232,622 2054,647 1910,611 1738,643"/>
                <Baseline points="1745,664 1792,665 1839,666 1887,668 1934,669 1981,670 2029,672 2076,673 2123,674 2171,675 2218,676 2265,677 2313,678 2360,678 2407,678 2455,678 2502,677 2549,677 2597,675 2644,674 2692,671"/>
                <TextEquiv>
                    <Unicode>Oper in drei Akten nach Artux Schnitzlers Schau</Unicode>
                </TextEquiv>
            </TextLine>
            <TextLine id="r2l10" custom="readingOrder {index:9;}">
                <Coords points="1747,707 2733,716 2724,676 2304,700 1747,674"/>
                <Baseline points="1754,704 1802,705 1851,706 1899,708 1948,708 1997,709 2045,710 2094,711 2142,712 2191,713 2240,713 2288,714 2337,714 2385,715 2434,715 2483,716 2531,717 2580,717 2628,718 2677,718 2726,719"/>
                <TextEquiv>
                    <Unicode>spiel. Musik von Franz Neumann</Unicode>
                </TextEquiv>
            </TextLine>
            <TextLine id="r2l11" custom="readingOrder {index:10;}">
                <Coords points="2008,763 2147,761 2170,747 2200,765 2292,755 2311,768 2469,750 2469,724 2418,715 2382,726 2368,713 2349,728 2009,719"/>
                <Baseline points="2016,748 2042,749 2068,750 2094,750 2120,751 2147,752 2173,752 2199,753 2225,753 2252,754 2278,754 2304,754 2330,754 2357,754 2383,754 2409,754 2435,753 2462,753"/>
                <TextEquiv>
                    <Unicode>an der Volksoper.</Unicode>
                </TextEquiv>
            </TextLine>
            <TextLine id="r2l12" custom="readingOrder {index:11;}">
                <Coords points="1814,804 2690,824 2724,772 2643,749 2395,783 2348,759 1904,773 1814,748"/>
                <Baseline points="1820,799 1864,802 1909,804 1954,805 1999,806 2044,808 2088,808 2133,809 2178,810 2223,810 2268,811 2312,811 2357,811 2402,812 2447,812 2492,812 2536,812 2581,812 2626,813 2671,813 2716,813"/>
                <TextEquiv>
                    <Unicode>Schauspieldichter zu sein ist in unserer heutigen in¬</Unicode>
                </TextEquiv>
            </TextLine>
            <TextLine id="r2l13" custom="readingOrder {index:12;}">
                <Coords points="1743,847 2682,874 2729,833 1743,810"/>
                <Baseline points="1750,844 1798,845 1847,847 1895,848 1944,849 1993,850 2041,850 2090,851 2138,852 2187,853 2236,853 2284,854 2333,854 2381,855 2430,855 2479,856 2527,857 2576,857 2624,858 2673,858 2722,859"/>
                <TextEquiv>
                    <Unicode>dustriösen Zeit eine sehr zweckmäßige Sache. Gelingt es.</Unicode>
                </TextEquiv>
            </TextLine>
            <TextLine id="r2l14" custom="readingOrder {index:13;}">
                <Coords points="1741,897 2736,896 2736,867 2603,858 1742,865"/>
                <Baseline points="1748,887 1797,888 1846,889 1895,891 1944,891 1993,893 2042,893 2091,894 2140,895 2189,896 2238,897 2287,898 2336,898 2385,899 2434,900 2483,900 2532,901 2581,901 2630,902 2679,903 2728,903"/>
                <TextEquiv>
                    <Unicode>so kommt man eist naturgemäß auf die Schauspielbühne,</Unicode>
                </TextEquiv>
            </TextLine>
            <TextLine id="r2l15" custom="readingOrder {index:14;}">
                <Coords points="1741,929 2715,960 2727,920 2362,892 2276,917 1741,907"/>
                <Baseline points="1747,931 1795,932 1844,934 1892,935 1941,936 1990,937 2038,938 2087,939 2135,940 2184,940 2233,941 2281,941 2330,942 2378,942 2427,943 2476,943 2524,943 2573,944 2621,944 2670,945 2719,945"/>
                <TextEquiv>
                    <Unicode>kann greift der texthungrige Opereitenkomponist nach</Unicode>
                </TextEquiv>
            </TextLine>
            <TextLine id="r2l16" custom="readingOrder {index:15;}">
                <Coords points="1728,978 2731,990 2695,952 1729,935"/>
                <Baseline points="1736,976 1785,977 1834,977 1884,978 1933,979 1983,980 2032,981 2081,981 2131,982 2180,983 2230,983 2279,984 2328,984 2378,985 2427,985 2477,985 2526,985 2575,985 2625,985 2674,985 2724,984"/>
                <TextEquiv>
                    <Unicode>dem Werk schließlich wird es auf den Kinofilm gelegt,</Unicode>
                </TextEquiv>
            </TextLine>
            <TextLine id="r2l17" custom="readingOrder {index:16;}">
                <Coords points="1730,1030 2316,1052 2475,1023 2584,1049 2735,1039 2736,989 1731,987"/>
                <Baseline points="1737,1020 1786,1020 1836,1020 1885,1020 1935,1021 1985,1021 2034,1021 2084,1022 2133,1022 2183,1023 2233,1024 2282,1024 2332,1025 2381,1025 2431,1026 2481,1026 2530,1026 2580,1027 2629,1027 2679,1027 2729,1027"/>
                <TextEquiv>
                    <Unicode>auf den sogenannten Autorenfilm. Schnitzlers Süßes¬</Unicode>
                </TextEquiv>
            </TextLine>
            <TextLine id="r2l18" custom="readingOrder {index:17;}">
                <Coords points="1739,1062 2744,1082 2744,1046 2698,1034 1739,1038"/>
                <Baseline points="1746,1064 1795,1065 1845,1065 1894,1066 1944,1066 1993,1066 2043,1067 2092,1067 2142,1067 2191,1068 2241,1068 2291,1068 2340,1069 2390,1069 2439,1069 2489,1070 2538,1070 2588,1070 2637,1071 2687,1071 2737,1072"/>
                <TextEquiv>
                    <Unicode>Madel=Schauspiel, ein ßarker Mitvegründer seines</Unicode>
                </TextEquiv>
            </TextLine>
            <TextLine id="r2l19" custom="readingOrder {index:18;}">
                <Coords points="1740,1119 2634,1130 2741,1097 2598,1063 1740,1070"/>
                <Baseline points="1746,1104 1795,1106 1844,1107 1894,1109 1943,1110 1993,1111 2042,1111 2091,1112 2141,1112 2190,1112 2240,1112 2289,1112 2338,1112 2388,1112 2437,1111 2487,1111 2536,1111 2585,1111 2635,1110 2684,1110 2734,1110"/>
                <TextEquiv>
                    <Unicode>Dichterruhms ist trotz seiner guten Moral und seiner</Unicode>
                </TextEquiv>
            </TextLine>
            <TextLine id="r2l20" custom="readingOrder {index:19;}">
                <Coords points="1731,1148 2203,1174 2641,1143 2684,1170 2734,1155 2734,1108 1731,1127"/>
                <Baseline points="1738,1149 1787,1149 1836,1150 1886,1150 1935,1151 1985,1151 2034,1152 2083,1153 2133,1153 2182,1154 2232,1155 2281,1155 2330,1155 2380,1155 2429,1156 2479,1155 2528,1155 2577,1155 2627,1154 2676,1153 2726,1152"/>
                <TextEquiv>
                    <Unicode>energischen Tragik doch mehr Milieustück wie etwa im</Unicode>
                </TextEquiv>
            </TextLine>
            <TextLine id="r2l21" custom="readingOrder {index:20;}">
                <Coords points="1732,1203 2632,1217 2732,1196 2732,1153 1732,1163"/>
                <Baseline points="1739,1196 1788,1195 1837,1195 1886,1195 1936,1195 1985,1195 2034,1196 2084,1197 2133,1197 2182,1198 2232,1199 2281,1199 2330,1200 2379,1200 2429,1200 2478,1199 2527,1198 2577,1197 2626,1195 2675,1193 2725,1190"/>
                <TextEquiv>
                    <Unicode>gegebenen Abstande nach oben hin seinerzeit Schillers</Unicode>
                </TextEquiv>
            </TextLine>
            <TextLine id="r2l22" custom="readingOrder {index:21;}">
                <Coords points="1728,1236 2690,1250 2738,1215 2105,1194 1728,1222"/>
                <Baseline points="1735,1237 1784,1236 1834,1236 1884,1236 1934,1236 1984,1237 2033,1237 2083,1238 2133,1239 2183,1239 2233,1240 2282,1241 2332,1241 2382,1241 2432,1241 2482,1241 2531,1240 2581,1239 2631,1237 2681,1236 2731,1233"/>
                <TextEquiv>
                    <Unicode>„Kabale und Liebe“. Ein Gravnieren zur Musik das</Unicode>
                </TextEquiv>
            </TextLine>
            <TextLine id="r2l23" custom="readingOrder {index:22;}">
                <Coords points="1722,1283 2734,1290 2706,1244 1722,1255"/>
                <Baseline points="1729,1279 1778,1279 1828,1279 1878,1279 1928,1279 1978,1280 2028,1280 2078,1281 2128,1281 2178,1282 2228,1283 2277,1283 2327,1283 2377,1283 2427,1283 2477,1283 2527,1282 2577,1281 2627,1280 2677,1278 2727,1276"/>
                <TextEquiv>
                    <Unicode>Innewohnen einer im Texie leise. ahnungsvoll mit¬</Unicode>
                </TextEquiv>
            </TextLine>
            <TextLine id="r2l24" custom="readingOrder {index:23;}">
                <Coords points="1730,1341 2608,1343 2734,1324 2734,1292 1730,1296"/>
                <Baseline points="1737,1324 1786,1324 1835,1324 1885,1324 1934,1324 1984,1324 2033,1324 2083,1325 2132,1325 2182,1326 2231,1326 2280,1326 2330,1327 2379,1327 2429,1327 2478,1327 2528,1326 2577,1326 2627,1325 2676,1324 2726,1322"/>
                <TextEquiv>
                    <Unicode>schwingenden Tonwelt wird man im Lesen oder An¬</Unicode>
                </TextEquiv>
            </TextLine>
            <TextLine id="r2l25" custom="readingOrder {index:24;}">
                <Coords points="1722,1365 2743,1372 2743,1344 2649,1322 2577,1355 2432,1327 1722,1339"/>
                <Baseline points="1729,1366 1779,1367 1829,1368 1880,1368 1930,1369 1980,1369 2031,1370 2081,1370 2131,1371 2182,1371 2232,1371 2282,1371 2333,1371 2383,1371 2433,1371 2484,1371 2534,1370 2584,1369 2635,1368 2685,1368 2736,1366"/>
                <TextEquiv>
                    <Unicode>hören des kunst= und geistvollen Stückes kaum gemerkt</Unicode>
                </TextEquiv>
            </TextLine>
            <TextLine id="r2l26" custom="readingOrder {index:25;}">
                <Coords points="1733,1415 2451,1435 2729,1409 2720,1371 1733,1364"/>
                <Baseline points="1739,1406 1788,1408 1837,1410 1886,1411 1935,1412 1985,1413 2034,1414 2083,1414 2132,1415 2181,1415 2231,1415 2280,1415 2329,1415 2378,1415 2427,1414 2477,1414 2526,1414 2575,1413 2624,1413 2673,1412 2723,1412"/>
                <TextEquiv>
                    <Unicode>haben und so ist es begreiflich, daß Artur Schnitzler als</Unicode>
                </TextEquiv>
            </TextLine>
            <TextLine id="r2l27" custom="readingOrder {index:26;}">
                <Coords points="1732,1464 2733,1478 2733,1423 2701,1418 1732,1427"/>
                <Baseline points="1738,1451 1787,1453 1836,1455 1886,1456 1935,1457 1985,1458 2034,1459 2083,1459 2133,1459 2182,1459 2232,1459 2281,1458 2330,1458 2380,1458 2429,1458 2479,1457 2528,1457 2577,1458 2627,1458 2676,1458 2726,1459"/>
                <TextEquiv>
                    <Unicode>ihn eines Tages ein unbekannter junger Mann durch</Unicode>
                </TextEquiv>
            </TextLine>
            <TextLine id="r2l28" custom="readingOrder {index:27;}">
                <Coords points="1736,1520 1813,1493 2222,1523 2735,1500 2735,1468 2499,1455 2211,1488 2145,1457 1737,1471"/>
                <Baseline points="1743,1493 1792,1495 1841,1497 1890,1499 1940,1500 1989,1501 2038,1502 2087,1502 2137,1502 2186,1503 2235,1503 2284,1502 2334,1502 2383,1502 2432,1502 2481,1502 2531,1501 2580,1501 2629,1501 2678,1501 2728,1501"/>
                <TextEquiv>
                    <Unicode>die Mitteilung überraschie er mache eine Oper aus der</Unicode>
                </TextEquiv>
            </TextLine>
            <TextLine id="r2l29" custom="readingOrder {index:28;}">
                <Coords points="1724,1544 2677,1562 2729,1553 2730,1513 1724,1515"/>
                <Baseline points="1732,1538 1781,1540 1831,1542 1880,1543 1930,1545 1979,1545 2029,1546 2078,1546 2128,1546 2177,1546 2227,1545 2277,1545 2326,1545 2376,1544 2425,1544 2475,1543 2524,1543 2574,1543 2623,1543 2673,1543 2723,1543"/>
                <TextEquiv>
                    <Unicode>„Liebelei“ zunächst ablehnte. Dann aber soll der junge</Unicode>
                </TextEquiv>
            </TextLine>
            <TextLine id="r2l30" custom="readingOrder {index:29;}">
                <Coords points="1726,1594 2734,1586 2712,1547 2161,1571 1726,1545"/>
                <Baseline points="1734,1583 1783,1584 1833,1585 1882,1586 1932,1586 1982,1587 2031,1587 2081,1587 2131,1587 2180,1587 2230,1587 2280,1587 2329,1587 2379,1587 2429,1587 2478,1586 2528,1586 2578,1586 2627,1586 2677,1586 2727,1586"/>
                <TextEquiv>
                    <Unicode>Mann dem Dichter den halben ersten Akt auf dem</Unicode>
                </TextEquiv>
            </TextLine>
            <TextLine id="r2l31" custom="readingOrder {index:30;}">
                <Coords points="1721,1624 2741,1635 2644,1592 1721,1594"/>
                <Baseline points="1728,1624 1778,1625 1828,1627 1878,1628 1929,1629 1979,1630 2029,1631 2080,1631 2130,1631 2180,1631 2231,1631 2281,1631 2331,1631 2381,1631 2432,1631 2482,1631 2532,1631 2583,1631 2633,1632 2683,1632 2734,1633"/>
                <TextEquiv>
                    <Unicode>Klavier vorgespielt haben, woraufhin Herr Schnitzler,</Unicode>
                </TextEquiv>
            </TextLine>
            <TextLine id="r2l32" custom="readingOrder {index:31;}">
                <Coords points="1721,1675 2701,1690 2746,1632 1721,1644"/>
                <Baseline points="1728,1668 1778,1670 1829,1671 1879,1672 1930,1673 1980,1673 2031,1674 2081,1674 2132,1675 2182,1675 2233,1675 2284,1675 2334,1675 2385,1675 2435,1675 2486,1675 2536,1675 2587,1675 2637,1675 2688,1676 2739,1676"/>
                <TextEquiv>
                    <Unicode>von dem Talent des Komponisten bezwungen, diesem</Unicode>
                </TextEquiv>
            </TextLine>
            <TextLine id="r2l33" custom="readingOrder {index:32;}">
                <Coords points="1724,1713 2745,1723 2725,1681 1724,1691"/>
                <Baseline points="1730,1711 1780,1714 1830,1715 1881,1717 1931,1718 1982,1719 2032,1719 2082,1720 2133,1720 2183,1720 2234,1719 2284,1719 2334,1719 2385,1719 2435,1719 2486,1719 2536,1719 2586,1719 2637,1720 2687,1721 2738,1722"/>
                <TextEquiv>
                    <Unicode>den Text freigab. Der Komponist war Herr Franz</Unicode>
                </TextEquiv>
            </TextLine>
            <TextLine id="r2l34" custom="readingOrder {index:33;}">
                <Coords points="1730,1759 2738,1760 2721,1728 2368,1714 1731,1727"/>
                <Baseline points="1737,1756 1786,1758 1836,1759 1886,1760 1936,1761 1985,1762 2035,1762 2085,1762 2135,1763 2184,1763 2234,1763 2284,1763 2334,1764 2383,1764 2433,1764 2483,1763 2533,1763 2582,1763 2632,1763 2682,1763 2732,1763"/>
                <TextEquiv>
                    <Unicode>Neumann, unser Landsmann aus Mähren, der sich mit</Unicode>
                </TextEquiv>
            </TextLine>
            <TextLine id="r2l35" custom="readingOrder {index:34;}">
                <Coords points="1722,1812 2732,1812 2732,1763 2309,1784 1723,1757"/>
                <Baseline points="1730,1798 1779,1799 1829,1801 1879,1802 1929,1803 1978,1804 2028,1805 2078,1805 2128,1806 2177,1806 2227,1807 2277,1807 2327,1807 2376,1807 2426,1807 2476,1807 2526,1807 2575,1808 2625,1808 2675,1808 2725,1808"/>
                <TextEquiv>
                    <Unicode>außeroidentlicher Kraft von dem gewerblichen Werktisch</Unicode>
                </TextEquiv>
            </TextLine>
            <TextLine id="r2l36" custom="readingOrder {index:35;}">
                <Coords points="1725,1854 2742,1867 2755,1796 1725,1818"/>
                <Baseline points="1732,1842 1782,1844 1833,1846 1884,1847 1935,1848 1986,1849 2036,1850 2087,1851 2138,1851 2189,1852 2240,1852 2290,1852 2341,1853 2392,1853 2443,1853 2494,1852 2544,1852 2595,1851 2646,1851 2697,1850 2748,1849"/>
                <TextEquiv>
                    <Unicode>auf den Parnaß geschwungen hatte seither als Ton¬</Unicode>
                </TextEquiv>
            </TextLine>
            <TextLine id="r2l37" custom="readingOrder {index:36;}">
                <Coords points="1726,1891 2446,1909 2634,1883 2758,1910 2759,1860 1726,1854"/>
                <Baseline points="1732,1887 1783,1888 1834,1889 1885,1890 1936,1891 1987,1892 2038,1892 2089,1893 2140,1893 2191,1894 2242,1894 2293,1895 2344,1895 2395,1895 2446,1895 2497,1895 2548,1894 2599,1894 2650,1894 2701,1893 2752,1892"/>
                <TextEquiv>
                    <Unicode>dichter und Kapellmeister sich entwickelte derzeit als</Unicode>
                </TextEquiv>
            </TextLine>
            <TextLine id="r2l38" custom="readingOrder {index:37;}">
                <Coords points="1717,1947 2668,1949 2753,1905 1717,1909"/>
                <Baseline points="1724,1932 1775,1933 1826,1934 1877,1934 1928,1935 1979,1936 2030,1936 2081,1936 2132,1937 2183,1937 2235,1937 2286,1937 2337,1937 2388,1937 2439,1937 2490,1937 2541,1937 2592,1936 2643,1936 2694,1936 2746,1935"/>
                <TextEquiv>
                    <Unicode>Napellmeister in Franifurt tätig. Seine Oper „Liebelei“ bat.</Unicode>
                </TextEquiv>
            </TextLine>
            <TextLine id="r2l39" custom="readingOrder {index:38;}">
                <Coords points="1732,1990 2742,1991 2731,1937 1732,1942"/>
                <Baseline points="1738,1975 1787,1976 1837,1978 1887,1979 1937,1980 1987,1980 2037,1981 2086,1981 2136,1982 2186,1982 2236,1982 2286,1982 2336,1982 2386,1982 2435,1982 2485,1982 2535,1982 2585,1982 2635,1982 2685,1982 2735,1983"/>
                <TextEquiv>
                    <Unicode>miulerweile in Frankfurt ihre erfolghafte Erstaufführung</Unicode>
                </TextEquiv>
            </TextLine>
            <TextLine id="r2l40" custom="readingOrder {index:39;}">
                <Coords points="1728,2030 2696,2031 2687,1987 1729,1983"/>
                <Baseline points="1736,2017 1783,2019 1831,2021 1878,2022 1926,2023 1974,2024 2021,2025 2069,2025 2117,2026 2164,2026 2212,2026 2260,2026 2307,2026 2355,2026 2403,2025 2450,2025 2498,2024 2546,2024 2593,2023 2641,2023 2689,2022"/>
                <TextEquiv>
                    <Unicode>erlebt, seither auf größeren und kleineren Bühnen di</Unicode>
                </TextEquiv>
            </TextLine>
            <TextLine id="r2l41" custom="readingOrder {index:40;}">
                <Coords points="1721,2055 2698,2074 2683,2028 1721,2030"/>
                <Baseline points="1727,2063 1775,2064 1823,2065 1871,2066 1919,2066 1968,2067 2016,2068 2064,2068 2112,2069 2160,2069 2209,2069 2257,2070 2305,2070 2353,2070 2401,2070 2450,2070 2498,2069 2546,2068 2594,2068 2642,2066 2691,2065"/>
                <TextEquiv>
                    <Unicode>Probe bestanden. Jetzt ist die Oper nach Wien gekommen</Unicode>
                </TextEquiv>
            </TextLine>
            <TextLine id="r2l42" custom="readingOrder {index:41;}">
                <Coords points="1728,2116 2719,2122 2720,2073 1728,2074"/>
                <Baseline points="1735,2104 1783,2105 1832,2106 1881,2108 1930,2109 1979,2110 2028,2111 2077,2112 2126,2113 2175,2113 2224,2114 2272,2114 2321,2114 2370,2114 2419,2114 2468,2113 2517,2113 2566,2112 2615,2111 2664,2110 2713,2108"/>
                <TextEquiv>
                    <Unicode>wo sie Bodenständigkeit hat denn die Geschichte spiell</Unicode>
                </TextEquiv>
            </TextLine>
            <TextLine id="r2l43" custom="readingOrder {index:42;}">
                <Coords points="1728,2148 2729,2163 2703,2113 1728,2116"/>
                <Baseline points="1735,2149 1784,2149 1833,2150 1883,2150 1932,2151 1981,2152 2031,2152 2080,2153 2129,2154 2179,2154 2228,2155 2277,2156 2327,2156 2376,2156 2425,2156 2475,2156 2524,2156 2573,2155 2623,2154 2672,2153 2722,2151"/>
                <TextEquiv>
                    <Unicode>so um den Brillantentrund hexum und die füßen Mädes</Unicode>
                </TextEquiv>
            </TextLine>
            <TextLine id="r2l44" custom="readingOrder {index:43;}">
                <Coords points="1725,2210 2314,2189 2794,2226 2768,2143 1726,2166"/>
                <Baseline points="1733,2194 1785,2194 1838,2194 1891,2195 1943,2195 1996,2196 2049,2197 2101,2197 2154,2198 2207,2199 2260,2200 2312,2200 2365,2201 2418,2201 2470,2201 2523,2201 2576,2200 2628,2199 2681,2197 2734,2196 2787,2193"/>
                <TextEquiv>
                    <Unicode>und Jungen ieden ein wenig Wiener Dialekr und #</Unicode>
                </TextEquiv>
            </TextLine>
            <TextLine id="r2l45" custom="readingOrder {index:44;}">
                <Coords points="1725,2242 2727,2262 2727,2225 2628,2202 1725,2209"/>
                <Baseline points="1732,2238 1781,2238 1830,2239 1880,2239 1929,2240 1979,2240 2028,2241 2077,2242 2127,2242 2176,2242 2226,2243 2275,2243 2324,2243 2374,2244 2423,2244 2473,2244 2522,2243 2571,2243 2621,2243 2670,2242 2720,2242"/>
                <TextEquiv>
                    <Unicode>manchmal singen sie sogar auch ein paar Takte im</Unicode>
                </TextEquiv>
            </TextLine>
            <TextLine id="r2l46" custom="readingOrder {index:45;}">
                <Coords points="1805,2329 2723,2335 2723,2295 2536,2268 2369,2307 2247,2275 2139,2302 1805,2297"/>
                <Baseline points="1812,2321 1857,2323 1902,2325 1947,2327 1993,2329 2038,2330 2083,2331 2128,2332 2174,2332 2219,2333 2264,2333 2309,2333 2355,2333 2400,2333 2445,2333 2490,2332 2536,2332 2581,2331 2626,2330 2671,2329 2717,2329"/>
                <TextEquiv>
                    <Unicode>Den Inhalt des vielgegebenen Schauspiels kennt</Unicode>
                </TextEquiv>
            </TextLine>
            <TextLine id="r2l47" custom="readingOrder {index:46;}">
                <Coords points="1728,2364 2722,2381 2722,2336 1728,2338"/>
                <Baseline points="1735,2366 1784,2367 1833,2368 1882,2369 1931,2370 1980,2371 2029,2372 2078,2373 2127,2374 2176,2374 2225,2375 2274,2375 2323,2376 2372,2376 2421,2376 2470,2376 2519,2376 2568,2375 2617,2375 2666,2374 2715,2374"/>
                <TextEquiv>
                    <Unicode>man. Der Komponist hat etwa wie Richard Strauß es</Unicode>
                </TextEquiv>
            </TextLine>
            <TextLine id="r2l48" custom="readingOrder {index:47;}">
                <Coords points="1725,2429 2063,2404 2115,2431 2733,2430 2733,2388 2696,2378 1726,2384"/>
                <Baseline points="1732,2410 1781,2410 1831,2411 1881,2412 1930,2413 1980,2414 2030,2415 2079,2417 2129,2418 2179,2419 2229,2420 2278,2421 2328,2421 2378,2422 2427,2422 2477,2422 2527,2422 2576,2422 2626,2421 2676,2420 2726,2418"/>
                <TextEquiv>
                    <Unicode>mit der „Saiome“ des Wilde gemacht einsach den Text</Unicode>
                </TextEquiv>
            </TextLine>
            <TextLine id="r2l49" custom="readingOrder {index:48;}">
                <Coords points="1724,2461 2737,2467 2716,2432 2611,2415 1724,2431"/>
                <Baseline points="1730,2455 1780,2456 1830,2457 1880,2458 1930,2459 1980,2460 2030,2461 2080,2462 2130,2462 2180,2463 2230,2463 2280,2463 2330,2463 2380,2463 2430,2463 2480,2463 2530,2463 2580,2462 2630,2462 2680,2461 2730,2461"/>
                <TextEquiv>
                    <Unicode>wie er gehi und steht herangezogen. Die Proia ist Prosa</Unicode>
                </TextEquiv>
            </TextLine>
            <TextLine id="r2l50" custom="readingOrder {index:49;}">
                <Coords points="1719,2506 2233,2524 2453,2494 2730,2526 2730,2481 2600,2462 1719,2459"/>
                <Baseline points="1726,2501 1775,2501 1825,2501 1875,2502 1925,2502 1975,2503 2025,2503 2074,2503 2124,2504 2174,2505 2224,2505 2274,2505 2324,2506 2374,2506 2423,2506 2473,2506 2523,2506 2573,2506 2623,2505 2673,2505 2723,2504"/>
                <TextEquiv>
                    <Unicode>geblieben die leichtesten gewöhnlichsten Milieurebens¬</Unicode>
                </TextEquiv>
            </TextLine>
            <TextLine id="r2l51" custom="readingOrder {index:50;}">
                <Coords points="1716,2560 2271,2538 2707,2567 2717,2520 1716,2504"/>
                <Baseline points="1722,2543 1771,2544 1820,2544 1870,2545 1919,2545 1969,2546 2018,2546 2067,2547 2117,2547 2166,2548 2216,2548 2265,2548 2314,2549 2364,2549 2413,2549 2463,2549 2512,2549 2561,2549 2611,2549 2660,2549 2710,2548"/>
                <TextEquiv>
                    <Unicode>arten uind beibehalten worden, selbstverständlich hat die</Unicode>
                </TextEquiv>
            </TextLine>
            <TextLine id="r2l52" custom="readingOrder {index:51;}">
                <Coords points="1712,2599 2718,2608 2718,2564 2575,2549 1712,2562"/>
                <Baseline points="1719,2590 1768,2589 1818,2589 1867,2588 1917,2588 1967,2588 2016,2588 2066,2589 2115,2589 2165,2590 2215,2590 2264,2591 2314,2592 2363,2592 2413,2592 2463,2593 2512,2593 2562,2593 2611,2593 2661,2592 2711,2592"/>
                <TextEquiv>
                    <Unicode>Handlung keinertei Veränderung erfahren und nur</Unicode>
                </TextEquiv>
            </TextLine>
            <TextLine id="r2l53" custom="readingOrder {index:52;}">
                <Coords points="1727,2635 2700,2655 2731,2606 1727,2604"/>
                <Baseline points="1734,2627 1783,2628 1833,2629 1882,2630 1932,2631 1981,2632 2031,2633 2080,2634 2130,2635 2179,2636 2229,2636 2278,2637 2328,2637 2377,2638 2427,2638 2476,2638 2526,2638 2575,2637 2625,2637 2674,2636 2724,2635"/>
                <TextEquiv>
                    <Unicode>mancherlei Kürzungen hat sich Herr Neumann erlaupt.</Unicode>
                </TextEquiv>
            </TextLine>
            <TextLine id="r2l54" custom="readingOrder {index:53;}">
                <Coords points="1725,2676 2721,2700 2721,2655 2627,2639 1726,2640"/>
                <Baseline points="1732,2672 1781,2673 1830,2674 1879,2674 1928,2675 1977,2676 2026,2677 2075,2677 2124,2678 2173,2679 2223,2680 2272,2680 2321,2681 2370,2681 2419,2681 2468,2681 2517,2681 2566,2681 2615,2680 2664,2679 2714,2677"/>
                <TextEquiv>
                    <Unicode>Nun verteilt sich das Geschehen folgendermaßen auf die</Unicode>
                </TextEquiv>
            </TextLine>
            <TextLine id="r2l55" custom="readingOrder {index:54;}">
                <Coords points="1729,2728 2651,2742 2732,2698 1729,2677"/>
                <Baseline points="1736,2715 1785,2716 1834,2717 1884,2718 1933,2719 1983,2720 2032,2721 2081,2722 2131,2723 2180,2723 2230,2724 2279,2724 2328,2725 2378,2725 2427,2725 2477,2724 2526,2724 2575,2723 2625,2722 2674,2721 2724,2720"/>
                <TextEquiv>
                    <Unicode>drei Atte. Erster Akt: In der Junggesellenwohnung des</Unicode>
                </TextEquiv>
            </TextLine>
            <TextLine id="r2l56" custom="readingOrder {index:55;}">
                <Coords points="1729,2771 2729,2775 2672,2730 1730,2728"/>
                <Baseline points="1736,2761 1785,2762 1834,2763 1883,2763 1933,2764 1982,2764 2031,2765 2081,2765 2130,2766 2179,2766 2229,2766 2278,2766 2327,2767 2376,2767 2426,2767 2475,2767 2524,2767 2574,2767 2623,2767 2672,2767 2722,2767"/>
                <TextEquiv>
                    <Unicode>Fritz lernen wir die beiden ungleichen Liebespaare kennen.</Unicode>
                </TextEquiv>
            </TextLine>
            <TextLine id="r2l57" custom="readingOrder {index:56;}">
                <Coords points="1720,2814 2622,2826 2716,2812 2717,2781 1720,2771"/>
                <Baseline points="1727,2807 1776,2807 1825,2807 1874,2807 1923,2807 1972,2808 2021,2808 2070,2809 2119,2810 2168,2810 2218,2811 2267,2811 2316,2812 2365,2812 2414,2812 2463,2812 2512,2812 2561,2812 2610,2811 2659,2811 2709,2810"/>
                <TextEquiv>
                    <Unicode>Das leichtiertige Theodor=Mizzi und das sentimentale</Unicode>
                </TextEquiv>
            </TextLine>
            <TextLine id="r2l58" custom="readingOrder {index:57;}">
                <Coords points="1733,2862 2725,2856 2714,2809 2604,2843 2388,2808 2173,2840 1734,2808"/>
                <Baseline points="1740,2852 1788,2851 1837,2851 1886,2851 1935,2851 1984,2852 2033,2852 2082,2853 2131,2854 2180,2854 2229,2855 2277,2856 2326,2856 2375,2857 2424,2857 2473,2857 2522,2857 2571,2856 2620,2855 2669,2854 2718,2852"/>
                <TextEquiv>
                    <Unicode>Fritz=Christine. Siehe alle die französischen uad</Unicode>
                </TextEquiv>
            </TextLine>
            <TextLine id="r2l59" custom="readingOrder {index:58;}">
                <Coords points="1714,2880 1881,2910 2725,2907 2712,2855 2613,2879 1715,2851"/>
                <Baseline points="1721,2894 1770,2893 1820,2893 1870,2893 1920,2893 1970,2894 2020,2895 2069,2895 2119,2897 2169,2897 2219,2899 2269,2899 2319,2900 2369,2901 2418,2901 2468,2902 2518,2901 2568,2901 2618,2900 2668,2899 2718,2897"/>
                <TextEquiv>
                    <Unicode>italienischen Bohemeopern der neueren Zeit. In den</Unicode>
                </TextEquiv>
            </TextLine>
            <TextLine id="r2l60" custom="readingOrder {index:59;}">
                <Coords points="1729,2938 2599,2962 2719,2949 2720,2904 1730,2903"/>
                <Baseline points="1737,2935 1785,2936 1834,2937 1883,2938 1932,2939 1980,2940 2029,2941 2078,2941 2127,2942 2175,2942 2224,2943 2273,2943 2322,2943 2370,2943 2419,2943 2468,2943 2517,2944 2565,2944 2614,2944 2663,2943 2712,2943"/>
                <TextEquiv>
                    <Unicode>Schluß des lustigen Aktes, in dem neben dem Weid</Unicode>
                </TextEquiv>
            </TextLine>
            <TextLine id="r2l61" custom="readingOrder {index:60;}">
                <Coords points="1717,3005 2723,2979 2218,2941 1718,2965"/>
                <Baseline points="1724,2982 1773,2983 1823,2983 1872,2984 1922,2985 1972,2986 2021,2986 2071,2987 2120,2988 2170,2988 2220,2989 2269,2989 2319,2990 2368,2990 2418,2990 2468,2990 2517,2990 2567,2989 2616,2988 2666,2987 2716,2986"/>
                <TextEquiv>
                    <Unicode>auch Wein und Gesang nicht fehlen, fällt der Herr</Unicode>
                </TextEquiv>
            </TextLine>
            <TextLine id="r2l62" custom="readingOrder {index:61;}">
                <Coords points="1721,3026 2696,3053 2718,3003 1721,2997"/>
                <Baseline points="1727,3028 1776,3027 1825,3027 1874,3028 1923,3028 1973,3028 2022,3029 2071,3030 2120,3030 2169,3031 2219,3032 2268,3032 2317,3033 2366,3033 2415,3033 2465,3033 2514,3033 2563,3033 2612,3032 2661,3031 2711,3029"/>
                <TextEquiv>
                    <Unicode>hinein der Fritz zum Duell fordert Fritz hat seine Frau</Unicode>
                </TextEquiv>
            </TextLine>
            <TextLine id="r2l63" custom="readingOrder {index:62;}">
                <Coords points="1709,3059 2722,3082 2722,3049 2609,3034 1709,3038"/>
                <Baseline points="1716,3071 1768,3071 1821,3072 1873,3072 1926,3073 1978,3073 2031,3074 2084,3074 2136,3075 2189,3075 2241,3075 2294,3076 2346,3076 2399,3076 2452,3077 2504,3077 2557,3077 2609,3077 2662,3077 2715,3077"/>
                <TextEquiv>
                    <Unicode>o#t bei lich gesehen. Der zweite Akt ist eigentlich nur</Unicode>
                </TextEquiv>
            </TextLine>
            <TextLine id="r2l64" custom="readingOrder {index:63;}">
                <Coords points="1711,3144 1766,3114 2258,3141 2715,3118 2715,3082 1792,3089 1712,3058"/>
                <Baseline points="1718,3114 1767,3115 1817,3115 1866,3116 1916,3116 1965,3116 2015,3117 2064,3117 2114,3118 2163,3118 2213,3119 2262,3119 2312,3119 2361,3120 2411,3120 2460,3120 2510,3120 2559,3121 2609,3121 2658,3121 2708,3121"/>
                <TextEquiv>
                    <Unicode>eine lange Liebesizene zwischen Fritz und Christine, in</Unicode>
                </TextEquiv>
            </TextLine>
            <TextLine id="r2l65" custom="readingOrder {index:64;}">
                <Coords points="1711,3158 2716,3180 2707,3124 1711,3136"/>
                <Baseline points="1718,3158 1767,3157 1817,3157 1866,3157 1916,3157 1965,3158 2015,3158 2064,3159 2114,3160 2163,3161 2213,3162 2263,3163 2312,3164 2362,3165 2411,3165 2461,3166 2510,3166 2560,3166 2609,3166 2659,3165 2709,3164"/>
                <TextEquiv>
                    <Unicode>dem bescheidenen Wolnzimmer Coristinens. Im dritten</Unicode>
                </TextEquiv>
            </TextLine>
            <TextLine id="r2l66" custom="readingOrder {index:65;}">
                <Coords points="1708,3206 2719,3217 2719,3187 2604,3169 1709,3157"/>
                <Baseline points="1716,3199 1765,3200 1815,3200 1865,3201 1915,3201 1965,3202 2014,3202 2064,3203 2114,3203 2164,3204 2214,3204 2263,3205 2313,3205 2363,3205 2413,3206 2463,3206 2512,3206 2562,3206 2612,3206 2662,3205 2712,3205"/>
                <TextEquiv>
                    <Unicode>Akte erfährt das liebende Mädchen, daß Fritz mittler¬</Unicode>
                </TextEquiv>
            </TextLine>
            <TextLine id="r2l67" custom="readingOrder {index:66;}">
                <Coords points="1716,3250 2647,3270 2718,3229 1717,3224"/>
                <Baseline points="1723,3245 1772,3244 1821,3244 1871,3244 1920,3244 1970,3244 2019,3245 2068,3245 2118,3246 2167,3247 2217,3248 2266,3249 2315,3250 2365,3250 2414,3251 2464,3252 2513,3252 2562,3252 2612,3252 2661,3251 2711,3250"/>
                <TextEquiv>
                    <Unicode>weile im Duell erschossen worden ist stürzt aus dem</Unicode>
                </TextEquiv>
            </TextLine>
            <TextLine id="r2l68" custom="readingOrder {index:67;}">
                <Coords points="1709,3286 2635,3315 2720,3300 2721,3262 1709,3242"/>
                <Baseline points="1716,3294 1765,3292 1815,3290 1865,3289 1915,3289 1965,3289 2015,3289 2065,3289 2115,3290 2165,3291 2215,3292 2264,3293 2314,3295 2364,3296 2414,3297 2464,3298 2514,3298 2564,3299 2614,3298 2664,3298 2714,3297"/>
                <TextEquiv>
                    <Unicode>Hause und ihr unglücklicher Vater spricht die ahnungs¬</Unicode>
                </TextEquiv>
            </TextLine>
            <TextLine id="r2l69" custom="readingOrder {index:68;}">
                <Coords points="1710,3346 2421,3346 2434,3303 1796,3291 1711,3315"/>
                <Baseline points="1718,3331 1753,3330 1788,3330 1824,3329 1859,3330 1895,3330 1930,3331 1965,3331 2001,3332 2036,3333 2072,3334 2107,3335 2142,3336 2178,3337 2213,3338 2249,3339 2284,3339 2319,3340 2355,3340 2390,3340 2426,3339"/>
                <TextEquiv>
                    <Unicode>vollen Worte: Sie kommt nicht wieder.</Unicode>
                </TextEquiv>
            </TextLine>
            <TextLine id="r2l70" custom="readingOrder {index:69;}">
                <Coords points="1796,3373 2609,3398 2683,3390 2716,3347 1796,3348"/>
                <Baseline points="1803,3372 1848,3373 1893,3374 1938,3374 1984,3375 2029,3376 2074,3377 2119,3378 2165,3379 2210,3380 2255,3380 2300,3381 2346,3381 2391,3382 2436,3382 2481,3383 2527,3383 2572,3383 2617,3383 2662,3382 2708,3382"/>
                <TextEquiv>
                    <Unicode>Es wird vielleicht einmal wieder die Zeit kommen,</Unicode>
                </TextEquiv>
            </TextLine>
            <TextLine id="r2l71" custom="readingOrder {index:70;}">
                <Coords points="1718,3423 2715,3431 2674,3388 1719,3385"/>
                <Baseline points="1725,3420 1774,3420 1823,3420 1872,3420 1921,3421 1970,3421 2019,3422 2069,3422 2118,3423 2167,3423 2216,3424 2265,3424 2314,3425 2363,3425 2413,3425 2462,3425 2511,3426 2560,3426 2609,3425 2658,3425 2708,3425"/>
                <TextEquiv>
                    <Unicode>wo das Instir ktleben eines füßen Mädels nicht aus¬</Unicode>
                </TextEquiv>
            </TextLine>
            <TextLine id="r2l72" custom="readingOrder {index:71;}">
                <Coords points="1716,3476 2710,3485 2710,3441 2613,3425 1716,3422"/>
                <Baseline points="1723,3465 1772,3464 1821,3464 1870,3464 1919,3464 1968,3464 2017,3465 2066,3465 2115,3466 2164,3466 2213,3467 2262,3468 2311,3469 2360,3469 2409,3470 2458,3470 2507,3470 2556,3470 2605,3470 2654,3469 2703,3469"/>
                <TextEquiv>
                    <Unicode>reichen wird für ein Opernbeldentum nach der heutigen</Unicode>
                </TextEquiv>
            </TextLine>
            <TextLine id="r2l73" custom="readingOrder {index:72;}">
                <Coords points="1714,3516 2612,3511 2712,3538 2713,3495 2609,3471 1715,3477"/>
                <Baseline points="1721,3507 1770,3507 1819,3507 1868,3507 1918,3507 1967,3508 2016,3508 2065,3509 2115,3510 2164,3511 2213,3511 2262,3512 2312,3513 2361,3513 2410,3513 2459,3514 2509,3514 2558,3514 2607,3513 2656,3512 2706,3511"/>
                <TextEquiv>
                    <Unicode>Geschmacksrichtung aber mögen die in der Handlung</Unicode>
                </TextEquiv>
            </TextLine>
            <TextLine id="r2l74" custom="readingOrder {index:73;}">
                <Coords points="1717,3547 2326,3574 2713,3547 2600,3516 1717,3521"/>
                <Baseline points="1723,3553 1772,3552 1821,3551 1870,3551 1919,3551 1968,3551 2017,3551 2067,3552 2116,3552 2165,3553 2214,3553 2263,3554 2312,3554 2361,3555 2411,3555 2460,3556 2509,3556 2558,3556 2607,3556 2656,3555 2706,3555"/>
                <TextEquiv>
                    <Unicode>he#tig hervorstechenden Stimmungskontraste und Ueber¬</Unicode>
                </TextEquiv>
            </TextLine>
            <TextLine id="r2l75" custom="readingOrder {index:74;}">
                <Coords points="1716,3594 2708,3590 2700,3561 1717,3568"/>
                <Baseline points="1723,3595 1771,3595 1820,3595 1869,3595 1918,3595 1967,3595 2016,3596 2064,3597 2113,3597 2162,3598 2211,3599 2260,3599 2309,3600 2358,3601 2406,3601 2455,3601 2504,3602 2553,3602 2602,3602 2651,3602 2700,3601"/>
                <TextEquiv>
                    <Unicode>raichungen dem Komponisten und dem Publikum starke</Unicode>
                </TextEquiv>
            </TextLine>
            <TextLine id="r2l76" custom="readingOrder {index:75;}">
                <Coords points="1704,3632 2711,3657 2712,3607 1704,3604"/>
                <Baseline points="1710,3637 1759,3638 1809,3638 1859,3639 1909,3639 1958,3640 2008,3640 2058,3641 2108,3641 2157,3642 2207,3642 2257,3643 2307,3643 2356,3644 2406,3644 2456,3644 2506,3644 2555,3644 2605,3644 2655,3643 2705,3643"/>
                <TextEquiv>
                    <Unicode>Anziehung bieten. Kennzeichnend für das eigenartige</Unicode>
                </TextEquiv>
            </TextLine>
            <TextLine id="r2l77" custom="readingOrder {index:76;}">
                <Coords points="1714,3693 2715,3684 2608,3645 2312,3664 1714,3631"/>
                <Baseline points="1721,3681 1770,3681 1819,3680 1869,3681 1918,3681 1967,3681 2017,3682 2066,3683 2115,3683 2165,3684 2214,3685 2263,3686 2313,3686 2362,3687 2411,3687 2461,3687 2510,3687 2559,3687 2609,3686 2658,3685 2708,3683"/>
                <TextEquiv>
                    <Unicode>Talent die flinke Erfindungsgabe und das beträchtliche</Unicode>
                </TextEquiv>
            </TextLine>
            <TextLine id="r2l78" custom="readingOrder {index:77;}">
                <Coords points="1708,3719 2153,3747 2639,3746 2717,3719 2607,3688 1708,3694"/>
                <Baseline points="1715,3724 1764,3724 1814,3725 1864,3725 1914,3726 1963,3726 2013,3727 2063,3727 2113,3728 2162,3728 2212,3729 2262,3729 2312,3730 2361,3730 2411,3730 2461,3731 2511,3731 2560,3731 2610,3731 2660,3731 2710,3731"/>
                <TextEquiv>
                    <Unicode>orchestrale Können des Komponisten Herrn Neumann ist</Unicode>
                </TextEquiv>
            </TextLine>
            <TextLine id="r2l79" custom="readingOrder {index:78;}">
                <Coords points="1703,3768 2516,3793 2714,3770 2680,3736 1704,3728"/>
                <Baseline points="1710,3767 1759,3767 1809,3768 1859,3768 1909,3768 1959,3769 2009,3769 2058,3770 2108,3771 2158,3771 2208,3772 2258,3773 2308,3773 2358,3773 2407,3774 2457,3774 2507,3773 2557,3773 2607,3772 2657,3771 2707,3770"/>
                <TextEquiv>
                    <Unicode>es daß gerade im ersten Aufzuge mit seinem absichts¬</Unicode>
                </TextEquiv>
            </TextLine>
            <TextLine id="r2l80" custom="readingOrder {index:79;}">
                <Coords points="1710,3835 1821,3805 2444,3837 2708,3812 2607,3777 1710,3777"/>
                <Baseline points="1717,3812 1766,3812 1815,3812 1864,3812 1913,3813 1963,3813 2012,3814 2061,3815 2110,3815 2159,3816 2209,3816 2258,3817 2307,3817 2356,3818 2405,3818 2455,3818 2504,3818 2553,3817 2602,3817 2651,3816 2701,3814"/>
                <TextEquiv>
                    <Unicode>losen Geplander und seiner unbekümmerten, jung¬</Unicode>
                </TextEquiv>
            </TextLine>
            <TextLine id="r2l81" custom="readingOrder {index:80;}">
                <Coords points="1704,3860 2704,3870 2704,3830 2623,3822 1705,3830"/>
                <Baseline points="1711,3859 1760,3858 1809,3857 1858,3857 1908,3857 1957,3857 2006,3857 2056,3857 2105,3858 2154,3858 2204,3858 2253,3859 2302,3859 2351,3859 2401,3860 2450,3860 2499,3860 2549,3860 2598,3860 2647,3859 2697,3859"/>
                <TextEquiv>
                    <Unicode>gesellenhatten Tischlaune die Musik ihre besten Seiten</Unicode>
                </TextEquiv>
            </TextLine>
            <TextLine id="r2l82" custom="readingOrder {index:81;}">
                <Coords points="1703,3894 2708,3928 2709,3875 2572,3857 2533,3884 1704,3857"/>
                <Baseline points="1710,3902 1759,3901 1809,3901 1858,3901 1908,3901 1957,3901 2007,3901 2056,3902 2106,3903 2155,3903 2205,3904 2255,3905 2304,3905 2354,3906 2403,3907 2453,3908 2502,3908 2552,3908 2601,3908 2651,3908 2701,3908"/>
                <TextEquiv>
                    <Unicode>zeint. Ein ganzer Orchesterregen von kiugen kleinen.</Unicode>
                </TextEquiv>
            </TextLine>
            <TextLine id="r2l83" custom="readingOrder {index:82;}">
                <Coords points="1713,3942 2708,3960 2708,3927 2653,3910 1713,3906"/>
                <Baseline points="1720,3940 1769,3941 1818,3942 1867,3943 1916,3944 1965,3945 2014,3946 2063,3946 2112,3947 2161,3947 2210,3948 2259,3948 2308,3949 2357,3949 2406,3949 2455,3949 2504,3950 2553,3950 2602,3950 2651,3950 2701,3950"/>
                <TextEquiv>
                    <Unicode>wohituingenden und charatteristischen Tonsigürchen geht</Unicode>
                </TextEquiv>
            </TextLine>
            <TextLine id="r2l84" custom="readingOrder {index:83;}">
                <Coords points="1710,3991 2706,4006 2706,3959 2605,3951 1711,3955"/>
                <Baseline points="1718,3983 1767,3984 1816,3985 1865,3986 1914,3987 1963,3988 2012,3988 2061,3989 2110,3990 2159,3991 2208,3991 2257,3991 2306,3992 2355,3992 2404,3992 2453,3993 2502,3993 2551,3993 2600,3993 2649,3993 2699,3994"/>
                <TextEquiv>
                    <Unicode>nieder über Worte von ausgesuchter Banalität die im</Unicode>
                </TextEquiv>
            </TextLine>
            <TextLine id="r2l85" custom="readingOrder {index:84;}">
                <Coords points="1707,4022 2199,4057 2711,4037 2711,4001 1707,3987"/>
                <Baseline points="1714,4025 1763,4026 1813,4027 1862,4029 1912,4030 1961,4031 2011,4032 2060,4033 2110,4034 2159,4035 2209,4036 2258,4036 2308,4037 2357,4037 2407,4037 2456,4037 2506,4037 2555,4036 2605,4035 2654,4033 2704,4032"/>
                <TextEquiv>
                    <Unicode>Schauspiel die Wahrhantgkeit für sich haben in der</Unicode>
                </TextEquiv>
            </TextLine>
            <TextLine id="r2l86" custom="readingOrder {index:85;}">
                <Coords points="1709,4077 2696,4098 2697,4051 2618,4040 1710,4039"/>
                <Baseline points="1716,4069 1764,4070 1813,4071 1862,4072 1910,4073 1959,4074 2008,4074 2056,4075 2105,4076 2154,4077 2203,4078 2251,4078 2300,4079 2349,4079 2397,4080 2446,4080 2495,4080 2543,4080 2592,4080 2641,4080 2690,4079"/>
                <TextEquiv>
                    <Unicode>Oper aber doch über die Grenze des Möglichen gehen.</Unicode>
                </TextEquiv>
            </TextLine>
            <TextLine id="r2l87" custom="readingOrder {index:86;}">
                <Coords points="1713,4113 2502,4119 2698,4149 2699,4098 1713,4083"/>
                <Baseline points="1720,4114 1768,4116 1817,4117 1865,4119 1914,4120 1963,4121 2011,4122 2060,4122 2108,4123 2157,4123 2206,4123 2254,4123 2303,4124 2351,4124 2400,4124 2449,4124 2497,4125 2546,4125 2594,4126 2643,4126 2692,4127"/>
                <TextEquiv>
                    <Unicode>Im Kleinstn ist Herrn Neumanns Musik am besten.</Unicode>
                </TextEquiv>
            </TextLine>
            <TextLine id="r2l88" custom="readingOrder {index:87;}">
                <Coords points="2283,4146 2302,4148 2312,4142 2323,4148 2335,4143 2341,4148 2363,4145 2363,4124 2354,4124 2350,4127 2343,4125 2336,4127 2334,4124 2320,4124 2316,4127 2309,4125 2307,4127 2305,4124 2283,4124"/>
                <Baseline points="2290,4139 2323,4139 2356,4139"/>
                <TextEquiv>
                    <Unicode>TUT</Unicode>
                </TextEquiv>
            </TextLine>
            <TextEquiv>
                <Unicode>Quelenangabe onne Gewaht
usschnitt aus:
Oeter-khische Vollerallung
Wien.
1501 1191
om:
Chräter und Knnst.
Liebelei.
Oper in drei Akten nach Artux Schnitzlers Schau
spiel. Musik von Franz Neumann
an der Volksoper.
Schauspieldichter zu sein ist in unserer heutigen in¬
dustriösen Zeit eine sehr zweckmäßige Sache. Gelingt es.
so kommt man eist naturgemäß auf die Schauspielbühne,
kann greift der texthungrige Opereitenkomponist nach
dem Werk schließlich wird es auf den Kinofilm gelegt,
auf den sogenannten Autorenfilm. Schnitzlers Süßes¬
Madel=Schauspiel, ein ßarker Mitvegründer seines
Dichterruhms ist trotz seiner guten Moral und seiner
energischen Tragik doch mehr Milieustück wie etwa im
gegebenen Abstande nach oben hin seinerzeit Schillers
„Kabale und Liebe“. Ein Gravnieren zur Musik das
Innewohnen einer im Texie leise. ahnungsvoll mit¬
schwingenden Tonwelt wird man im Lesen oder An¬
hören des kunst= und geistvollen Stückes kaum gemerkt
haben und so ist es begreiflich, daß Artur Schnitzler als
ihn eines Tages ein unbekannter junger Mann durch
die Mitteilung überraschie er mache eine Oper aus der
„Liebelei“ zunächst ablehnte. Dann aber soll der junge
Mann dem Dichter den halben ersten Akt auf dem
Klavier vorgespielt haben, woraufhin Herr Schnitzler,
von dem Talent des Komponisten bezwungen, diesem
den Text freigab. Der Komponist war Herr Franz
Neumann, unser Landsmann aus Mähren, der sich mit
außeroidentlicher Kraft von dem gewerblichen Werktisch
auf den Parnaß geschwungen hatte seither als Ton¬
dichter und Kapellmeister sich entwickelte derzeit als
Napellmeister in Franifurt tätig. Seine Oper „Liebelei“ bat.
miulerweile in Frankfurt ihre erfolghafte Erstaufführung
erlebt, seither auf größeren und kleineren Bühnen di
Probe bestanden. Jetzt ist die Oper nach Wien gekommen
wo sie Bodenständigkeit hat denn die Geschichte spiell
so um den Brillantentrund hexum und die füßen Mädes
und Jungen ieden ein wenig Wiener Dialekr und #
manchmal singen sie sogar auch ein paar Takte im
Den Inhalt des vielgegebenen Schauspiels kennt
man. Der Komponist hat etwa wie Richard Strauß es
mit der „Saiome“ des Wilde gemacht einsach den Text
wie er gehi und steht herangezogen. Die Proia ist Prosa
geblieben die leichtesten gewöhnlichsten Milieurebens¬
arten uind beibehalten worden, selbstverständlich hat die
Handlung keinertei Veränderung erfahren und nur
mancherlei Kürzungen hat sich Herr Neumann erlaupt.
Nun verteilt sich das Geschehen folgendermaßen auf die
drei Atte. Erster Akt: In der Junggesellenwohnung des
Fritz lernen wir die beiden ungleichen Liebespaare kennen.
Das leichtiertige Theodor=Mizzi und das sentimentale
Fritz=Christine. Siehe alle die französischen uad
italienischen Bohemeopern der neueren Zeit. In den
Schluß des lustigen Aktes, in dem neben dem Weid
auch Wein und Gesang nicht fehlen, fällt der Herr
hinein der Fritz zum Duell fordert Fritz hat seine Frau
o#t bei lich gesehen. Der zweite Akt ist eigentlich nur
eine lange Liebesizene zwischen Fritz und Christine, in
dem bescheidenen Wolnzimmer Coristinens. Im dritten
Akte erfährt das liebende Mädchen, daß Fritz mittler¬
weile im Duell erschossen worden ist stürzt aus dem
Hause und ihr unglücklicher Vater spricht die ahnungs¬
vollen Worte: Sie kommt nicht wieder.
Es wird vielleicht einmal wieder die Zeit kommen,
wo das Instir ktleben eines füßen Mädels nicht aus¬
reichen wird für ein Opernbeldentum nach der heutigen
Geschmacksrichtung aber mögen die in der Handlung
he#tig hervorstechenden Stimmungskontraste und Ueber¬
raichungen dem Komponisten und dem Publikum starke
Anziehung bieten. Kennzeichnend für das eigenartige
Talent die flinke Erfindungsgabe und das beträchtliche
orchestrale Können des Komponisten Herrn Neumann ist
es daß gerade im ersten Aufzuge mit seinem absichts¬
losen Geplander und seiner unbekümmerten, jung¬
gesellenhatten Tischlaune die Musik ihre besten Seiten
zeint. Ein ganzer Orchesterregen von kiugen kleinen.
wohituingenden und charatteristischen Tonsigürchen geht
nieder über Worte von ausgesuchter Banalität die im
Schauspiel die Wahrhantgkeit für sich haben in der
Oper aber doch über die Grenze des Möglichen gehen.
Im Kleinstn ist Herrn Neumanns Musik am besten.
TUT</Unicode>
            </TextEquiv>
        </TextRegion>
    </Page>
</PcGts>
