3484 4224
273 199 636 287 5. Lieb
471 194 1419 322 elei box 10/3
1147 1022 1832 1123 Die Berliner Theatersaison 1895/96.
789 1043 922 1123 498
781 1130 2196 1200 nicht nur anregen, sondern auch imponiren. Wildbrandts „Meister
784 1220 2202 1268 von Palmyra,“ das Werk eines nachdenklichen und hochgebildeten
784 1251 2204 1344 Geistes, strebt zu den Gefilden hoher Ahnen. Zählt man zu diesen
782 1306 2202 1391 hohen Ahnen den Goethischen Faust oder den Shakespearischen
789 1368 2192 1461 „Sturm“ oder Dichtwerke neuerer Zeit, die Wilbrandt selbst vor¬
785 1435 2203 1500 aussichtlich nicht dazu zählen wird, wie Ibsens „Brand," Ibsens
792 1487 2207 1573 „Peer Gynt,“ so wird der Abstand sichtbar, und dem „Meister von
785 1541 2192 1613 Palmyra“ verriegeln sich dann erst recht die Pforten der Vollendung.
793 1623 2204 1696 In Wilbrandts graziöser Natur ist##s Epigonenthum zu ausge¬
787 1657 2212 1746 breitet, als daß er vorbildliche Größen erreichen könnte. Nur wer
787 1733 2201 1798 von unten auf aus eigner Kraft emporsteigt, gelangt nach oben;
787 1785 2205 1850 wer sich bis zur Mitte tragen läßt, den befällt im Weiterkommen
787 1851 2203 1921 ein Schwindel, und er sinkt. Auch das ist eine Lehre für die junge
793 1914 2198 1980 Generation, die ihr eignes Leben in eigne Formen zu fassen suche
781 1959 2204 2051 und im Vertrauen auf die eigne Ansicht auch Vergangnes ver¬
789 2026 1250 2109 gegenwärtigen mag.
892 2068 2198 2141 So wenig in der Kunst, die Form ist, der Stoff entscheidet,
796 2133 2206 2212 so entscheidend für das Gelingen des Kunstwerks, so bezeichnend
804 2182 2206 2268 für die Art des Dichters und die Art seiner Zeit ist die Wahl des
799 2246 2211 2341 Stoffes. In einer Epoche, wo sittliche und soziale Wohlfahrt des
796 2332 2212 2402 lebendigen Geschlechts alle andern Ziele und Wünsche zurückdrängt,
791 2371 2209 2443 wo keine der sieben Bitten dringlicher wird, als die Bitte ums
801 2437 2207 2504 tägliche Brod, kann es nicht verwundern, daß auch für den Dichter,
805 2492 2212 2565 den Künstler, seine mitlebenden Brodverdiener und Brodverlanger
795 2540 2212 2616 im Vordergrund der Theilnahme stehn. Daher dringt durch die
799 2618 2213 2678 Kunst Hauptmanns, Sudermanns, Hirschfelds, Halbes, Schnitzlers
795 2664 2216 2732 der vierte Stand mit seinen Nöthen und Forderungen auf die
795 2724 2222 2788 Bühne, die zum Spiegel dieser Zeitkämpfe werden möchte. Sogar
801 2783 2203 2856 die phantastisch sein sollende Satire Fuldas rechnete mit dem An¬
806 2837 2217 2926 spruch eines Menschen, der von unten herauf kommt. So starke
806 2901 2215 2972 Stöße fordern den Gegenstoß heraus. Vielleicht hätte sich der schöne
808 2971 2224 3054 Geist Adolf Wilbrandts nie nach Palmyra geflüchtet, wenn ihn
810 3016 2209 3089 nicht in der modernen Kunst der Eingriff des rauhen Lebens ge¬
814 3089 1105 3185 schreckt hätte.
900 3138 2221 3202 Im Meiden und Suchen des eignen Bodens wechselten stets
807 3203 2223 3274 die Dichter. Auch für Hauptmann ist der Kreis der eignen Zeit
798 3250 2216 3326 und eignen Heimath zu eng geworden. Er strebte hinaus und
805 3312 2229 3400 versuchte seine erstarkte Kraft an einem fernen, vergangnen Wesen.
805 3395 2224 3441 Er ist aber seiner Art und Kunst nicht untreu geworden. Sein
802 3419 2240 3519 weitschichtiges Drama „Florian Geyer“ steht vor mir als ein
3049 1045 3382 1124 Die Berliner The
2680 1135 3366 1226 riesiges Ringen zwischen Stoff
2679 1192 3386 1277 nicht finden wollen. Ob Gerh
2683 1264 3385 1348 Großes und Gutes schuf, darübe
2682 1321 3385 1392 Neues schuf, lehrt a eutlichste
2685 1377 3353 1452 Erzeugnissen älterer Stilart. T
2677 1433 3384 1516 jahr bequeme Gelegenheit, die n
2685 1499 3383 1579 Zeitlang war es, als würde au
2675 1556 3385 1654 rische Schlacht geliefert. Das Fe
2685 1626 3357 1685 hie Wildenbruch! Binnen eines
2672 1653 3383 1754 wochen ließ Gerhart Hauptma
2676 1736 3376 1811 „Bühnenspiel aus dem Bauern
2676 1797 3383 1868 bruch im Berliner Theater seine
2675 1847 3375 1927 Die Vox populi, die zwar nicht
2673 1904 3373 1993 mit Entschiedenheit Wildenbruch fl
2681 1969 3373 2046 Geyer“ nach der sensationellen
2677 2032 3383 2102 suchte Häuser überdauerte, ist „
2679 2082 3383 2163 Sommer hinein des Zulaufs der
2767 2146 3367 2226 Die Autoren beider Stücke
2682 2195 3388 2277 Naturen, die ohne Liebedienerei
2674 2277 3373 2342 Gebote stehenden reichen Gaben
2676 2326 3384 2399 und gut und wahr und schön erka
2677 2381 3381 2460 liebe zu gemeinsamem Werk verein
2674 2439 3372 2522 Begegnung einander freundlich
2676 2495 3388 2576 Aber es kommt vor, daß drinne#
2672 2547 3386 2633 die Herren über denselben Gegen
2672 2614 3388 2688 draußen im Stall ihre schnapsen
2666 2677 3384 2760 hat es auch im ästhetischen Streit
2667 2735 3391 2811 nicht an Knüppeln aus dem Sa
2661 2792 3380 2877 Lärmauftritte im Theaterraum, di
2665 2847 3387 2928 Wochen= und sogar Monatspresse
2674 2911 3386 2994 den Einen todtschlagen zu müssen
2680 2972 3380 3052 lassen. Möcht' es jedem ernsten
2676 3024 3383 3113 Pöbelelemente seinem Gefolge fer
2771 3089 3393 3166 Auch diesmal läßt sich de
2677 3145 3379 3236 Wesentlichen handelt sichs um d
2672 3201 3354 3283 auf das geschichtliche Drama.
2672 3257 3363 3344 wendung, während Wildenbruch
2677 3314 3381 3400 genannten hohen Stils verblieb
2668 3380 3384 3462 Drama ist seine Sprache. Bei be
2664 3442 3374 3538 bruch nach) sprechen die Personen
