3436 4256
512 185 896 257 Liebelei
337 185 1004 292 5. Mnltenennnschant
1045 180 1461 274 box 11/1
2346 186 2786 266 Telephon 12801.
1964 274 3193 354 Alex. Weigl’s Unternehmen für Zeitungs-Ausschnitte
2971 343 3183 416 Ausschnitt
2198 353 2857 484 „OBSERYER‘
1900 401 2203 495 Ne105
3015 397 3220 495 Nr. 9
1855 478 3296 537 I. österr. behördl. conc. Bureau für Zeitungsberichte u. Personalnachrichten
2071 539 3078 621 Wien, IX/1, Tünkenstrasse 12.
2250 608 2887 681 Filiale in Budapest: „Figyelö“
1849 673 3287 728 Vertretungen in Berlin, Chicago, Genf, London, Newyork, Paris, Rom, Stockholm.
1849 799 2375 887 Ausschnitt aus:
2573 781 3276 916 Silesia, Teschen
1845 924 2213 1022 vom: X%
2060 979 2413 1088 97107
2013 1183 2159 1255 AHHA
2123 1207 2812 1279 Tyrater und Kunst.
1960 1264 3063 1352 Troppau. 24. October. (Theater.) Zu den geistreichsten
1876 1316 3060 1382 Schriftstellern Wiens gehört unbedingt Arthur Schnitzler, dessen
1872 1369 3051 1414 Drama „Liebelei“ am 22. d. M. nach langer Pause wiede# bei uns
1868 1400 3055 1454 aufgeführt worden ist. Diese bitterernste Tragödie des Leichtsinns mit
1864 1438 3055 1477 dem harmlosen, ein wenig leichtfertig klingenden Titel ist bei uns am
1873 1478 3048 1521 26. September 1896 zum ersten Male gegeben worden. Das Stück
1866 1512 3057 1562 machte damals keinen besondern Eindruck, und es dauerte sehr lange,
1866 1553 3059 1608 bis es wieder auf dem Repertoire erschien. Indes auch bei der gestrigen
1875 1591 3050 1647 Aufführung vermochte es keinen starken Erfolg zu erringen, der Beifall
1868 1627 3054 1685 war weder allgemein noch sonderlich begeistert. Und doch hat das
1863 1663 3051 1718 Stück große Vorzüge. Die meisten der Charaktere sind vortrefflich ge¬
1839 1700 3058 1759 Fschildert, der Dialog ist leicht, an manchen Stellen bedeutend, vor Allem
1857 1755 3050 1799 aber beleuchtet das Drama mit hellem, nicht farbigem Lichte gewisse
3051 1728 3245 1802 inclusive
1863 1775 3045 1827 Verhältnisse der Gesellschaft, an denen eben die Gesellschaft gern mit
3054 1789 3221 1842 Porto.
1871 1814 3230 1880 einem leichten Räuspern, mit einem halben Seitenblick vorübergeht undZahlbar
1867 1860 3248 1930 meint. Verhältnisse, die man ignorirt, seien nicht da. Der geringe Er=im Voraus.
1864 1895 3057 1943 folg des Dramas bei uns mag einerseits wohl in dem Umstande liegen,
1843 1925 3280 2000 daß die Handlung für ein dreiactiges Stück denn doch zu klein ist, tte ist das
1837 1982 3288 2034 findererseits verlangt das Schauspiel eine ganz vorzügliche Darstellung, iteht es den
1876 2010 3159 2067 weil vorzugsweise nicht Handlungen, sondern Stimmungen und Gefühle dern.
1870 2053 3065 2100 zum Ausdrucke zu bringen sind. Nicht alle der Mitwirkenden besaßen
1880 2080 3279 2150 aber jenen hohen Grad künstlerischer Gestaltungskraft, welche dem Stückethaltend dio
1826 2126 3264 2186 Ullelbst bei einem Publicum Erfolg sichern muß, das sich von der Welt, Morgen¬
1832 2156 3269 2223 hin welche uns der Dichter führt, abgestoßen fühlt. Ihrer Aufgabeer Zeitung")
1838 2204 3271 2263 wwurde eigentlich nur Frl. Köchl als „Mitzi Schlager“ vollkommenthschaftliche
1838 2236 3264 2298 Lherecht. Das war der personificirte gutmüthige Leichtsinn, ganz die Diese Mit¬
1840 2279 3057 2322 tüsrille, welche singt, so lange die Sonne scheint, unbekümmert um den
1871 2322 3051 2376 Winter, der einmal kommt.. Sie hat „Verhältnisse“, ja, natürlich stets
1868 2360 3052 2408 eins nach dem andern und davon kommt ihre „unheimliche Fertigkeit
1868 2396 3061 2450 m Du=Sagen“ aber in ihr steckt dabei nicht eine Spur von Berech¬
1859 2436 3036 2498 nung und Gewinnsucht, ganz naive Leichtfertigkeit, sie will sie eben
1863 2470 2858 2519 nur „unterhalten“! Man beobachtete Frl Köchl in der
1864 2511 2819 2561 dieser echten Wiener Volksgestalt mit Vergnügen, sie war kö
1865 2557 2809 2608 verthig dieser Leistung spielte keiner der übrigen Darstelle
1865 2597 2771 2642 Christine) hatte wohl manchen sehr guten Moment.
1864 2619 2796 2674 Gegenstück zu dem Leichtsinn Mitzi Schlagers, ein ernste
1867 2658 2818 2712 das die „Liebelei“ zur heißesten Leidenschaft wird. Das
1870 2704 2819 2744 Gemüth Christinens vermag sich nur einem Manne hin
1871 2738 2825 2795 nit dem Tode des Geliebten ist ihr Leben vernichtet. Di
1869 2779 2918 2836 reilich schwer. Die hochgesteigerte Erregung des leidenschaftlichen
1862 2818 2983 2868 hens darzustellen, dieses übermächtige Fühlen, das sie bewegt, zu v
1866 2855 3034 2902 inschaulichen, den furchtbaren Affect der Verzweiflung bei der Nachricht
1868 2902 3045 2953 om Tode des Geliebten auszudrücken, der für eine Andere hat sterben
1853 2934 3053 2990 nüssen: dazu gehört freilich ein sehr großes Können, so groß, daß es
1863 2974 3049 3021 ie junge Schauspielerin jetzt noch nicht besitzen kann. So ist's kein
1859 3005 3050 3055 Bunder, daß das Spiel nicht durchaus einheitlich erschien. Vor Allem
1859 3043 3049 3102 nuß Frl. Helm auch Sprachstudien treiben. Niemals darf die Sprache
1865 3086 3040 3141 jesucht erscheinen, niemals darf sie, selbst im höchsten Affect, grell und
1854 3132 3036 3175 pröde klingen und auch „der Schrei“ muß sorgfältig geübt werden;
1864 3166 3039 3205 venn der Schrei zum lauten Kreischen wird, balancirt die Darstellerin
1863 3197 3050 3240 tets auf der haarscharfen Grenze zwischen dem Erhabenen und dem
1862 3242 3051 3299 Lächerlichen. Keinen sehr glücklichen Abend hatte Herr Valberg als
1862 3277 3049 3323 Fritz Lobheimer. Er behandelte diese Stimmungsrolle passiver, als
1862 3323 3050 3369 iöthig gewesen wäre, man kam nicht einmal zur Antheilnahme an dem
1866 3354 3050 3398 ungen, so muthwillig verspielten Menschenleben, sondern man ärgerte
1858 3385 3042 3428 ich nur über die unselige laxe Moral der „jungen Leute“, von denen
1859 3437 3044 3486 ben auch Fritz Lobheimer einer ist, eine Moral, die immer Unheil und
1863 3469 3042 3532 elend im Gefolge hat. Recht gut gefiel uns Herr Felix als der
1863 3509 3048 3561 Vernunftmensch" Theodor Kaiser. Sein anspruchsloses Spiel, seine
1855 3547 3043 3594 ngekünstelte Sprechweise machten einen sehr günstigen Eindruck. Das
1872 3587 2551 3645 heater war wie immer sehr gut besucht.
1981 3650 3051 3725 Teschen. 25. October. (Theater.) Der Beifall, den W. Mey¬
1878 3672 3056 3764 Försters „Alt=Heidelberg“, Schauspiel aus der Studentenzeit, über
1884 3716 3056 3812 und gestern auch auf unserer Bühne gefunden, ist nicht so sehr ein C
1883 3761 3056 3847 folg des dichterischen Könnens des Verfassers, er wird vielmehr herve
1877 3807 3078 3883 gerufen durch den Schauplatz, auf welchem sich das Stück abspielt, durch
1885 3839 3075 3923 Alt=Heidelberg und dessen eigene Poesie. Bei dem bloßen Klange dieses
1880 3879 3079 3972 Namens zieht poctische Stimmung ein in die Seele, die bald wehmüthig
1879 3919 3073 4005 darnach frägt, wohin die alte Burschenherrlichkeit entschwunden, bald
1876 3940 3077 4054 wieder in die übermüthige Jugendlust einstimmt, die das Lebenselement
1879 3987 3070 4076 des deutschen Studenten ist. Im Mittelpunkt der Handlung steht der
1871 4039 3066 4107 Erbprinz Karl Heinrich, eine Waise, der in der strengsten Hofetiquette
1877 4070 3069 4150 erzogen, auf ein Jahr an die Universität Heidelberg geschickt wird. Das
1875 4104 2499 4161 flotte, frische, ungebundene, von S#¬
