3484 4256
496 170 746 250 Liebe
337 179 1471 291 5. MSei box 12/7
616 743 948 830 —.— — —
994 817 1311 914 2-MR2 19 78
705 881 1316 1000 Deuusches Volk-binn.
927 954 1107 1046 Wien
396 1072 1508 1190 (Sheater, Kunst und Literatur.
500 1168 1541 1234 Hofburgtheater. Der gestrige Abend brachte Alexander
411 1223 1558 1286 Girardis zweite Antrittsrolle in der neu einstudierten
415 1270 1547 1328 „Liebelei“ von Scchi#ler, Das Hauptinteresse
402 1310 1536 1380 lenkte sich selbstvernändlich auf Girardi in der Rolle des
407 1357 1540 1433 alten Masikers Weiring. Wer seinen Weigl in „Mein
420 1395 1546 1457 Leopold“ kennt, wußte im vorhinein, daß er mit dem
418 1448 1544 1522 Weiring ein würdiges Seitenstück zu ersterer Figur bieten
412 1495 1537 1550 werde, und dies war denn auch der Fall. Er zeichnete die
413 1518 1545 1595 Gestalt des braven alten Wiener Musikers, der für seine
427 1569 1548 1630 Schwester alles gelan hat und sein Kind innig liebt, mit
412 1616 1545 1687 der ihm eigenen köstlichen Schlichtheit, die weit ab von
412 1661 1546 1724 aller Theate pielerei liegt und ihn deshalb auf die Sonnen¬
436 1709 1542 1778 hö der Künstlerschaft erhebt. Jedes Wort war da von
415 1747 1531 1824 ##ese durchdrungen, jeder Ton ließ Herzens chlag
403 1792 1548 1877 Gapren. Es war eine prächtige Leintung, die den schon
418 1822 1545 1906 bei offener Szeue gespendeten Beifall vollauf verdient hat.
423 1886 1535 1952 Stät ist Girardi an die erste deutiche Bühne gekommen,
422 1924 1547 1983 an der er schon längst hätte sein sollen, freuen wir uns
421 1971 1531 2031 aber, ihn endlich dort zu haben. Neu waren in der Be¬
426 2012 1542 2099 rletzung des Schauspieles noch Fräulein Kutschera
384 2057 1539 2140 (Schlager Mizzi) und die Herien Gerasch (Lobheimer)
392 2103 1557 2193 Lund Lackner (Kaiser). Fräulein Kutschera, schon
426 2150 1548 2214 durh ihre zierliche Ercheinung für das süße Mädel ge¬
425 2179 1534 2263 schaffen, spielte die Rolle mit sprudelnder Munterkeit und
424 2243 1543 2307 plauichte dos mit Hochdeutich vermengte Wienerische,
416 2279 1544 2354 wie es sich für ein Wiener Schnäbelchen geziemt
416 2323 1543 2379 Herr Gerasch war ein fescher Don Juan der Gegen¬
426 2354 1545 2435 wrt, stolzierte jedoch manchesmal zu sehr auf dem Kothurn
421 2411 1557 2475 des Heidendarst llers einher. Her Lackner gab dem
418 2456 1548 2515 Freunde vurichikoe Zuge und flotte Spielweise. Ausge¬
431 2499 1556 2572 zeichnetes, wie schon in den früheren Aufführungen des
428 2538 1554 2606 Stückes, leistete wieder Frau Medelsky als Christine.
441 2590 1556 2658 Ihr Schmeizensausbruch ist höchste Lebenswahrheit. Frau
426 2628 1554 2712 Walbeck und Herr Devrient hatten ihre Rollen
426 2670 1541 2738 von früher inne und boten Vorzügliches. Den Abend be¬
425 2705 1551 2797 schloß der Einakter „Literatur“ aus der gleichen
428 2764 1559 2840 Autorenfeder. Die breitspurige Geistreicherei wurde von
425 2830 1557 2891 Fräulein Marberg und den Herien Treßler und
434 2853 1549 2917 Heine glänzend gespeelt. Das ausberkaufte Haus ver¬
436 2902 1555 2958 einte in seinen Räumen die herv#rragendste Gesellschaft
438 2940 1563 3024 Wiens. In der Hofloge wehnte Erzherzog Max mit Ge¬
1318 2985 1523 3046 Sch—r.
430 2995 974 3077 matlin der Vorstellung bei.
2303 501 2606 610 2 552 13 /8
2566 539 2999 700 Wee Hurid Ve
2429 641 2605 735 KrUs
1940 726 3193 846 (Burgtheater.) Axtur Schnitzlers „Liebelei“ ist nun
1915 805 3182 872 bald fünfundzwanzig Jahre alt. Aber die Melodie dieses Spiels
1915 862 3193 930 tönt in ihrem süßen, melancholischen Klang so schön und rein wie
1923 907 3194 975 am ersten Tag; ist jung geblieben über die Zeit hinaus wie ein
1920 958 3194 1016 Volkslied, ist so ganz wienerisch in der Anmut, in der Gemüts¬
1914 1011 3190 1058 tiefe, in der Tändelei zwischen Tragik und Heiterkeit. Das
1915 1054 3195 1115 Schickfal der armen Christine, die an ihrer Liebe verblutet, greift
1915 1111 3190 1174 immer von neuem ans Herz, und die blitzenden Funken, die über
1914 1156 3195 1216 die kleinen Menschlichkeiten all jener huschen, die mit
1931 1183 3195 1269 dem Leben und Erleben dieser empfindsamen Weiblichkeit
1932 1261 3181 1313 verknüpft sind, haben noch nichts an Leuchtkraft ein¬
1934 1306 3191 1359 gebüßt. Girardi ist jetzt der al. Violinspieler Weyring,
1935 1343 3201 1406 der gütige und durch schmerzliche Erkenutnis zur Glücksbejahung
1929 1393 3199 1453 gereifte Vater des kleinen süßen Mädels. Da hat er wiederum
1929 1443 3204 1510 seinen einfachen, in der Schlichtheit doppelt stark packenden
1928 1487 3122 1542 Herzenston. Wenn er aus der inneren Traurigkeit heraus,
1930 1539 3210 1583 klug und erfahren, zu seinem in Seelenangst bebenden und um
1924 1581 3202 1655 ein stilles Liebesglück betrogenen Mädel spricht, und nur ein
1919 1635 3214 1693 wehes Lächeln für jene armseligen Begriffe von äußerem Schein¬
1937 1675 3201 1740 im Ausleben findet, gewinnt sein Wort tiefste weisheitsvollste
1940 1722 3204 1790 Bedeutung. Blos zuweilen schraubt er den Ton merkwürdig
1933 1774 3211 1848 pathetisch. Aber die Figur hat dennoch Plastik; der Mensch
1934 1823 3197 1883 Weyring bekommt lebendigsten Atem. Eine andere Neubesetzung im
1941 1870 3198 1916 Schauspiel ist der Fritz des Herrn Gerasch. Der melancholische
1937 1905 3204 1993 jungwienerische Lebensgenießer bekommt bei ihm einen stark öligen
1925 1966 3199 2025 Beigeschmack; es ist mehr ein gezierter Komödienheld von Suder¬
1938 2012 3195 2081 mann als von Schnitzler. Die unbekümmerte Lustigkeit und
1936 2043 3209 2135 Frivolität des Theodor ist bei Herrn Lackner in sicheren
1938 2108 3195 2158 schauspielerischen Händen; er spielt die Rolle auf Wirkung hin.
1936 2153 3211 2222 Fräulein Kutschera gibt als Schlager=Mizzi mit angenehmem
1931 2196 3209 2278 Vorstadthumor das leichtherzige Gegenstück Christinens und man glaubt
1940 2253 3200 2315 ihr die naive bewußte Wurstigkeit, mit der sie ihr
2872 2297 3205 2375 macht. Frau
1942 2303 2865 2373 Liebeln dem Augenblick allein dienstbar
1943 2364 3215 2414 Medelsky ist, wie früher, die Christine; schon ein bißchen
1938 2379 3212 2466 dem süßen Mädel entwachsen, schon ein bischen zu tränenfeucht,
1930 2444 3212 2527 aber ihre Innigkeit blüht wundervoll, und die dramatische Kraft,
1933 2496 3206 2551 die sie im letzten Akt entfaltet, gibt den stärksten und nachhaltigsten
1944 2544 3215 2603 Eindruck. So rundet sich durch sie das Spiel dieser Schnitzlerschen
1951 2589 3211 2674 „Liebelei“ zu neuem Erfolg. Dem Schauspiel folgte der Akt „Literatur“,
1931 2634 3214 2704 diese witzige Bosheit auf ästhetisches Gigerltum und Sportgehirne.
1945 2689 3218 2761 Situation und Wort trugen in der charakteristischen Darstellung
1942 2731 3217 2803 durch Fräulein Marberg und die Herren Treßler und
1944 2787 3038 2872 Heine die alte Heiterkeit in den Zuschauerraum. —
2082 2849 3235 2923 * Die Spielpläne der Hoftheater für die kommende
1948 2896 3216 2969 Woche wurden wie folgt festgesetzt: Burgtheater: Sonn¬
1943 2950 3216 3004 tag: Nachmittags „Die verlorene Tochter", abends „Frau
1941 2988 3214 3072 Suitner"; Montag: „Könige"; Dienstag: „Die versunkene Glocke“
1948 3036 3183 3098 Mittwoch: „Der Bauer als Millionär“: Donnerstag: „Clavigo“
1947 3094 3206 3165 Freitag: „Die Braut von Messina“; Samstag: „Was ihr wollt";
1956 3143 3226 3203 Sonntag: „Liebelei", „Literatur“. — Hofoper: Sonntag:
1954 3185 3214 3254 „Violanta, Faun und Nymphe", „Die Puppenfee“: Montag:
1958 3237 3210 3305 Der Barbier von Sevilla“; Dienstag: Elektra“: Mittwoch:
1947 3270 3223 3336 „Jenufa“; Donnerstag: „Coppelia“, „Die Prinzessin von
1942 3336 3214 3392 Tragant", „Klein Idas Blumen“; Freitag: „Der Rosenkavalier“:
1954 3378 3212 3440 Samstag: „Die Königin von Saba“; Sonntag (nachmittags
1934 3427 3223 3500 2 Uhr) Matinee: Die Schulreiterin", „Konzert“, zum erstenmal
1921 3463 2821 3566 „Irrlichter“, abends 7 Uhr: „Don Junn X
