3436 4256
791 205 1250 304 box 13/5
258 220 552 299 Liebel
252 225 798 348 S1
374 790 879 913 „UBSEROR
576 866 959 961 Vollzeile Nr.:
740 932 908 1015 9-42
389 1003 635 1096 Grazer
919 855 1145 1112 9
247 1067 837 1206 ABENDAUSGABL
252 1162 1156 1284 * Oskar Straus dirigiertim Rundfunk.
206 1231 1157 1313 Heute (Freitag) findet unter dem Titel „Oskar
214 1275 1141 1355 Straus dirigiert“ ein Rundfunkkonzert unter der
216 1320 1159 1400 Leitung des Operettenkomponisten statt. Die Haupf¬
211 1354 1158 1443 nummer des Konzertes ist die Erstaufführung des
228 1395 1166 1488 neuesten Werkes von Oskür Straus: Die Ouver¬
234 1452 614 1542 türe zu „Liedelei“
281 1989 1158 2101 „OBSERVER
364 2069 1077 2144 I. österr. behördl. konzessioniertes
362 2127 1120 2200 Internehmen für Zeitungs-Ausschnitte
420 2174 1042 2275 WIEN, I., WOLLZELLE 11
475 2236 983 2294 TELEPHON R-23-0-43
305 2363 708 2456 Ausschnitt aus:
514 2420 1135 2577 Renes Wiener lanrnel. Wier
306 2572 475 2681 vand
565 2567 1022 2710 49 DF7 734
171 2770 1367 2904 Die Erben Artur Schnitzlers gegen den
348 2858 1170 2960 Titel der=Shöfer=Operette.
231 2905 1379 3052 In der Volksoper findet bekanntlich Sonntag den
146 2979 1382 3102 3. d. M. die Uraufführung der neuen Operette von Edmund
171 3019 1387 3134 Eysler „Die erste Liebelei“, Textbuch von Gustad Beer
162 3079 1389 3197 sund Hans Kottow, statt. Die Erben nach Artur Schnitzler haben
159 3120 1389 3220 Inun durch ihren Rechtsanwalt Dr. Norbert Hoffmann sowohl
165 3173 1387 3272 bei der Volksoper als bei den Autoren Protest dagegen ein¬
170 3213 1394 3333 gelegt, daß in dem Titel der neuen Eysler=Opereite das Wort
169 3265 1400 3374 „Liebelei“ vorkommt, das an das Schauspiel Artur Schnitzlers
169 3315 1391 3412 erinnert. Sie haben auch gerichtliche Schritte für den Fall an¬
172 3343 1389 3463 gekündigt, daß der erwähnte Titel nicht geändert werden sollte.
169 3388 1393 3510 Nach langen Konferenzen, die im Laufe des gestrigen Tages
181 3444 1399 3558 stattgefunden haben, wurde nun eine Einigung dahin erzielt,
176 3494 1399 3595 daß der Titel der neuen Operette nun endgültig „Das ist
176 3561 913 3684 die erste Liebelei ..“ lautet.
1335 913 2193 1016 CASINOS IN OSTERREICH
1416 995 2098 1062 BadenSalzburgSemmering
1330 1039 2201 1110 Roulette — Baccara — Chemin de fer
1332 1108 2193 1180 Osterreichische Casino A. G.
1324 1148 2197 1206 Wien ill, Schwarzenbergplatz 5a
1340 1270 1827 1361 „OBSERVER“
1570 1337 2185 1392 I. österr. behördlich konzessioniertes
1565 1379 2197 1449 Unternehmen für Zeitungs-Ausschnitte
1556 1415 2190 1463 Wien I, Wollzeile 11, Telephon R-23-0-43
2224 1498 2612 1613 sonders an einer
2299 1569 3038 1684 Wil ter Premiere der „Liebelei“,
1325 1573 2128 1706 Ausschnitt auDie Fiedermaus, Wien
2228 1652 3125 1738 denn hier gilt es, manches Vorurteil zu
1651 1678 1956 1780 — 3. AUG.
2232 1717 3110 1786 zerstreuen und meine unbedingte sozusagen
2229 1767 3121 1834 praktische Ehrfurcht vor Arthur.
1349 1806 1497 1875 vom:
2626 1810 3110 1881 erk und Gedächt
2235 1834 3137 1933 „W#### Ich habe es versucht, die
1385 1847 1958 1970 #40 dte
2236 1911 3109 1975 Zauberwelt des Schnitzlerschen Wien und
1441 1918 2221 2027 aung Ak## VMe
2233 1960 3110 2021 der Schnitzlerschen Liebe in Tönen wieder¬
2238 2012 3115 2066 zugeben, so zart, so traurig und so demuts¬
1392 2009 2223 2087 Wien? Ich wäre sehr glücklich, wieder
2227 2055 3122 2135 voll ausgelassen, wie das Lächeln, das die
1345 2063 2224 2124 für Wien arbeiten zu können und im
2241 2113 3114 2166 Mädchenantlitze dieses Dichters umspielt.
1354 2109 2218 2178 Laufe der nächsten Spielzeit wird aller
2237 2156 3105 2212 Ich habe dieses Werk für Wien geschrieben
1358 2170 2227 2219 Voraussicht nach gewiß eine oder die an¬
2236 2201 3110 2265 und möchte das Geschenk dieser Liebe un¬
1354 2207 2229 2283 dere meiner jüngsten Arbeiten in Wien
1346 2248 2989 2315 aufgeführt werden. Natürlich läge mir be¬ gern auf die Dauer verwaist sehen.
