3436 4256
165 157 1057 207 nicht die Uraufführung darstellen wird, son¬
169 194 1050 254 dern das Werk wird noch vorher in Paris
164 240 976 290 herauskommen. — Oscar Straus sagt:
211 281 1051 336 „Ich muß betonen: die neue „Liebelei
169 326 1054 383 wurde natürlich keine Operette, wie man
176 368 1054 426 hie und da lesen konnte. Das Wesen der
178 418 1062 471 Operette — ja allein das Wort „Operette“
179 444 1064 517 würde deri Werk Schnitzlers ins Gesicht
174 498 1061 554 schlagen. Wir haben jetzt vielmehr ein
174 529 1064 595 Wiener Stück mit Musik“ vor uns — und
190 599 223 639 S
246 583 1066 634 wenig, wie diese Musik etwas mit
181 627 1068 675 Operette zu tun hat, so weit ist sie auch
183 677 1064 720 von der Oper entfernt. Ich gab dem Stück
184 714 1061 763 und seinen Figuren und seiner Atmosphäre
183 765 1078 811 viel untermalende Musik, Fritz und
184 811 1062 850 Christine vertreten — mit einigen Liedern
237 843 1067 900 das lyrische Moment, Theodor und Mizzi
187 887 1075 934 das heiter-komische, aber auch das nicht in
177 943 1070 984 operettenmäßiger Manier, sondern eher im
182 971 1075 1021 Stil der volkstümlich-komischen Oper. Im
189 1019 1069 1075 allgemeinen entspringt die Musik der je¬
191 1071 1076 1115 weiligen, szenischen Stimmung, die von mir
184 1105 1077 1161 musikalisch am ausgiebigsten in einem
185 1148 1071 1202 Heurigenbild verwertet wird. Natürlich: ein
187 1201 1079 1250 Heurigenbild kommt in der Schnitzlerschen
830 1233 1076 1285 das Stück
185 1238 732 1293 Originalfassung nicht vor
184 1286 1063 1326 mußte selbstverständlich, um mehr Musizier¬
179 1331 1073 1375 gelegenheiten zu bieten, umgearbeitet wer¬
188 1368 1085 1422 den. So zerfällt es jetzt nicht mehr in drei
189 1414 1087 1464 Akte, sondern in sieben Bilder, und die
188 1455 1084 1501 erste Szene der Prosafassung entwickelt
196 1495 1080 1545 sich jetzt erst im vierten Bild. Das erste
195 1530 1082 1596 wird nun auf dem Freudenauer Rennplatz
200 1577 1089 1630 spielen, wo man bereits etwas von dem
203 1629 1073 1676 Verhältnis des Fritz zur Frau Clarisse er¬
203 1667 1082 1721 fährt; das zweite spielt beim alten Weiring,
198 1714 1081 1761 das dritte beim Heurigen, wo die Liebschaft
201 1751 1090 1802 zwischen Fritz und Christine endgültige
490 1800 552 1828 R
196 1796 1093 1859 Besieglung erla# #t, das vierte Bild spielt in
196 1843 1085 1893 der Wohnung des Fritz, das fünfte bei
206 1882 1086 1941 Christine, das sechste in einem Nachtlokal
199 1939 1092 1993 vor dem Duell, das siebente wieder beim
201 1971 1093 2032 alten Weiring — aber das Stück nimmt
205 2014 1090 2067 nicht den tragischen Ausgang wie in der
204 2059 1090 2116 Originalfassung, sondern Fritz wurde nur
208 2102 1092 2150 verwundet und es bleibt die Möglichkeit
212 2145 1041 2192 offen, daß er zu Christine zurückfindet.
227 2185 1083 2252 Da natürlich der Walzer am meisten dem
213 2242 1092 2291 Stil des Werkes entspricht, wird es vom
208 2276 1084 2326 ersten bis zum siebenten Bild von vielen
216 2317 1102 2379 Walzermotiven begleitét sein, die bereits
199 2362 1100 2428 in der Ouvertüre gesammelt erklingen. Im
201 2418 1089 2475 übrigen habe ich das Gefühl, im Sinne
209 2451 1105 2515 Schnitzlerg komponiert zu haben —: ich
208 2489 1105 2541 hatte ja noch zu Lebzeiten des Dichters
212 2533 1106 2596 Gelegenheit, mit ihm über die Möglichkeit
209 2563 1105 2657 einer Musikfassung von „Liebelei“ zu be¬
213 2615 1103 2671 raten. Es ist vielleicht auch bekannt, daß
211 2668 1112 2716 ich schon einmal ein Schnitzler-Werk in
217 2709 1092 2771 Musik faßte: den „Tapferen Kassian“, ur¬
220 2756 1095 2807 ursprünglich ein Puppenspiel, das als Sing¬
218 2793 1103 2847 spiel bearbeitet und auch von Weingartner
219 2828 1105 2895 für die Oper angenommen wurde; es fand
219 2886 1097 2937 aber schließlich nur eine „Concordia“-Auf¬
224 2930 1104 2984 führung statt, da man doch nicht das Werk
229 2980 1114 3016 eines Operettenkomponisten in der Oper
224 3016 1115 3064 herausbringen wollte. — Schließlich möchte
234 3051 1117 3103 ich noch betonen, daß „Liebelei“ keinen
224 3089 1117 3148 anderen Titel erhalten, sondern auch ir ge¬
235 3150 1109 3200 samten Ausland als „Liebelei“ nerauskom¬
229 3189 1117 3234 men wird, ist doch das Wort „Liebelei“ ein
217 3228 1123 3278 Begriff, der schon sowohl im französischen
241 3279 1117 3336 wie auch im englischen Sprachsatz heimisch
239 3315 405 3365 wurde.
257 3335 1114 3412 Im Raimund-Theater wird eine Neuent¬
241 3397 1126 3447 deckung die Christine darstellen, Lotte
235 3445 1115 3497 Lang die Mizzi, Wolfgang Lieben¬
224 3484 1120 3535 einer den Fritz, Attila Hörbiger den
236 3528 1123 3585 Theodor und Ludwig Stößel den Weiring.
259 3573 1115 3636 Im übrigen habe ich auch eine ganz
245 3605 1119 3664 wienerische Operette fertiggestellt, deren
238 3655 1133 3705 Libretto — nach Verneuil — von Alfred
233 3694 1114 3752 Grünwald hergestellt wurde; sie be¬
237 3743 1131 3793 titelt sich „Walzerparadies“ und wird
249 3788 1136 3837 ebenfallg noch in dieser Saison in Wien
247 3836 1132 3886 herauskommen. Im Augenblick führe ich
245 3870 1126 3928 hier bezüglich der Wiener Aufführung dieser
251 3912 1137 3971 Operette Verhandlungen — anschließend
252 3956 1129 4015 daran habe ich in Athen, Brüssel,
247 4013 1130 4054 Amsterdam und im New Yorker
993 4036 1119 4122 m.
246 4047 889 4102 Radio Konzerte zu dirigieren.“
2152 190 2598 282 box 1375
1651 194 2024 269 Liebelei
1458 197 2104 318 5. J—
2032 1681 2528 1787 1 20KT. 1934
2007 1817 2387 1949 Das Echo.
2376 1960 2449 2060 550
1929 2037 2655 2131 Im Kopenhagene: Ny Testen
1873 2104 2730 2192 fand dieser Tage die europäische Un
1873 2135 2726 2245 premiere von Oskar Straus' Operette
1883 2191 2718 2299 „Schwärmerei“ (im Dänischen „Spaer¬
1868 2241 2722 2343 meri“) nach Schnitzlers „Liebelei“ statt.
1927 2294 2715 2389 Der Rezensent deBerlingske Tiden¬
1879 2333 2721 2436 de“ sagt, daß es an einigen Stellen gute
1888 2393 2729 2488 Musik gebe, die aler mehr in eine Oper
1884 2419 2747 2538 als in eine Operette passe. Daraus könnte
1899 2488 2748 2588 man schließen, daß „Liebelei“ eigentlich #
1893 2559 2301 2625 ein Opernsujet sei.
