3484 4320
412 225 799 306 Liebelei
246 215 1410 349 5. MeeSeI box 11/3
666 1328 3043 1396 lung kaum über das Niveau der Tageschronik sich er= Achtung vor ihrer Opferfreude, so is das ein dramatisches
172 1342 329 1448 bu.
1848 1379 3051 1449 Motiv von unerschöpflicher Schlagkraft. Bei Schnitzler
669 1371 1861 1449 hebenden Geschichte lernt man Schnitzlers Besonderheiten,
673 1425 1850 1512 die Vorzüge sednes Talents: Menschen zu schildern,
1850 1413 3050 1493 gewinnt es an sozialem Wert, weil ein Künstler, der das
677 1473 1301 1556 vielleicht am besten kennen.
158 1457 319 1549 ter.
1853 1473 3053 1536 Leben wie ein Anatom, bis auf die Knochen studiert
752 1512 1848 1590 Der Macher, der etwas ausklügelt und mit techni¬
1849 1518 3048 1581 hat, neben das schlichte Drama des Mädchens aus dem
172 1517 445 1613 iebelei“.)
664 1571 1860 1620 scher Fertigkeit aufs Theater bringt, wird dem Durch¬
1851 1564 3050 1645 Volke die kleinen Vergnügungen der intelligenten Klasse
164 1580 417 1650 Rothauser.
670 1618 1859 1682 schnittspublikum gewiß imponieren und Beifall abge¬
1855 1624 3051 1692 hinstellt. Diese witzigen, liebenswürdigen, rücksichtslosen
162 1615 666 1707 oundsoviel Jahren hat
669 1665 1857 1732 winnen. Das Ausgefallene und Verdrehte wird die Leute
1848 1666 3044 1732 Plaisiers, hinter denen, wie ja auch hier, finstere Schick¬
182 1691 671 1747 die Bekanntschaft des
676 1718 1854 1778 verblüffen, sie zur Bewunderung zwingen. Allein bis
1855 1719 3058 1793 salsdramen lungern. Und prächtige Gesellschaftsschilderung
175 1733 665 1801 sten Schriftstellers von
674 1774 1855 1838 zu dem Punkte in unserem inneren Menschen, wo die
1851 1771 3050 1838 liegt teils in den Dingen, die man in „Liebelei“ zu
163 1779 660 1854 auch sagen: Neudeutsch¬
668 1800 1853 1886 zarten und tiefen Empfindungen ihren Sitz haben,
1856 1820 3055 1888 sehen bekommt, teils in dem unsichtbaren, aber dennoch
168 1833 665 1907 en den Unterschied der
1853 1869 3041 1933 vor unserem geistigen Auge erscheinenden Hintergrund.
181 1888 1849 1937 könnten. Aber Nord dringt die äußerliche Kunst eines gewandten Taschen¬
1845 1903 3048 1989 Wie alles in dieser einseitigen Gesellschaft nach Erotik
172 1918 1857 1981 In der Absicht, rebellisch spielers nicht vor. Das ist den Dichtern vorbehalten.
1856 1948 3059 2029 hindrängt: Wie alles dem Augenblick möglichst viel
161 1961 1861 2024 kihrung des Vorhabens Den wirklichen und auserwählten, die begabt sind mit
666 2017 1861 2084 der Fähigkeit, dürres Holz zum Sprießen zu bringen
1849 2010 3045 2086 Genuß abringen will und nur bei dem Auftauchen
171 2022 678 2093 enheiten zutage. Und
672 2063 1860 2122 und harten Alltagsmenschen Träuen in die Augen zu
1855 2062 3054 2119 irgend eines finsteren Mahners daran denkt, daß die
187 2070 677 2148 i die Wiener in Berlin
667 2106 1852 2168 zaubern. Arthur Schnitzler ist solch ein Dichter. Er er¬
1852 2110 3062 2196 Sache des Preises nicht wert sei, der schließlich dafür zu
166 2110 681 2191 orddeutschen in Wien.
667 2168 1863 2231 sinnt, erklügelt sich seine Stoffe nicht. Er nimmt sie.
1843 2159 2287 2239 bezahlen sein wird!
183 2171 677 2228 Bahr haben auf den
668 2202 1863 2267 Von der Straße, aus irgend einem Winkel des Nachbar¬
1934 2212 3055 2280 In diesem scheinbar so unansehnlichen Stückchen ist
164 2213 686 2295 worben. Sie holen sich
185 2266 1845 2326 i Erfolge aus Deutsch= hauses. Sie sind für jeden anderen unbrauchbar, wertlos,
1840 2258 3050 2339 die ganze Kunst des modernen Dramas niedergelegt.
172 2322 1850 2390 kal die Erfindung, die abgegriffen, zu nichts Besserem gut, als wieder weg¬
1848 2306 3043 2377 Eine Kunst, die beobachtet, wahrnimmt, gestaltet, für
671 2344 1175 2435 geworfen zu werden.
1853 2356 3049 2420 alte Dinge neue Formen findet, vor allem aber die
171 2361 675 2436 Seite der beiden Stil¬
739 2377 1861 2465 Was fängt man in unserer sensationshungrigen Welt
1854 2409 3049 2483 Empfindungslaute, wenn möglich, sordiniert. Dämpfer
165 2414 669 2483 eute dort oben bestach,
666 2452 1858 2530 mit einem Musikantentöchterlein, einer Putzmacherin und
1850 2449 3049 2514 sind natürlich nicht überall aufzusetzen. Wenn Christine
169 2465 672 2533 ie selber nicht besaßen:
678 2512 1862 2572 zwei Lebejünglingen an? Das ist doch kein Bauholz für
1857 2515 3045 2578 Weiring im dritten Akte des Dramas erfährt, daß ihr
170 2520 681 2583 st. Bei Schnitzler findet
672 2552 1861 2619 ein Drama mehr. In die Ecke damit! Und wenn die
1854 2554 3039 2621 Fritz im Duell gefallen sei, der Mann, dem sie alles
176 2562 666 2633 armonie vereint, durch
670 2598 1866 2671 Nacht kommt, geht eine Poetenseele durchs Zimmer und
1854 2603 3054 2675 gegeben, für eine andere Frau, mit der ihn Leidenschaft
183 2607 677 2674 aus Leben im Werte
678 2648 1853 2715 holt sich die abgenützten Figuren und gibt ihnen Glanz,
1852 2651 3037 2708 verbunden, — da ist natürlich das Säuseln und Mur¬
181 2664 682 2726 Direktor des National¬
680 2681 1861 2767 Farbe, Leben. Und sie erheben sich, spielen uns ihr
1854 2694 3042 2762 meln nicht vorgeschrieben. Und Schnitzler ist ja über¬
180 2716 673 2775 eigenen modernen Ge¬
669 2746 1868 2820 Dasein vor, ihre kleinen Freuden und ihre großen Leiden
1852 2752 3051 2820 haupt nicht der Mann, irgend einer aus dem Innersten
187 2760 674 2828 der Jahre nur wenig
672 2803 1868 2863 und ihre Gestalten stehen mit einem Male mitten drinn
1852 2800 3041 2873 hervorbrechenden Empfindung den freien Lauf zu
211 2805 676 2879 der glänzenden Kar¬
675 2847 1856 2905 in einer jener Tragödien, die ewig sind wie die Mensch¬
1863 2849 3048 2916 hemmen. Schon der Mediziner in ihm würde sich
169 2857 673 2924 lerdings nur mehr eine
674 2899 1866 2963 heit selbst. In der Tragödie, die aus dem Spiel mit
1865 2889 3036 2971 sträuben, Dinge, die heraus müssen, zu unterdrücken.
181 2904 678 2975 Talent längst vorbei¬
1852 2940 3047 3004 Aber er hat die Art des echten Künstlers, den richtigen
665 2944 1857 3009 ernsten Empfindungen wächst. Wenn die Liebe zu der
176 2952 680 3028 omplizierteren Aufgaben
1860 2996 3045 3064 Ausdruck für alles, das er an den Mann bringen will,
670 2991 1866 3065 grausamen Enttäuschung erwacht, daß sie statt gleich
175 3005 665 3069 istit des Dichters ge¬
1849 3040 3044 3118 zu finden. Welche edle Milde des modernen Denkers und
178 3028 1867 3107 Mängel der „Liebelei“. ehrlichem Gefühl nur frivoler Liebelei begegnet sei und
176 3098 3046 3187 nlichen, in der Erzäh= für ihr Alles Richts empfangen habe, nicht einmal die Psychologen spricht doch aus dem alten Weiring, wenn
951 3181 1162 3276 7.—
375 3171 521 3333 „X
1506 3228 1825 3338 +
2127 3293 2481 3410 P
1783 3217 2003 3430 2
461 3330 534 3470 7
