3248 4320
439 176 805 258 Liebelei
942 177 1392 281 box 10/1
245 176 962 306 5. LieSELET
2857 1178 3263 1267 5 1. Anderen vor
278 1204 678 1298 er ist seit der ##
1390 1251 3265 1313 erung auf Schritt #e nopmsoneshemmenden Was sonst das Grab oder wenigstens ein gewaltige¬
281 1254 876 1346 und verweht — auf immer.
1249 1256 3257 1361 Schranken in Form von Gesetzen vegegnet, die selbst Hinderniß jeder Bewegung ist, das gereichte der ge
314 1324 3263 1396 Man glaubt beinahe das berühmte Pianissimo des erst reformirt werden müssen, ehe das politische sellschaftlichen Reinigung des Deutschthums vor
279 1374 3265 1444 größten Wiener Gesangvereines zu hören, so zart Ziel: Einschränkung des jüdischen Einflusses auf jüdischen Bestandtheilen zum Vortheile: unter den
266 1432 3255 1495 gedämpft, so traumhaft süß verklingt die Melodei, allen Gebieten des öffentlichen Lebens, in erreichbare Schutze des Todtgeschwiegenseins vollzog sich die Iso
283 1473 3265 1532 mit welcher der Verein beschwichtigendes Oel auf die Nähe treten kann. Derlei Gesetze hat die latente, in lirung des Judenthums im Vereinsleben so siche
1314 1576 2307 1649 „Rechte der Seele“, so betitelt sich Giacosa's ein¬
2300 1582 3263 1663 Wie aber steht es bei dem „Veristen“ Giacosa mit de
611 1574 988 1678 Burgtheater.
2273 1624 2997 1691 Wahrheit? — Laßt uns einmal prüfen!
1270 1619 2285 1689 aktiges Schauspiel, das Otto Eisenschitz mit der Pünkt¬
262 1642 1295 1727 „Rechte der Seele“, Schauspiel in einem Akt von
1271 1664 2289 1723 lichkeit eines ehrlich begeisterten Zwischenhändlers dem
2315 1659 3264 1740 Die Frau eines philosophirenden, im praktischen Leben
1288 1718 2288 1781 Burgtheater übermittelt hatte. Rechte der Seele! Für¬
275 1711 1290 1777 Giuseppe Giacosa. Deutsch von Otto Eisenschitz.
2273 1699 3255 1790 aber recht kurzsichtigen Mannes hat die Liebe seine
274 1772 1285 1846 „Liebelei“, Schauspiel in drei Akten von Arthur
1278 1769 2281 1823 wahr kein übler Titel für eine psychologische Schnurre,
2274 1774 3260 1836 Freundes und Vetters Ludwig im Bewußtsein ihrer Pflich
646 1810 946 1878 Schnitzler.
1264 1808 2290 1875 die an der Hand eines platonischen Ehebruches die
2272 1823 3257 1878 zurückgewiesen. Darüber erschießt sich der „überspannte
316 1857 2283 1925 Giacosa, der Moderne von Turin, und Schnitzler, Rechte der Frau, das Innerste ihres Herzens für sich zu
2272 1872 3265 1932 Freund des „dreieckigen Verhältnisses“. In seinem Nach
263 1908 2281 1971 der Allermodernste von Wien, an einem Abend im Burg= behalten, d. h. ihre Sünde vor dem Manne zu ver¬
2280 1894 3255 1980 lasse findet nun der ahnungslose Gatte Briefe, die sein
267 1962 1301 2022 theater! Das war kein geringes Ereigniß. Alles, was im
1275 1964 2279 2019 heimlichen, beweisen will. Rechte der Seele. Wie viel¬
2271 1970 3264 2034 Frau an den Freund gerichtet hatte, unter anderen aus
1287 2007 2284 2077 verheißend, wie stolz der Titel klingt! Er gewährt der
268 2020 1283 2073 „Griensteidl“ und „Fensteegucker“ die Literatur in der
2271 2011 3256 2073 einen, der ihrer Tugend das glänzendste Zeugniß aus
1272 2063 2287 2119 Phantasie aller Problemschnüffler einen geradezu uner¬
258 2051 1284 2117 Theorie reformirt, um in der Praxis die Makulatur zu
2279 2044 3253 2120 stellt. „Ich liebe meinen Mann, das ist meine Antwort.
1281 2099 2288 2185 meßlichen Spielraum und verleitet das Publikum, auch
259 2108 1282 2163 vermehren, hatte sich Mittwoch auf dem Franzensring
2275 2110 3264 2178 Ohne Zweifel, die Frau war tugendhaft, ein Lämmlei
1286 2157 2282 2212 dort Tieferes und Tiefstel zu suchen, wo gar nichts
270 2146 1292 2215 Stelldichein gegeben, um kleine Zeugen zu sein von dem
2282 2158 3264 2215 weiß wi. Schnee. Nur über eine Stelle kommt der Gatt
1284 2192 2284 2255 Tieferes und Tiefstes zu suchen ist. Der wohlberechnete
270 2204 1281 2257 großen literarischen Ereignisse, das schon seit Wochen und
2273 2211 3265 2268 nicht hinaus. „Ich beschwöre dich, mich nicht zu quälen.
1280 2255 2284 2311 Titel allein schon läßt erkennen, daß man es hier mit
268 2253 1290 2308 Monden seine Schatten in die gefälligen Spalten der
2278 2257 3260 2328 Er grübelt sich in eine nervöse Unruhe hinein, ob sie de
1278 2298 2286 2353 einem findigen Theatermann zu thun hat, der mit den
262 2291 1284 2354 Wiener Presse vorauswarf. Es herrschte eine „sichtlich ge¬
2280 2303 3258 2360 Freund nicht doch geliebt haben könnte. Vergebens ver
1285 2343 2296 2402 Schwächen des Publikums und der Kritik vertraut ist.
269 2352 1288 2419 hobene“ Stimmung, ein von Erwartung und Spannung
2272 2350 3265 2417 sucht ihn sein Bruder zu beschwichtigen. Immer wiede
1285 2395 2282 2449 Wo man sucht, da wird viel übersehen. Das weiß
263 2398 1285 2456 gedämpftes Gezischel und Geflüster, als gälte es, neue
2278 2400 3264 2468 kehrt aber der Verdacht zurück, bis endlich die Bitte de
1281 2444 2278 2499 Giacosa so gut wie irgend ein Theaterpraktikus mit
274 2437 1286 2500 Propheten ehrfurchtsvoll zu begrüßen und ihnen feierlich
2280 2444 3263 2511 Frau um Aufschub einer Reise, bis ihr Schwager mit
1279 2493 2287 2557 höheren Ambitionen. Verleitet man also den Zuschauer
263 2494 1285 2551 zu danken, daß sie vom Himmel herniedergestiegen, um
2281 2491 3252 2556 reisen könne, die Bombe platzen macht. In den ver
1288 2540 2281 2592 von Vorneherein zum Suchen verborgener Lehren und
257 2545 1290 2603 zu richten Alles, was alt und morsch, und zu künden
2280 2548 3262 2610 gangenen Jahren hatte das Ehepaar den „Namenstag
261 2589 2287 2645 eine neue Kunst. Da hatten aber wieder einmal Berge Weisheiten, dann hat man das Spiel schon zur Hälfte
2278 2593 3263 2653 der Frau stets allein verbracht. Die Umstände fügten es imme
262 2639 2288 2699 gekreißt, und ein, d. h. zwei Mäuslein wurden geboren,gewonnen. Halbdunkle Problematik, paradoxe Thesen, im
2270 2637 3263 2696 so schön. Auch diesesmal, die Frau aber will es anders
262 2682 2292 2745 Sie benagten zwar mit possirlichem Eifer die alt= Brustton der Ueberzeugung vorgebracht, und einige ge¬
2270 2686 3263 2749 Ihr Schwager soll mit. Der Unheil witternde Gatt
1273 2722 2295 2798 schickte Theaterkniffe thun das Uebrige. Was aber ist es
262 2724 1288 2791 ehrwürdigen Normalbegriffe von Ehe, Liebe und Liebelei,
2272 2729 3265 2804 kalkulirt: Warum will sie mit ihm nicht allein sein? Wei
1281 2777 2281 2836 mit der Wahrheit? — Die steht nur im Schlagwörter¬
2277 2784 3263 2845 es ihr — so raunt es ihm sein Verdacht in's Ohr — is
261 2782 1290 2841 aber eine neue Moral brachten sie uns nicht, man müßte
265 2818 2295 2885 denn den mißglückten Versuch einer völligen „Umwerthung“ buch der „Modernen“. Das Publikum=kümmert sich nicht
2278 2829 3256 2888 Gesellschaft eines Dritten leichter wird, ihn über die Ge
2284 2880 3255 2937 müthskrisen, die der Selbstmord Ludwig's in ihrem Herze
268 2878 2290 2937 der üblichen Moralbegriffe für einen brauchbaren Ersatz viel darum. Es verlangt nicht mehr als den Schein, und
263 2926 3244 2981 hinnehmen; auch brachten sie uns weder eine neue Kunst, auch der „Verist“ thut seine Schuldigkeit, wenn er den heraufbeschworen hat, hinwegzutäuschen. Er dringt i
1264 2956 1670 3049 Schein nicht zerstört.
269 2976 735 3056 noch neue Wahrheiten.
2252 2971 3264 3064 seine Frau, er quält und foltert sie mit Fragen, bis da
652 2986 1251 3222 Our (00.
1020 3195 1398 3404 749-
