3436 4320
457 194 859 267 Liebelei
304 183 1435 312 5. box 12/2
1084 534 1465 618 Telephon 12.801.
759 567 820 620 —
536 669 1280 762 „ODSERVEN
366 737 1452 828 1. österr. beh. konz. Unternehmen für Zeitungs¬
576 798 1265 856 Ausschnitte und Bibliographie.
551 853 1324 931 Wien, I., Concordiaplatz 4.
768 931 1106 991 Vertretungen
368 975 1461 1028 in Berlin, Brüssel, Budapest, Chicago, Cleveland, Christiania,
370 1022 1475 1075 Genf, Kopenhagen, London, Madrid, Mailand, Minneapolis,
378 1044 1470 1118 New-York, Paris, Rom, San Francisco, Stockholm, St. Peters¬
770 1093 1069 1148 burg, Toronto.
714 1133 1119 1199 Jaelienangabe ohne Gewähr.)
1184 1138 1471 1232 14 7. 1.1
362 1192 1374 1288 Ausschnitt aus: Miend. Me
364 1307 531 1364 vom:
549 1422 1352 1523 mitier Liebelci“ als Oper.
428 1505 1478 1561 Ueber die Erstaufführung der Oper „Liebelei“ von
328 1553 1463 1608 Franz Neumann (Buch nach Schnitzlers Schau¬
333 1598 1474 1651 spiel) wird uns aus Leipzig geschrieben: Hier wurde
327 1641 1483 1693 gestern Neumanns Oper „Liebelei“ zum erstenmal
334 1692 1475 1739 aufgeführt. Zwischen Dichtung und Musik herrscht eine bedenk¬
329 1736 1470 1781 liche Alymmetrie, und ferner kommt die Meinung einem
328 1763 1475 1823 arauslichen Irrtum gleich, man dürfe einen Prosatext so ganz
334 1825 1473 1863 ohneweiters „durchkomponieren“. Neumann komponiert Sätze,
322 1850 1481 1900 in denen von Pfropsenzieher und Zigarrenkisten, von Kon¬
334 1904 1476 1950 versationslexikon und Landwehrübung die Rede ist. An
334 1947 1467 1993 ästhetischem Ueberempfinden leidet der Tonsetzer also kaum.
337 1981 1476 2038 Seine Musik, sehr geschickt und klanavoll instrumentiert, ist
336 2022 1480 2071 inhaltlich unpersönlicher Art: Kapell veistermusik; von außen
333 2065 1486 2122 in ihren Themen angeflogen, der Stimmung nach an= und
336 2115 1481 2174 nachempfunden. Demgemäß herrschi auch eine skrupeliose Ver¬
336 2156 1485 2214 wirrung der Stile; Altes und Neues geht hier eine
329 2207 1487 2256 musikalische Kreuzung ein. Schnitzlers feines Stück ruht
329 2249 1478 2298 auf Stimmung und Dialog. Beiden steht die Neuminniche
331 2283 1485 2342 Musik arg im Wege. Un nur einiges anzuführen: die nied¬
335 2332 1494 2381 liche Souperszene läßt Neumann in einem Walzer gewöhn¬
341 2364 1492 2429 lichster Art kulminieren; das Orchestervorsviel des drinen Akts
329 2412 1495 2468 könnte als Trauermusik einem Helden gelien, unmöglich aber
334 2463 1496 2517 dem Laffen Fritz. Und sollie es von der Tragik eines Mädchen¬
340 2503 1495 2564 schicksals reden, so nimmt es sich ganz ungeschlacht und sehl
336 2549 1495 2599 am Orte aus. Der Komponist läßt die Sänger unausgesetzt
337 2593 1496 2658 sich des Sprechgesanges bedienen und schafft herdurch nicht
327 2636 1488 2701 allein ziemlich bedeutende Schwieriakeiten, sondern auch
329 2687 1492 2738 gähnende Monotonie In den letzten beiden Akten kommt es
339 2736 1492 2796 zu einigen lyrischen Arsätzen, aber nirgends zu Vollendung,
328 2779 1484 2826 obwohl Neumann, anscheinend der echte Routinier. nirgends in
340 2811 1493 2872 Verlegenheit ob des Fortganges gerät und sich aller möglichen
332 2852 1500 2909 Mutel bedient, mögen sie nun mehr oder minder gut sein.
332 2894 1496 2953 Eine Reihe trefflicher Künstler war verurteilt, sie mitziehen
332 2940 1501 3003 zu helsen Fräulein Marx stellte die so symvathische Gestalt
329 2981 1494 3051 der Chistine aufs ergreifenoste dar. Den natürlichen Höhepunkt
339 3034 1501 3099 erreichte Mizzi Marx im dritten Akt, wo der Gesang verstummt
342 3070 1504 3131 und die Heldin endlich Schnitzleis Worte sprechen darf Auf
342 3129 1497 3185 dem gegebenen Gegenpol stand die Mizzi Schlager des
342 3153 1504 3212 Fräulein Fladnizer: ein lebenslustiges, gutmüliges
338 3207 1504 3251 Wesen, leichtsinnig genug und, eine geborene Grisette, nur des
341 3243 1504 3300 Heute, nie des Morgen gedenkend. Auch im passiven Sviel
340 3290 1502 3351 des ersten Aktes leistete die Dame Beträftliches. Mit Vor¬
341 3331 1493 3401 genannten ergärzeen sich die Herren Schroth und Kling¬
347 3375 1507 3442 hammer zu den zwei Liebespaaren. Als guter Freund
348 3430 1492 3493 Theodor assistierte Herr Klinghammer ganz vortrefflich.
343 3471 1507 3518 Herr Lüppertz charakterisierte den beleidiaten Ehemann
350 3503 1508 3564 energisch, Herr Kase fand als Vater Christinens zu
346 3547 1509 3613 Herzen gehende Töne und Fräulein Urbaczek war
344 3614 1508 3666 eine gutmütige Ratschkathi. Herrn Kavellmeister Pol¬
1128 3640 1257 3703 durch
1399 3635 1511 3691 sehr
551 3644 1096 3698 fleißiges Studium war
340 3647 553 3704 laks
345 3673 1512 3733 gelungene Vorstellung belohnt. Indessen schien der
346 3729 1507 3782 Dialog zwischen Bühne und Orchester insofern nicht völlig
356 3780 1506 3829 künstlerisch abgestimmt, als Egon Pollak doch zuweilen in¬
347 3826 1514 3865 strumental zu stark auftragen ließ und dadurch die unleidlichen
349 3858 1515 3923 musikalischen Pojen in noch grelleres Licht rückte, die der
348 3890 1505 3945 Autor so oft und dann stets ohne alle künstlerische Motivierung
355 3935 1511 3995 einzunehmen beliebt. Herr Dr Loewenfeld stellie die
359 3960 1521 4046 zwei Interieurs mit gutem Geschmack für das Ganze wie das
354 4018 1518 4072 Eizzelne. Der Komponist durfte vor der Rampe erscheinen Das
357 4067 1511 4137 Werk bedeutet kaum mehr als eine Liebelei mit der Oper selbst.
2724 435 3107 516 Telephon 12.801.
2173 577 2916 670 „OSSENVEN
2012 667 3098 724 1. österr. beh. konz. Unternehmen für Zeitungs¬
2225 713 2896 788 Ausschnitte und Bibliographie.
2198 760 2964 849 Wien, I., Concordiaplatz 4.
2410 843 2744 903 Vertretungen
2027 882 3109 940 in Berlin, Brüssel, Budapest, Chicago, Cleveland, Christiania,
2022 942 3119 977 Genf, Kopenhagen, London, Madrid, Mailand, Minneapolis,
2029 965 3114 1025 New-Vork, Paris, Rom, San Francisco, Stockholm, St. Peters¬
2425 1010 2723 1063 burg, Toronto.
2370 1043 2773 1109 (Oaellenangabe ohne Gewähr.)
2020 1095 2489 1192 Ausschnitt austl
2551 1192 2991 1298 NER ANTEEN
2023 1239 2197 1289 vom:
1984 1327 3088 1392 * Leipziger Oper. Die Erställfführung der dreiaktigen
1917 1343 3091 1418 Oper Liebelei von Franz Neumann war von starkem
1923 1415 3093 1470 Erfolg begleitet. Neumann hat, der Zeitmode folgend,
1923 1453 3090 1510 ein Prosastück durchkomponiert, dessen Bühnenwirkung
1927 1490 3093 1545 bereits erprobt ist. Arthur Schnitzler, um dessen Schau¬
1919 1533 3084 1575 spiel es sich handelt, darf sich am Erfoig den größten An¬
1922 1564 3098 1622 teil zusprechen. Die Komposition ist sehr geschickt gemacht,
1918 1606 3086 1647 besonders raffiniert in der Instrumentierung, hemmt aber
1918 1639 3093 1684 nicht selten den Gang der Handlung in auffälliger Weise.
1923 1679 3089 1721 Um die Aufführung machten sich besonders Kapellmeister
1928 1717 3084 1768 Pollak, die Damen Marx und Fladnitzer und Herr Kase
1911 1756 2112 1809 verdient.
2975 1763 3059 1809 b.
2700 2201 3093 2291 Telephon 12.801.
2218 2262 2300 2297 —
2154 2346 2903 2452 „OSSLNTEN
1991 2423 3076 2498 I. österr. beh. konz. Unternehmen für Zeitungs¬
2210 2484 2883 2547 Ausschnitte und Bibliographie.
2168 2524 2932 2619 Wien, I., Concordiaplatz 4.
2399 2608 2733 2677 Vertretungen
2005 2627 3102 2713 in Berlin, Brüssel, Budapest, Chicago, Cleveland, Christiania,
2012 2695 3103 2747 Genf, Kopenhagen, London, Madrid, Mailand, Minneapolis,
2009 2736 3102 2791 New-Vork, Paris, Rom, San Francisco, Stockholm, St. Peters¬
2410 2780 2704 2832 burg, Toronto.
2373 2818 2759 2873 uellenangabe ohne Gewähr.)
2344 2858 3000 2943 Hamburger Nachrichten
2008 2877 2372 2956 Ausschnittam
2135 2907 2418 3005 14. 7 1911
2511 2938 2820 3018 Hamburg
2003 2996 2176 3059 vol1t:
1897 3083 2467 3159 ide, Tuler versehen haven.
2058 3128 3217 3186 Wie uns unser Leipziger Dr. W. N.=Mitarbeiter am 12. ds.
1992 3168 3215 3220 schreibt, ist die dreiaktige Oper des zweiten Frankfurter Opernhaus¬
1988 3195 3225 3246 kapellmeisters Franz Neumann: „Liebelei“ (nach Arthur
1994 3239 3211 3297 Schnitzlers Schauspiel) nach Frankfurt und Köln nun auch in Pleiß¬
2065 3274 2127 3327 HN
1981 3272 2040 3336 a0
2158 3277 3204 3341 gen und hat auch hier in vortrefflicher Darstellung
1908 3294 1976 3347 es
1990 3324 3209 3388 unter Pollaks Leitung und Dr. Loewenfelds Regie nach
1993 3355 3197 3421 den beiden ersten Akten einen lebhaften, nach dem dritten einen
1906 3375 1963 3417 m
1998 3402 3203 3455 etwas kühleren Beifall auslösend, doch gleichfalls nicht von der
1987 3434 3202 3495 inneren Notwendigkeit oder dem restlosen Aufgehen einer wört¬
1999 3477 3202 3523 lichen Vertonung in dem Geiste des ungleich dramatischer und kon
1996 3512 3203 3588 zentrierter wirkenden Schauspiels des Wiener Poeten überzeuger
1988 3552 2155 3606 können.
1911 3565 1989 3632 u
