3484 4256
378 129 790 217 Liebelei
835 128 1379 245 box 13/8
252 132 819 258 . Mantaduck
293 987 1104 1082 agr——
2128 1001 3460 1107 d. Spfeeprodinzen“ schließt die Sitzungeum.804 UhrAbehvor
275 1148 3447 1227 mich. Heinrich Kana eröffnete den Todtenreigen. Er fuhr rocke überraschte, und ohne mir auch nur den Tag zu  zu lassen und die sogar gern auf
1496 1208 2100 1282 bieten, theilte er mir mit:
283 1213 1505 1288 nach Berlin und las dort in einem naturalistischen Vereine
2713 1204 3442 1270 nachlässig ist. Dieses schlanke Prinz
1584 1226 2520 1328 „Was Schnitzler kann, das kann ich auch.!“
2722 1261 3439 1327 immer armseligen David von gan
280 1252 1510 1326 eine Novelle vor. Es war in den Zeiten, da die Wogen
1582 1282 2726 1388 Er konnte mehr — denn sein Talent war weitaus
273 1309 1495 1375 der literarischen Revolution hoch gingen. Kana wurde aus¬
2713 1306 3426 1380 innere mich noch vortrefflich jenes
1493 1324 2703 1412 Emännlicher, aber er konnte auch weniger, denn seine Be¬
2717 1353 3430 1430 wir an unserem gewohnten Tisch
280 1355 1506 1431 gelacht. Er ging heim und erschoß sich. Hatte er dieses
1508 1405 2718 1452 gabung entbehrte jener heiteren, weltmännischen Anmuth,
286 1405 1501 1460 Ende auch nur halbwegs verdient? War sein Werk gar
2712 1391 3433 1483 saßen. Wir hatten just von der K
1512 1451 2730 1526 die dem Dichter der Liebelei" bis in seine Ibsen'schen.
2710 1437 3415 1530 sprochen, und David erhob sich,
281 1456 1506 1511 so erbärmlich gewesen? Ich möchte es bezweifeln. Die Er¬
1506 1484 2716 1576 Nachdenklichkeiten hinein eigen ist. Dergleichen hätte sich
2714 1483 3431 1566 Leitartikel Veigelsberg's, den er i
271 1503 1505 1579 zählung ist frellich untergegangen. Aber sie ist ein paar
1497 1541 2723 1617 bei ihm auch nie entwickeln können. Warum das aus¬
2715 1549 3389 1624 hatte, als Muster vorzuweisen.
289 1559 1503 1622 Jahre später in erneuerter Gestalt wieder auferstanden. Als
1503 1592 2725 1662 geschlossen war, hat mir eine gelegentliche Aeußerung
2718 1580 3423 1672 einem fernen Tische. Herzl und i
274 1598 1503 1669 Drama. Wir Alle kennen es. Es heißt „Hedda Gabler“
1510 1646 2728 1701 offenbart. Gegen das Ende seines Lebens, als er seine
2713 1635 3439 1715 vierschrötigen Bewegungen mit den
272 1646 1502 1717 und ist von Ibsen... Der Zweite war Oswald Boxer.
2716 1696 3425 1747 Wesen, in dem sich schon dantals
1512 1687 2731 1758 Kraft schon schwinden fühlte, nahm er noch einmal all
275 1699 1512 1766 Er wurde später Berliner Korrespondent Wiener Zeitungen.
1510 1743 2728 1806 sein Talent zusammen, um ein großes, ein unsterbliches
2711 1732 3425 1813 dere setzte, interessirte uns, seit wir
285 1748 1515 1815 Als solcher lernte er den reichen Philanthropen Hirsch
1508 1784 2726 1854 Drama zu schaffen. Ein ganzes Jahr hindurch rang er
2720 1776 3421 1872 gelesen hatten. Ich neigte mich
282 1783 1500 1867 kennen. Dieser veranlaßte ihn nach Brasilien zu reisen.
2711 1830 2931 1907 ihm zu:
1504 1822 2730 1896 mit dem Stoffe. Und mit leuchtender Miene legte er mir
279 1848 1501 1922 Dort sollte Boxer als Organisator der Stiftungen wirken.
2789 1869 3420 1960 „Weißt Du, wie Ferdinand
1509 1881 2731 1955 das Werk schließlich vor. Vielleicht glaubte er, daß ich
277 1894 1495 1964 Aber das gelbe Fieber raffte den starken Mann hinweg...
1508 1935 2729 1986 über die szenischen Wirkungen eines Bühnenstückes sicherer
2716 1916 3426 2019 ist ein köstliches Wort. Stelle Dir
275 1947 1496 2018 Der Dritte war Herzl. Er hatte es versucht, das Problem,
1511 1978 2729 2045 urtheilen könne als ein Anderer. Vielleicht wollte er mich
2721 1979 3364 2058 sei ein — Steinklopferjainkef.“
271 1986 1509 2057 dem sein Freund Boxer zum Opfer gefallen war, auf
1508 2028 2730 2110 auch einfach zur Bewunderung zwingen und sich in ihr
2796 2022 3431 2101 Herzl lachte kurz und wurd
285 2024 1507 2122 zionistischem Wege zu lösen. Sein Leben war ein kurzer
1499 2085 1696 2163 sonnen.
2732 2067 3414 2161 einem bedeutsamen Blick aus
284 2087 1502 2166 Traum... aber ein Traum von Größe, Glanz und Herr¬
2727 2133 3104 2206 Augen sagte er:
1596 2106 2716 2194 „Nun hab' ich die Kerle — hier in der Faust hab'
274 2146 1516 2213 lichkeit... ein Messiastraum ... Und nun ist es ein
1505 2164 2727 2249 ich sie,“ rief er frohlockend. Und in einem dumpferen Tone
2796 2155 3427 2256 „Der arme Teufel! Er wird
281 2190 1511 2253 Jahr, daß der Vierte der Runde dem Irdischen seinen
1502 2216 2729 2288 fügte er hinzu: „Mit mir ist nicht fertig zu werden, lieber
2791 2221 3425 2311 „Wie meinst Du das?“ fragte
276 2231 1510 2301 Zoll entrichtet hat. Er hatte eine trübe Jugend hinter sich.
1500 2287 2725 2347 Ludassy. Sie müssen nämlich wissen, daß ich drei Jahre
2805 2270 3432 2361 „Er wird wie jedes große
278 2283 1504 2346 Er hat Jahre hindurch gedarbt, gehungert und gelitten.
2721 2303 2938 2412 sterben.“
1509 2326 2731 2397 lang von trockenem Brod gelebt habe. Und ich sage Ihnen
273 2326 1499 2403 Und doch denke ich, daß er der Glücklichste von Allen ge¬
1573 2362 2729 2424 wenn Einer das kann, dann ist er nicht nieder¬
2805 2347 3432 2463 „Woher willst Du das wissen
279 2379 1497 2442 wesen. Er hat an sich geglaubt. Kana ist daran gestorben,
1503 2415 2725 2509 zuringen!“ Stolz richtete er sich bei diesen Worten auf,
281 2432 1507 2491 daß er's nicht konnte. Herzl war es vielleicht zufrieden,
2788 2425 3207 2505 „Du wirst sehen.“
1507 2457 2667 2553 als ein Mann, der des Lebens Herr zu werden weiß —
2804 2452 3408 2558 „Was fehlt ihm denn? Er i
272 2477 1498 2552 wenn Andere an ihn glaubten. Denn im tiefsten Grunde
2792 2511 3086 2584 ein Bauer.“
1506 2509 2474 2601 und der Tod wohnte ihm schon in der Beust.
276 2541 1502 2596 seines Herzens war er ein denkender Spötter, ein Geist
2805 2548 3389 2652 Aber Herzl krümmte den
1588 2545 2731 2637 Der Erste, der ihm ein frühes Hinscheiden prophezeite,
280 2575 1506 2624 voll Menschenkenntniß und Menschenverachtung, Einer von
2723 2599 3267 2697 und wies auf die Brust.
1496 2620 2730 2682 war Theodor Herzl, der Prophet. Damals freilich, vor mehr
288 2624 1503 2690 Jenen, die das Höchste, nicht erreichen, weil sie über sich.
1511 2664 2729 2735 als zwei Jahrzehnten, war er noch weit von seinen messta¬
2807 2663 3158 2734 „Hier sitzt es!“
278 2677 1504 2747 stehen — weil sie die eigene That durch Ironie schwächen.
1514 2700 2733 2782 nischen Ideen entfernt. Er war noch nichts als ein geist¬
2798 2695 3291 2790 Und so war es auch.
273 2725 1456 2791 David kannte keinen Zweifel an sich. Gott — Seele —
1510 2760 2728 2812 voller Charmeur und Jeder, der ihm nahte, gab sich willig dem
2812 2745 3396 2831 Die Leute, von denen da d
903 2757 1499 2835 das Alles war ihm lange
273 2769 873 2836 Unsterblichkeit — Freiheit —
1505 2807 2727 2877 Zauber dieser liebenswürdigen Individualität hin. In seinen
2712 2802 3429 2892 mehr unter den Lebenden. Und
286 2799 1512 2885 nicht so sicher als seine Kraft, es den Besten gleichzuthun.
1504 2857 2714 2921 Mußestunden schrieb er Montagsfeuilletons für das „Ber¬
2727 2846 3424 2932 mich an, wenn ich mir vorstell
288 2869 1507 2928 Der Begriff einer Grenze, einer Schranke, einer Unpoll¬
1508 2910 2726 2977 liner Tageblatt“. Seine Hauptbeschäftigung aber bestand
2712 2911 3414 2982 Augenblicke auch sein eigen T
289 2920 1503 2979 kommenheit seiner Fähigkeit war für ihn völlig unfaßbar.
1511 2947 2717 3024 darin, elegant zu sein. Die Aufmerksamkeit, mit der er sich
2721 2946 3403 3032 hat. Denn es war ihm bestimmt
289 2965 1503 3029 Das wurde mir insbesondere in jenen Tagen deutlich, da
1513 3010 2720 3082 kleidete, war weit von der Aefferei entfernt, die einige
2710 3003 3423 3090 dessen Ende er vorhersagte. Und
287 3017 1505 3076 Schnitzler's naivstes und bestes Werk, die „Liebelei", in
2152 3048 2720 3130 Er hätte nie gedacht, ein
1508 3057 2163 3132 Jahre später in Wien aufkam.
2727 3058 3205 3136 an derselben Stelle...
295 3059 1501 3115 holder Jugendschöne prangte. Einige Tage nach der ersten
2793 3080 3405 3185 Steinklopferjainkef — diese
1510 3101 2716 3163 Genie zu sein, weil er nach dem Muster französischer Ro¬
295 3115 1501 3174 Aufführung, als man allenthalben von dem neuen Stern
1498 3151 2728 3231 mantiker eine rothe Weste trug. Vielmehr bemühte er sich,
2723 3151 3409 3211 Eindruck einer Blasphemie. Das
277 3166 1499 3234 sprach, öffnete sich plötzlich die Thür meines Arbeitszim¬
1509 3206 3416 3270 eine Vornehmheit zu bethätigen, die einen entschieden bietet jeden Spott, ja sogar jeden
285 3207 1496 3283 mers. Sie that sich weit auf — viel weiter als es ser
1602 3246 3423 3325 davester Charakter an sich trug. Es war halt nicht die  die Karikatur ist weit davon en
286 3253 1484 3335 einen gewöhnlichen Menschen nöthig ist. David stand a
2547 3287 3425 3382 #ersen zu sein. Dennoch ist nicht zu ver
1730 3298 2353 3389 e Wiener ##t die auf sich scher
279 3302 1475 3377 der Schwelle, wie damals, als er mich im Damensch!
