3436 4192
191 125 770 219 5. Liebelei
363 176 790 248 e een en nn . an .
850 132 1338 235 box 12/4
2143 195 2762 289 „Pruhines Hotaselan
1863 279 3046 343 : plaudern und die Textworte geschickt zu untermalen. Aller¬
1920 330 3037 388 dings, wenn Stellen kommen, wo vom Militärschematismus,
1914 381 3044 428 vom Konversationslexikon oder vom Besuch des Orpheums
1916 413 3033 474 gesprochen wird, versagt selbstverständlich auch das Musi¬
1921 460 3029 514 kalische. Dort spürt man auch am deutlichsten das Fehlen
1915 497 3034 563 einer gebundenen Rede, die in ihrer sorgfältigen Wortwahl
1914 546 3028 604 dem Komponisten in die Hände arbeitet, und dort ze#
1914 600 3028 654 es sich beweiskräftig genug, daß sich doch nicht alles om
1915 634 3040 684 ponieren läßt. Neumann scheint auch gespürt zu haben,
1916 681 3035 743 in das Plaudern einen längeren Ruhepunkt legen zu müssen,
1922 721 3036 781 und er fügte für Christine ein Lied mit Klavierbegleitung:
1918 768 3034 822 „All mein' Gedanken, die ich hab'“ (aus dem Lochheimer
1915 802 3037 858 Liederbuche) ein. Diese schlichten Verslein mit einer vom
1922 852 3052 918 Komponisten erfre#lcherweise ebenso schlicht gehaltenen
1918 898 3037 965 Melodie wirken prächg und es ist uns, als wollten sie rufen:
1920 945 2851 1009 Die alte Form ist dich noch immer die beste!
1986 988 3020 1051 Abgesehen von den Mamenten, wo die Musik zu Nichts¬
1903 1022 3039 1108 sagendem auch nichts zu sagen vermag, und von einigen
1921 1086 3018 1138 bleigewichtigen Deklamationsstellen, hat Neumann es zu¬
1917 1121 3020 1187 wege gebracht, ganz Erstaunliches zu erreichen. Seine druma¬
1927 1168 3024 1226 tische Schulung und ein warmes Empfinden, das der Wiener
1911 1208 3028 1274 Odem ihm eingeflößt haben dürfte, befähigen ihn, allen
1917 1260 3034 1315 Charakteren und allen Situationen die entsprechende tönende
1918 1304 3040 1362 Illustration zu verleihen, wozu er den ganzen modernen
1913 1347 3043 1412 Orchesterapparat verwendet und auch glänzend beherrscht.
1926 1383 3048 1440 Vorzüglich gelungen ist ihm die musikalische Umkleidung
1911 1435 3039 1490 der sanften, liebevollen Christine, deren Freude, deren bange
1914 1460 3041 1533 Zweifel und deren wilden Schmerz er in Tönen überzeugend
1914 1505 3041 1582 jubeln, zagen und klagen läßt. Weniger geglückt ist ihm die
1917 1565 3042 1635 Schlager Mizzi. Wohl hat er ihr ein schnippisches Gesangs¬
1924 1590 3049 1665 geplauder gegeben und ihr einige operettenhaft flatternde
1914 1655 3039 1718 Motivmäntelchen umgehängt, aber das ist zu wenig. Es
1917 1691 3042 1755 fehlt das bezwingend Anmutige, das in diesem süßen Mädel
1924 1734 3052 1812 wohnt. Hier hätte musikalischer Liebreiz aufleuchten sollen
1918 1783 3040 1852 und — die ganze Figur schreit ja nach einem Liede — ein
1926 1824 3045 1880 echter Wiener Walzer aus dem Munde der Kleinen hätte
1028 1822 1523 1923 teschenuude uunt Gewanf.
1898 1866 3042 1947 brillant gewirkt. Musette in der „Boheme“ wärc ein Vorbild
1916 1927 3038 1982 gewesen. Neumann schlägt bei der Souperszene (erster Akt)
768 1898 1757 2002 sschnitt aus: Deutsches Volksblatt
1921 1959 3043 2017 einen flotten Walzer mit rhythmischem Schwunge an, läßt
1384 1977 1565 2069 Wien
1928 1999 3039 2061 ihn aber dann leider in Tonklügeleien versanden. Das wiene¬
935 1993 1232 2087 150 11913
1925 2048 3042 2114 rische Lokalkolorit bestreiten noch das Zitat des Doppel¬
781 2046 1011 2154 S
1918 2090 3045 2151 adler=Marsches (J. F. Wagner) und eine sehr hübsche,
1917 2128 3044 2212 melodische Stelle in Strauß=Terzen vor Beginn des zweiten
824 2122 1903 2250 Theater, Kunst und Literatur.
1902 2187 3046 2237 Aktes. Bald verschwindet sie jedoch wieder und gleichsam,
1917 2230 3044 2295 um sich für diese „Trivialität“ zu entschuldigen, baut der
1198 2243 1519 2340 „Liebelei.“
1929 2254 3043 2348 Komponist eine große Fuge auf, deren sorgfäftige Durch¬
1917 2318 2593 2382 fihrung sehr anerkennenswert ist.
827 2305 1921 2388 Oper in drei Akten, nach dem gleichnamigem Schauspiele von
862 2371 1045 2429 Artur
1996 2351 3043 2431 An der Charakteristik der Männerfiguren ist nichts
1152 2381 1886 2433 Musik von Franz Neumann.
1920 2399 3048 2466 auszusetzen. Kraftvoll ist der „Herr“ gezeichnet und mit¬
822 2416 1913 2497 Zum erstenmal in der Volksover aufgeführt am 14. Ok¬
1917 2450 3044 2508 dramatischer Wucht schildert Neumann sein Auftreten un
1246 2461 1510 2527 tober 1913.
1926 2490 3045 2554 seine Anklage gegen Fritz. Die Wucht nimmt nur wieder,
893 2491 1915 2570 Seit Richard Strauß die „Salome“ von Oskar
1929 2549 3037 2599 wie heute in Tonwerken üblich, riesige Dimensionen an, und
812 2557 1917 2610 Wilde nahm, wie sie war, das heißt das Prosadrama ohne
1924 2591 3038 2650 wenn der „Herr“ sagt: „Sie hat den Schlei# vergessen“.
814 2597 1925 2664 Vezsifizierung vertonte und seit er, wie erzählt wird, gesagt
1919 2629 2703 2693 tritt das Erdbeben von Messina ein.
804 2643 1926 2708 bet, er könne eine ganze Inseratenseite einer Zeitung
1996 2675 3032 2728 Zu den hervorragendsten Stellen des Werkes ist die
806 2683 1919 2753 sserunterkomponieren, hat die Neuerung der Prosa¬
1925 2705 3027 2771 Sehnsuchtsschilderung der Christine nach Fritz, der Kuß¬
816 2728 1927 2787 komposition befruchtend auf die moderne Tondichterschaft
1923 2764 3051 2819 moment, die Szene der Liebenden „So mit dir allein“ und
817 2778 1922 2841 eingewirkt. Ein herkömmliches Opernbuch ist ihrer Ansicht
809 2797 3031 2854 nach nicht mehr nötig. Rasch ein Schauspiel ergriffen und es das Oeffnen der Briefkassette durch Christine zu zählen.
812 2848 3046 2916 sofort in Musik setzen, ist das neueste Feldgeschrei und Ueberall blüht da melodischer Zauber im Orchester auf, der
818 2904 3026 2957 wenn nun einer mit der komponierten „Liebelei“ von sich wonnig zu Gehör schmeichelt, insbesondere in der Brief¬
804 2929 3040 3001 Schnitzler gekommen ist, können wir voraussichtlich an= kassetteszene. Ein symphonisches Vorspiel zum dritten Akte,
804 2985 3048 3050 nehmen, daß nächstens ein anderer die vertonten „Ge- welches das Duell und den Tod des Fre; behandelt und einen
805 3031 3036 3098 spenster“ von Ibsen oder das musikalisch illustrierte Trauermarsch (Esmoll) aufklingen läßt, ist in seiner
1916 3067 2766 3137 prächtigen Steigerung von großer Wirkung.
810 3085 1744 3149 „Frühlingserwachen“ von Wedekind daherbringt.
1997 3097 3038 3180 Das interessante. Werk Neumanns hat in der Volksover
895 3121 1931 3177 Der Komponist der „Liebelei“, Franz Neumann,
1925 3155 3042 3216 nicht nur eine liebevolle Inszenierung, sondern auch eine
818 3159 1918 3228 ist eine interessante Persönlichkeit, deren Werdegang durch
1924 3201 3049 3258 von sorgfältigem Studium Zeugnis gebende vortreffliche
813 3218 1924 3284 besondere Originalität überrascht. Neumann lernte, bevor
1933 3246 3052 3310 Aufführung gesunden. Kapellmeister Tittel als
818 3265 1915 3324 er am Wiener und später am Leipziger Konservatorium
1933 3279 3039 3343 musikalischer Führer und Overregissemr Markowsky als
809 3304 1926 3365 die Lehren der edlen Tonkunft in sich aufnahm, das ehr¬
1933 3337 3035 3400 feinfühlig arbeitender Mann der Szene haben sich beide
810 3346 1932 3402 und nährsame Gewerbe der — Selcherei. Von seinem Vater,
1936 3369 3039 3438 ausgezeichnet und verdienen volle Anerkennung. Ihrer
813 3397 1929 3447 einem Wursterzeuger in Prerau, war er nach Wien zum
1928 3424 3042 3479 Leitung ordneten sich die Darsteller unter und bewältigten.
808 3437 1919 3490 Weißhappel gebracht worden, um dort in die Geheimnisse
1931 3471 3045 3523 ihre schwierigen, an heiklen Einsätzen überreichen Aufgaben
817 3480 1933 3535 der Würstelfabrikation einzudringen. Während er aber
1927 3513 3033 3569 mit künstlexischem Empfinden. Fräulein Engel war eine
814 3517 1928 3582 manuell an der Entstehung diverser selcherischer Produkte
1925 3554 3044 3613 mustergültige Christine. Man hätte gar nicht geglaubt, daß
821 3558 1927 3622 tätig war, schwebte sein Geist in anderen Regionen, wo
1936 3597 3039 3658 diese glutsprühende Carmen oder Nedda so weich, so rührend.
813 3610 1916 3664 Polnhymnia ihr göttliches Herrscheramt ausübt. Mit eisernem
1932 3651 3043 3701 werden könnte. Selbstverständlich bot die Künstlerin auch
812 3655 1920 3699 Fleiße bildete sich der begeisterte Musikfreund zum selbst¬
1925 3685 3042 3753 gesanglich Tadelloses. Fräulein Roeder als Schlager
817 3696 1923 3749 schaffenden Musiker hergn. Als seine Lehrzeit und sein ein¬
1925 3729 3047 3789 Mizzi gewiß sehr lobenswert für ihre Leistung — ist nicht
852 3727 1927 3798 hriger Militärdienst herum waren, ließ er die Wurst¬
1935 3767 3040 3832 die richtige Vertreterin dieser Partie, denn ihre vornehme
834 3779 1926 3840 Fritze endgültig zurück und studierte mit Feuereifer an den
1926 3816 3034 3878 frauenhafte Erscheinung nimmt der Figur die Cyarakteristit
843 3820 1915 3879 idensschon genannten Konservatorien. Bald stand Neu¬
1926 3867 3040 3929 des süßen Mädels. Da gehört eine kleine, zierliche Soubrette
814 3861 1920 3919 F#aun an der Spitze eines Theaterorchesters und nach einigen
1921 3907 3046 3963 mit einem Schelmengesichterl her. Herr Lußmann schenkte
815 3918 1926 3970 Wanderjahren ländete er in Frankfurt am Main, wo er
1920 3953 3041 4008 dem Fritz seinen nun klangvollen Tenor und bewährte sich
807 3949 1915 4010 noch heute als Opernkapellmeister erfolgreich wirkt. Früh¬
1922 3994 3036 4054 im zweiren Akte nach Vorschrift des Kompönisten als geübter
819 4003 1930 4060 z itig hatte er sich schon der Komposition zugewendet. Wurden
1932 4038 3032 4094 und sicherer Hochtourist des Gesanges. Herr Brand war
818 4042 1918 4109 ch schon in Wien von Militärkapellen Tänze aufgeführt,
1418 4084 1463 4118 1.
1850 4072 1943 4132 1s
1155 4088 1225 4147 K
2212 4076 3046 4145 stimmlich und darbellerisch frischer Theodor
