3436 4256
390 226 708 298 Liebele
211 220 892 332 5. 1
894 218 1354 309 box 10/4
1982 125 3114 201 verklassen und wie die schrmten Akenteiter den S chmetterl.n
3122 161 3238 204 war.
1996 179 3116 241 staub von ihren bunten Flügeln verlieren, wenn sie an der
3119 193 3251 248 den i
3121 233 3261 280 nehme
1980 223 3118 277 Polizei und den Gerichten vorüberstreifen. Das junge,
3131 272 3251 318 herzli¬
1980 268 3116 323 in sträflichem Verhältniß stehende Liebespaar hat beim
3125 308 3257 357 innige
1986 303 3111 362 Gewitter in der Alpinherberge durch die drohende
3124 343 3264 395 ihr Er
1985 349 3113 405 Gefahr der Verfolgung so viel Anzst auszustehen, daß
3125 378 3249 430 nach 1
1980 397 3107 446 es durchaus nicht zu den Verzückungen der Liebe kommt.
3127 414 3258 466 zuneh
1987 437 3107 494 Jeanne von Thiais ist anfangs zu stolz, sich bekehren
3129 458 3266 505 Mißst
1979 485 3112 539 zu lassen, und bietet der Frenndin Trotz, die sie zur
3125 493 3256 540 nicht
1988 522 3116 574 Rückkehr mahnt, so lange es noch Zeit ist. Doch als sie und
3132 531 3262 579 Einze'
1985 565 3116 612 ihr Freund eingeschlossen sind und nicht entkommen können,
3129 565 3247 617 sichtli
3124 604 3258 658 walte,
1989 605 3110 648 trotz aller wohlerwogenen scenischen Möglichkeiten, da
3128 646 3239 694 gelte.
1986 654 3116 701 faßt sie doch eine Bestürzung gegenüber den kommenden
3123 683 3239 728 allen
1989 698 3111 742 Häschern und Rächern, und als nun das Haus von
3129 719 3255 770 schloß
1993 732 3112 780 Gendarmen umstellt ist und die Freundin wiederkehrt, da
3131 754 3262 813 die Ki
1986 776 3114 830 wandert Jeanne von Thiais aus Furcht vor der Proceßacten
3132 796 3268 839 Grupt
1979 814 3261 871 mit gesenktem Köpfchen heimwärts und überläßt ihren Ent¬ röstlich
1976 857 3116 902 führer der siegreichen Frau von Castelli, die sich
3118 871 3260 921 golden
1980 905 3266 956 alsbald des nun freigelassenen Liebchens bemächtigt. Das 1 entroll
1981 939 3260 990 ist ja in der Idee ganz schön, aber da uns die Vor=sont#e
1979 984 3264 1034 geschichte fehlt, da wir nur die Katastrophe sehen, bei der ssie we
1989 1019 3268 1081 die Hauptpersonen noch dazu eine klägliche Rolle spielen, verkehr
1990 1071 3271 1127 so kann das Stück kein Interesse einflößen. Fraulein ist zun
1988 1095 3266 1164 Mancke als Frau von Castelli war eine leichtsinnige Lebeheit d
3124 1130 3276 1180 Lichter
1991 1148 3276 1202 dame, ebenso beredtsam wie entschlossen; Frl. Rudolfil schlanz
1992 1190 3267 1247 spielte die schwankende Jeanne von Thiais recht lebendig inmit P
1987 1255 3275 1290 den Verlegenheitsscenen, in denen auch Herr Stephanyl Rakete.
1995 1275 3279 1328 als Lovis von Nohant eine große Beweglichkeit an den Tagdie far
1994 1314 3279 1371 legte. Die das Haus umstellenden Gendarmen wollen indeß! da fol
1994 1365 3279 1418 nicht das Liebespaar einfangen, sondern die Schmuggler, die technise
1994 1391 3287 1471 in der verrufenen Herberge hausen, deren schläfriger Wirthfgungen
2018 1441 3279 1518 Herr Krause) und deren geweckte und kühne Wirthen Worte.
2001 1481 3049 1528 (Frl. Dallborf) ein ihr ungleiches Paar bilden.
3134 1509 3263 1547 von S
1988 1517 3133 1566 Schmuggler Battis. des Herrn Thiele war ein gutes
3131 1529 3285 1586 dem sie
1990 1564 3130 1639 Genrebild. Einigen matten Beifallsbezeigungen am Schluß
3133 1573 3276 1623 Kleiner
1994 1600 2577 1676 folgte sogleich die Opposition.
3126 1612 3281 1662 hübsche
2037 1633 3274 1702 „Liebelei“ von Arthur Schnitzler ging nicht so klang= angetre
1984 1689 3276 1736 los zum Orkus hinab; na“ dem ersten Act war der Beifall verschw
1992 1724 3291 1784 recht lebhaft, der aber weiterhin ermattete. Der erste Aet] Walde
3117 1765 3284 1814 Sterne
1991 1773 3249 1850 ist voll lebendiger Bewegung; Schnitzler hat das Interien war,
1986 1814 3293 1877 einer Wiener Junggesellenwirthschaft mit markigen Strichen soll ni
1986 1862 3284 1911 gezeichnet; es herrscht hier ein lustiger flotter Ton. Diese ratur i
1987 1906 3133 1958 Mizi Schlager mit ihrer gutherzigen und naiven Liederlichkeit
1995 1943 3131 2005 ist ein Charakter von erquicklicher Frische und Fräulein
2528 1974 3127 2043 flott, daß sie in Gemein¬
1981 1992 2412 2047 Dalldorf spielte
1994 2028 3118 2087 schaft mit dem forschen Theodor Kaiser des Herrn
3130 2043 3289 2137 Vom
1995 2086 3122 2129 Hänseler diesen Seenen, welche die tüchtige Begabung
1985 2115 3126 2181 des Autors für realistische Malerei darlegen, lebhaften Beifall
1982 2157 3123 2217 verschaffte. Herr Hänseler, wenn er den Kellner nachahmt,
3121 2161 3272 2226 in der
1982 2199 3128 2247 Frl. Dalldorf, wenn sie halbberauscht und verschlafen nach
3129 2199 3279 2259 Schacht
1980 2247 3117 2301 der früheren zündenden Munterkeit dasitzt — das waren
3122 2247 3281 2301 girten
1980 2284 3279 2329 wohlgelungene Figuren des Wiener Lebens. Doch sie treten, ländisch
3130 2324 3283 2380 entgege
1996 2328 3119 2387 obschon Nebenpersonen, in solcher Weise in den Vordergrund,
3115 2359 3275 2408 mit de
1994 2373 3275 2446 daß sie auf die Hauptpersonen und die weitere Entwickelung berger
1989 2412 3278 2484 des Schauspiels drücken. Es fehlt die Einheit des Tons; der  hadurch
1990 2459 3124 2504 Autor hat den Fehler begangen, nicht von Hause aus die
1995 2489 3113 2562 rechte Stimmung hervorzurufen. Dadurch wird das Schau¬
3119 2509 3292 2576 jährige:
1985 2543 3122 2603 spiel stillos. Denn die eigentliche Heldin, Christine, die
3131 2549 3276 2596 großen
3128 2581 3278 2635 nahme
1997 2580 3116 2628 ihren Theodor Kaiser schwärmerisch liebt, macht in diesen
3136 2624 3282 2675 Comité
1999 2626 3118 2676 Scenen mehr einen langweiligen Eindruck, und das kann sie
3128 2657 3286 2710 Charak
1979 2668 3115 2716 mit allen ihren Thranen in den nächsten Acten nicht
1979 2689 3252 2758 wieder gut machen. Der Dichter wollte uns ein Mädchen besten
3121 2732 3259 2784 mehr
1988 2751 3116 2802 schildern, das nur treuer Liebe fähig ist und ein
3125 2773 3280 2829 Congre
1998 2795 3264 2866 Opfer der in der leichtlebigen Gesellschaft herrschenden zeitig:
1983 2834 3274 2897 Liebelei ist; als sie sich von ihrem Geliebten vernachlässigt! mit ein
1990 2873 3276 2922 glaubt, als sie zuletzt erfährt, daß er im Duell gefallen alsaus al
1993 2912 3270 2979 Opfer seiner Liebe zu einer anderen, erträgt sie diese Ent= Delegig
3119 2962 3273 3020 an den
1984 2960 3116 3011 täuschung, diesen Schmerz nicht und stürzt fort, um sich das
3123 2997 3240 3047 durch
1980 3000 3105 3062 Leben zu nehmen. Die Anderen sind ihr aber doch so dicht
3120 3026 3263 3086 Leipz
1982 3048 3117 3100 auf den Fersen, daß man sie wohl noch rechtzeitig aus dem
3130 3066 3277 3136 in der
1990 3089 3118 3140 Wasser ziehen wird. Der Dichter läß aber den unglück¬
3129 3110 3274 3163 öffnete
1994 3128 2792 3177 lichen Vater bereits die Leichenrede halten.
3133 3151 3250 3199 frage,
2054 3184 3136 3236 Cyr.sine ist jedenfalls eine zartbesaitete Natur, tief¬
3133 3185 3259 3238 ständi.
1984 3217 3259 3278 empfindend oder mindestens empfindsam dis zum eintönig versan
1987 3261 3251 3312 Weinerlichen. Frau Franck vergriff nach unserer Ansicht Diese
3120 3302 3256 3348 berufn
1984 3309 3113 3359 diese Rolle oder vielmehr, sie eignet sich nicht dafür. Sie
3121 3338 3256 3387 Versar
1987 3344 3116 3408 war in ihren Affecten so gewaltsam und ungsstüm, wir
3134 3370 3260 3426 Köln 1
1985 3385 3110 3449 möchten sagen, so äußerlich, daß das reiche Junenleben
3133 3410 3246 3461 aus 2
1982 3430 3104 3480 dieser Christine in seinem stillen Walten, in seiner an¬
3123 3451 3248 3504 aus H
1985 3467 3114 3516 dächtigen Vertiefung darüber verloren ging. Der leiden¬
3120 3482 3258 3537 Leipzi
1987 3514 3252 3565 schaftliche Zug war zu stark, zu markig ausgeprägt;1 Jahre
1994 3554 3243 3619 Frau Franck, welche sich mit der Rolle viel Mühe gab und Deuts¬
1994 3603 3240 3654 lebendig spielte, mag dies etwas mildern. Herr Otto gab den gezäh
3121 3637 3249 3690 besitzt
1986 3641 3120 3701 Fritz Lobheimer als einen Lebemann, der nicht blos ein
3127 3674 3244 3726 auf, 1
1978 3677 3110 3725 wüster Don Juan ist, sondern einem Gretchen gegenüber
3130 3715 3252 3763 betruf
1984 3731 3114 3785 auch die stille Rührung eines Faust empfindet. Herr
3130 3756 3245 3804 congr
1996 3759 3109 3811 Taeger (ein Herr) zeigte eine ingrimmige durch gesell¬
3122 3791 3234 3841 einer
1991 3794 3100 3856 schaftliche Rücksichten kaum gemilderte Feindseligkeit. Herr
3125 3827 3252 3878 Lang
1990 3846 3108 3905 Körner, Hans Weiring, war ein sehr zärtlicher Vater
3127 3863 3240 3917 seine
1991 3894 3111 3964 und Fräul. Lauterbach (Katharina Binder) eine hämische
3130 3902 3234 3947 aller
3120 3938 3241 4001 Vert
1980 3929 2277 3995 Hausfreundin.
2518 3931 3060 4004 Rudolf von Gottschall.
3120 3975 3212 4026 den
3114 4009 3217 4074 Köl
3125 4049 3232 4112 geno
3097 4077 3220 4150 den
2220 4081 2895 4166 Sommerfest des Vereins
