3484 4320
327 235 714 307 Liebelei
342 233 1312 325 box 13/1
333 938 1125 1095 Dr. Max Goldschmidt
478 1082 1122 1154 Büro für Zeitungsausschnitte
855 1150 1288 1220 Teleion: Norden 3051
318 1156 603 1224 BERLIN N4
635 1251 967 1314 Ausschnitt aus:
438 1305 1178 1386 Hangoverscher Anzeiger
649 1369 952 1455 Marz ISET
605 1592 1085 1672 Deutsches Theater.
393 1653 1341 1726 „Liebelei“. Schauspiel von Arthur Schnitzler.
403 1705 1346 1770 Vor 20 Jahren hat Schnitzlers „Liebelei“ die Ge¬
364 1773 1353 1814 müter der Theaterbesucher gerührt, weil man in jener
352 1795 1339 1832 Zeit noch recht empfindjam war. Man liebte Sen¬
357 1826 1339 1874 timentalitaten, wenngleich es auch Kreise gab, die
354 1867 1341 1909 Ggesellschaftliche Schwächen nicht auf der Bühne sehen
611 1894 1352 1944 aus Prestigegrunden. Heute ist man
359 1910 534 1954 wallten
348 1937 1341 1980 reglistischer, die moderne Jugend weniger feinfühlig.
355 1960 1351 2029 Man will nicht mehr glauben, daß ein Mädchen, das
352 1997 1340 2041 den Liebhaber erst einige Tage kennt, ihm in den
351 2039 1342 2080 Tod folgt, nachdem er im Duell um eine andere
354 2071 1343 2111 Frau gefallen ist. Trotz der dünnen Handlung hatte
351 2100 1343 2148 das Schauspiel früher jahrelang einen guten Bühnen¬
358 2135 1346 2185 erfolg. Heute muß die Sa,wäche des Inhalts durch
367 2166 1346 2223 wirksames Spiel ersetzt werden. Man muß anerken¬
354 2208 1342 2254 nen, daß die Aufführung im Deutschen Theater am
351 2234 1346 2297 Sonntagabend dieser Anforderung gerecht wurde.
359 2285 1346 2329 Die geschickte Auswahl der Kräfte ergab ein gutes
356 2301 1351 2347 Zusammenarbeiten aller Teile, die sich zu einem ge¬
361 2340 1342 2410 schlossenen Ganzen verwebten. Paul Bohne hat
362 2358 1355 2429 sich als Spielleiter an die alten Vorbilder gehalten.
372 2413 1359 2457 Man sollte aber doch einmal überlegen, ob nicht eine
371 2430 1357 2501 Anderung ratsam ist die dem heutigen Empfinden
355 2477 1351 2535 näherkommt. So sollte man den Freund Theodor,
357 2514 1347 2553 der dem vertassenen Mädchen die Todesnachricht
358 2549 1348 2607 bringt, nicht mit theatralischer Feierlichkeit in Geh¬
361 2580 1357 2629 rock und Zylinder auftreten lassen. Ein einfacher
367 2623 1362 2662 dunkler Anzug würde die Situation in dem einfachen
373 2667 1354 2714 Stübchen des alten Violinspielers natürlicher er¬
368 2694 665 2748 scheinen lassen.
427 2717 1358 2774 Die Jugendrollen waren in besten Händen. Den
363 2752 1357 2815 ernst veranlagten Liebhaber Fritz stellte Walter
369 2791 1354 2831 Grüters in allen Momenten der wechselnden
369 2818 1358 2862 Stimmung durchaus glaubhaft dar. Er gab dem vom
375 2853 1353 2911 Gewissen bedrückten jungen Menschen, der den Aus¬
368 2889 1356 2945 gang aus seinem Irrweg sucht und doch vom Schicksal
366 2925 1363 2985 ereilt wird, überzeugenden Ausdruck. Auf den gleichen
373 2960 1363 3010 Ton wur die Christine der Margarete Schorn ab¬
369 2989 1362 3043 gestimmt, die in Sprache und Mimik viel Warm¬
365 3033 1359 3074 herzigkeit gab. Wenn der dramatische Höhepunkt im
372 3072 1375 3108 letzten Akt. als sie die Wahrheit erfährt, zu packender
366 3095 1363 3155 Wirkung emvorgehoben wurde, so ist es ihrer lebens¬
377 3135 1362 3186 vollen Darstellung zu danken, die der Szene den
366 3180 1367 3210 Ton der Echtheit verlieh. In Verbindung mit ihr
380 3203 1363 3245 charakterisierte Paul Bohne den alten Vater als
381 3248 1364 3292 eine sympathische Gestalt, die Mitleid erweckte. Seine
379 3281 1371 3321 tränenerstickten Schlußworte „Sie kommt nicht wie¬
384 3305 1366 3351 der“ hinterließen einen ergreifenden Eindruck. — Die
383 3339 1376 3388 fesche Freundin Mizi wurde von Putti Rupprecht
379 3389 1375 3428 mit der ihr eigenen Fröhlichkeit und Schelmerei ge¬
380 3411 1366 3461 spielt. Als Freund Theodor legte Walter Sieg die
383 3451 1364 3498 mit Humor gepaarte Schlauheit des leichtlebigen
384 3454 1381 3527 jungen Mannes an den Tag. Adele Hübsch und 4#
378 3499 1390 3575 Werner Böger fügten sich in ihren Evisodenrolle#
389 3547 1372 3602 dem Ganzen gut ein. Das Publikum zeigte sich sehs
379 3587 680 3641 Seifallsfreudig.
1741 721 1849 857 4
1910 825 2550 918 Dr. Max Goldschmidt
1916 899 2550 984 Büro für Zeitungsausschnitte
2271 961 2739 1033 Teleion: Norden 3051
1731 980 2022 1053 BERLIN N4
2061 1065 2405 1139 Ausschnitt aus:
1981 1123 2503 1214 Hamburger Echo
2337 1328 2756 1430 16. Apr 1927
2052 1444 2546 1518 Schnitzler: Liebelei.
1874 1501 2707 1571 Käthe-Dorsch-Gastspiel in den Kammerspielen.
1767 1550 2879 1600 Liebeoi, das ist ein melancholisches Wort, ist etwas, das nie
1712 1584 2885 1657 ganz ernst und nie ganz harmlos ist, ist Hoffnung und Verzicht,
1713 1649 2898 1693 ein Gaukeln, ein Tändeln mit großen Worten, ein gefährliches;
1716 1682 2879 1739 Spiel mit dem Feuer, das, wenns zündit, hell auflodert unb
1717 1711 2027 1768 Unheil anrichtet.
1777 1729 2888 1803 Für die wohlsitulerten Herren Reserveof###re Fritz und
1714 1775 2876 1833 Theodor ist's ein erholender Zeitvertreib nach ihren aufregender
1716 1827 2884 1874 Erlebnissen mit komplizierten Frauen. Für die Christine, dech
1713 1856 2889 1913 kleinen Musikankenmädel, aber war's erfüllte Sehnsucht diess
1708 1898 2881 1949 herrlichen Frühlings, war's tiefstes Glück, war's alles, wasdes
1709 1941 2883 1989 nur auf Erden gibt. Und als es plötzlich abschnitt, so ganz hn¬
1710 1981 2896 2034 vorbereitet, so hart und grausam — der Frißz fiel einer andern
1712 2013 2884 2060 wegen im Duell —, da sinkt in ihr alles zusammen, und mit dem
1709 2050 2884 2112 Blück die Hoffnung, der Lebensmut überhaupt, sie entflieht der
1706 2109 2891 2151 grauen Oede ihrer Seele und wird wohl nicht wiedergekommen sein.
1783 2128 2884 2177 Käthe Dorsch lieh dieser seinen psychologischen Studie
1711 2167 2893 2214 Schnitzlers in der Rolle der armen Christine das vielfältige
1714 2212 2883 2258 Leben ihrer reifen Kunst. Um die keimende tiefe Liebe
1709 2242 2889 2293 und Angst und Sorge dieses stillen, naiven, kostbaren
1714 2285 2883 2332 Menschen, der in dem weichen melancholischen Dialekt seiner
1725 2315 2882 2368 wienerischen Heimat spricht, wirklich überzeugend zu gestalten,
1717 2358 2903 2407 bedarf es einer ungemein strengen Oekonomie aller künstlerischen
1726 2398 2888 2451 Mittel. In einem zarten Mezzoforte, oft nur eben anklingendem,
1728 2439 2898 2483 gedämpftem Piano ersteht diese Rolle, um nur einmal
1905 2482 2889 2522 erheben zu dem durchdringenden Schrei der
1734 2477 1820 2524 sich
1728 2507 2888 2553 tödlich Getroffenen. Diese unendlich subtile Partitur verborgener
1734 2556 2895 2596 Regungen einer reinen Menschenseele mit selten schauspielerischer
1726 2588 2886 2641 Kultur zur vollen Geltung gebracht zu haben, ist die bedeutende
1722 2625 2105 2687 Leistung des Gastes.
1802 2646 2892 2711 In ihrer Aufgabe wurde sie in verständnisvoller Weise unter¬
1709 2697 2892 2759 stützt von dei guten schauspielerischen Arbeit ihrer Ensembles.
1794 2856 2904 2913 Der Beifall des überfüllten Hauses war stark und steigerte
2754 2897 2866 2959 Br.
1727 2902 2335 2968 sich zu ungewöhnlichem Ausdruck.
1800 2973 2902 3043 Der Donnerstag brachte ein als Tragödie endendes
1724 3037 2898 3081 Schauspiel aus dem Leben des gefälligen Wiener Mädels:
1725 3064 2898 3127 Flamme, von Hans Müller. Die Geschichte von dem
1734 3106 2896 3159 Künstleridealismus, der ein reizendes liebes Mädchen vor
1725 3147 2891 3204 dem Versinken retten, dabei aber auch sich selbst einen
1735 3183 2899 3232 Schaffensantrieb gewinnen möchte. Die Flamme im Blut macht
1739 3221 2905 3281 stillgeruhiges Leben dem Mädchen unerträglich, sie muß wieder
1729 3253 2895 3313 einmal in den Schlamm glitschen und wirft dann im Ekel
1727 3296 2902 3351 ihr Leben von sich. Wundersam führt die Dorsch ihre Rolle
1715 3331 2878 3407 durch, sie spricht zum Herzen; der Zuschauer möchte ihr
2725 3368 2907 3423 wünscht
1718 3377 2718 3425 das Blondhaar streicheln: liebes armes Ding! Er
1716 3413 2901 3471 dem Künstler allen Erfolg und bangt und zittert um den Ausgang.
1723 3452 2895 3497 Ein großes Spiel von packender Gewalt, außerordentlich, wie
1720 3494 2893 3539 durch die Unbedeutendheit des kleinen Mädchens der Dämon¬
1717 3517 2895 3591 bricht. Achtung aber auch vor den Mitspielern, die ihren Rollen
1727 3565 2903 3628 eignes Leben gaben und doch einen Nahmen bilden, in dem
2702 3597 2805 3667 R. V
1729 3602 2457 3666 Käthe Dorschs Bild wundersam leuchtet.
