3484 4256
564 143 663 214 be
269 139 1389 261 p. Liesslei box 13/8
2109 1137 2514 1234 S S
986 1173 1074 1262 We
1714 1202 2909 1286 Der literarische Leiter: „Die Anzeige ist wie üblich abgestempelt
410 1243 1663 1317 Weinreisenden Herrn R. D. festzustellen. Es war meine Absicht, den
1659 1266 1982 1337 und genehmigt.“
421 1289 1664 1364 Mann selbst aufzusuchen und ihn mit dem Bilde zu vergleichen, das
1703 1277 2911 1372 Der Universitätsrichter: „Da wird manches abgestempelt. Das
426 1349 1254 1398 aus seinem Inserat zu mir gesprochen hatte.
1673 1346 2898 1415 macht die Kanzlei. (!) Das geht nicht, daß da Leute wie Schnitzler,
476 1354 1652 1441 Diese Adresse lautete zu meiner Ueberraschung: Rosalie
1671 1386 2904 1466 solche nicht sincere (wörtlich!) Schriftsteller gelesen werden. Das
430 1415 1658 1491 Demony, Restaurateurswit we, Nue de Bergette 137,
1669 1443 2261 1512 geht nicht, Liebelei mit Damen.“
417 1476 801 1537 zweiter Stock.
1706 1470 2908 1528 Dann blätterte er in einer abgegriffenen Disziplinarordnung für
487 1496 1662 1572 Madame Demony war eine kleine, dicke, lustige Frau mit vier
1672 1511 2911 1583 Studierende, deren mittelalterliche Fassung den Studenten immer
425 1543 1663 1620 Kindern, die noch vom Geschäft ihres vor einem Jahr verstorbenen
1665 1550 2895 1614 noch minderjährig macht. Das Ende der geplanten „Liebelei“
430 1583 1665 1652 Gatten her einen Kontrakt über drei Kalbsköpfe wöchentlich mit einem
1668 1588 2901 1672 Schnitzlers, dieses nicht „finceren“ Schriftstellers, war, daß Damen
425 1628 1662 1696 Fleischer der Umgegend hatte und diese leckere Ware auf
1560 1644 2906 1717 auf ausgeschlossen wurden. Amtliche Wachsamkeit triumphierte über die
1316 1669 1568 1733 Sie halte
430 1673 1279 1731 jede mögliche Art loszuwerden versucht.
428 1694 2423 1786 ihr „feines“ Inserat, das ihr Sohn, der Reporter eines moralische Freizügigkeit der „Wilden“. —
429 1746 1700 1819 Pariser Sensationsblattes, ihr aufgesetzt hatte, nicht eine!—
429 1789 1681 1864 Offerte erhalten — außer der meinen! — und war darüber
436 1838 1676 1900 sehr ärgerlich. Denn der Vertrag geht noch bis zum Dezember, und
430 1880 1680 1952 sie kann Kalbsköpfe „nicht sehen“. Sie ist der Ansicht, die Regierung
429 1918 1688 1996 dürfte es nicht zugeben, daß solche Verträge den Witwen lästig
438 1966 1680 2041 fallen; Jaurês habe ganz recht, wenn er es „Briand besorgen wolle“.
443 2001 1681 2076 Geraspeltes Hirschenhorn kennt sie nicht. Mit Magen und Zubehör
438 2057 1163 2114 ist sie, Gott sei Dank, völlig zufrieden.
494 2064 1687 2151 Ob ich trotz dieser Enttäuschung meine Analyse an Sir Conan
425 2146 882 2209 Doyle schicken soll? —
487 2160 1690 2233 Für Beobachtungen und Schlußfolgerungen garantiere ich; nur
440 2233 1239 2299 der Mann mit###Kalbskopf stimmt nicht.
775 2303 1368 2383 Tiebelei mit Damen.
525 2361 1689 2439 Ein Leser in Leipzig schreibt uns: Der Karpf, den die
527 2405 1683 2471 #korporierten an der Berliner Universität auszufechten haben
557 2440 1683 2508 der durch lockendes Freibier und kostenlosen Fackelzug besäuftigt
565 2489 1686 2542 n soll, erinnert mich an ein anderes Ereignis, das sich zwar in
572 2511 1683 2586 escheideneren Grenzen bewegte, doch ein akademisches „Kampf¬
736 2565 1203 2622 arischem Boden darstellte.
592 2574 693 2624 auf lit
616 2575 1688 2667 Handlung spielt an einer großen mitteldeutschen Universität.
641 2646 1696 2702 ges wirft der „Bierrichter“ im Vorübergehen einen Blick auf
637 2676 1697 2749 Bestibül der Universität angebrachte schwarze Brett der
629 2714 1708 2788 und liest unter der literarischen Abteilung, daß eine Vorlesung
590 2760 1704 2828 chnitzlers ,Liebelei“ mit Damen stattfinden solle. Der ver¬
448 2775 570 2835 vonie
462 2795 1704 2874 antwortliche Abteilungsleiter wird darauf zitiert, und es entspinnt
460 2862 862 2921 sich folgender Dialog:
508 2878 1710 2948 Der Universitätsrichter (mit schütterem Haar, die Augenbrauen
468 2924 1704 2999 und elider mühsam emporziehend): Sie haben da in Ihrem
466 2972 1435 3071 ... Verein (1) Vorträge, wo Damen eingeladen sind.“
