3484 4256
262 194 671 277 Liebelei
257 181 1256 311 box 13/4
1028 1330 1403 1437 SSEHYER‘
830 1409 1503 1517 Wien, I., wollzeile Nr. 1.
935 1478 1432 1574 Teiefon R-23-0-43
854 1616 1374 1729 WIENFR NTEDER
1012 1683 1197 1790 28
1258 1660 1466 1787 1933
649 1772 1397 1838 Links: Luise Ollrich und Magca
649 1820 1404 1893 Schneider in „Liebelei“, nach dem
650 1857 1410 1928 gleichnämigen Stück von Arthur
658 1903 879 1961 Schnitzler.
2447 1159 2657 1208 I. Oesturr.
1900 1154 2775 1299 NIEIOBSERVER veneret. Kons.
2032 1225 2776 1275 Büro für Zeitungenachrieh br
2028 1262 2752 1331 WIEN I, WÖLLZEILE 11
2233 1292 2771 1394 Waarer Wutiestratt—
1953 1396 2070 1506 8
2211 1408 2742 1521 2 1. FEB. 193
2565 1457 2630 1568 925
2224 1547 2471 1612 Liebelei.
1838 1612 2956 1692 Schnitzler’s Schauspiel ist gleichzeitig im Thea¬
1751 1663 2952 1739 ter wie im Film zu schen. Die Gegenüberstellung der
1750 1722 2951 1776 beiden Kunstgattungen zeigt die Grenzlinien zwi¬
1747 1780 2956 1843 schen Theater- und Filmkungt. Das Filmwerk löst
1740 1815 2963 1887 die Schnitzler’sche Atmosphäre in eine geschickte
1747 1864 2963 1928 Bildfolge auf, die das Wien des Walzers und der
1743 1929 2947 1984 süßen Mädeln in anheimelnder Detailmalerei schil¬
1744 1968 2950 2029 dert. Die Schlittenfahrt des jungen Liebespaares
1741 2018 2974 2091 durch den verschneiten Wald zeigt das, was über¬
1750 2058 2942 2131 haupt der wesentlichste Reiz der Filmkenst ist, näm¬
1739 2107 2949 2185 lich: den Zauber einer Landschaft, das Glück junger
1741 2144 2946 2220 Liebe und ähnliche Stimmungswerte. Ein wunder¬
1745 2204 2954 2263 bares Bilderbuch der Lebensfreude wird vor dem
1741 2269 2951 2312 Zuschauer aufgeschlagen. Das Problem der Schnitz¬
1750 2304 2949 2366 ler’schen Dichtung voll und ganz auszuschöpfen,
1743 2352 2956 2401 liegt nicht im Rahmen der Filmkunst. Immerhin wird
1747 2403 2953 2457 die ideenreiche Regie Max Ophüls und die erstran¬
1749 2448 2951 2509 oige Darstellung der gewagten Aufgabe, den stoff¬
1753 2497 2954 2559 lichen Gehalt des Schauspiels gediegen zu gestalten,
1748 2545 2953 2581 vollauf gerecht. Wolfgang Liebeneiner ist von pak¬
1742 2588 2950 2638 kendster darstellerischer Intensität durchglüht; Luise
1746 2641 2945 2700 Ullrich entzückt mit ihrer urwienerischen Anmut.
1740 2679 2955 2740 Und die Szene, in der Willy Eichberger als Theo
1742 2736 2950 2796 gegen die Duellpflicht aufbegehrt und die Worte
1746 2782 2960 2839 „Jeder Schuß, der nicht in der Notwehr abgegeben
1742 2840 2952 2907 wird, ist Mord“ mannesmutig hervorschleudert,
1755 2882 2943 2947 stellt einen Höhepunkt dar, der schon um des pazi¬
1749 2929 2956 2994 fistischen Sinnes willen beachtenswert ist. Auch das
1738 2983 2962 3054 übrige Ensemble, Magda Schneider, Paul Hörbiger,
1739 3029 2963 3102 Olga Tschechowa, Gustav Gründgens gibt sein
1734 3068 1928 3131 Bestes.
