3484 4320
461 204 809 271 Liebele
289 204 1421 305 5. „1 box 12/1
1273 1509 1661 1590 Telephon 12.801.
715 1656 1468 1745 „ODSENTEN
553 1748 1654 1806 1. österr. beh. konz. Unternehmen für Zeitungs¬
775 1786 1459 1842 Ausschnitte und Bibliographie.
735 1832 1510 1919 Wien, I., Concordiaplatz 4.
965 1911 1298 1976 Vertretungen
578 1944 1663 2020 in Berlin, Brüssel, Budapest, Chicago, Cleveland, Christiar ia,
576 1988 1665 2064 Genf, Kopenhagen, London, Madrid, Mailand, Minncapo :s,
581 2039 1666 2108 New-Vork, Paris, Rom, San Francisco, Stockholm, St. Peters¬
981 2081 1281 2136 burg, Toronto.
920 2120 1317 2183 (Oaellenangabe ohne Gewähr.)
574 2190 970 2263 Ausschnitt aus:
992 2236 1590 2339 WARTS, BERLIN
582 2289 1069 2363 vom: „ÖMLO11
1127 2643 1354 2705 Musik.
681 2672 1835 2746 Das Schauspiel von Artur Schnitzler: „Die Liebelei“
611 2737 1848 2794 ist von Franz Neumann als Oper komponiert und am Freitag
614 2764 1849 2846 in der (Komischen Oper zum ersten Male aufgeführt worden.
690 2822 1840 2864 Das Spiel von der schlichten Musikerstochter Christine und ihrer
609 2852 1864 2908 raschen Hingebung an den jungen Mann, der halb liebt, halb liebelt¬
610 2889 1858 2941 und infolge einer früheren Liebelei im Duell fällt, darf wohl als
613 2939 1847 2983 bekannt vorausgesetzt werden. Ebenso die Stellung, die es sich in
615 2973 1848 3031 der modernen Theaterliteratur als ein sozusagen klassisches Stück
614 3015 1854 3065 errungen hat. Es liegt in der großen Linie, die vom „bürgerlichen
618 3055 1853 3110 Drama“ des 18. Jahrhunderts über Hebbel und Ludwig zu Ibsen
608 3089 1343 3140 und von da noch ungewiß weiterführt.
689 3097 1866 3175 Die Entwickelung zur schlichten Natürlichkeit erfolgte in der
610 3162 1858 3227 Oper viel später als im Dramg, Aus antikisierender Fürstenglorie
1810 1080 3045 1175 herausgewachsen, kannte die Oper bisher das Schlichtnatürliche
1809 1150 3042 1210 hauptsächlich nur als „komische" oder „Konversations"=Oper. Ihre
1812 1173 3049 1251 Erhebung zum musikalischen Drama durch Richard Wagner ging
1812 1226 3042 1299 ganz ausgesprochen ins Stilisierte, der unmittelbaren Wirklich¬
1813 1237 3033 1330 keit Ferne. Der Vers herrscht nahezu einzig, nur das „trockene“
1814 1289 3052 1371 („Secco=) Rezitativ war schon seit langem eine Vorbereitung von
1820 1324 3053 1408 Neuem. Bekommen wir nun endlich eine Oper unseres eigenen
1811 1365 3059 1459 Gegenwartslebens, wielleicht gax eine des Arbeiterlebens, und vor
1813 1427 2320 1491 allem eine „Prosa“=Oper?
1892 1429 3060 1518 Man möchte kurzweg sagen: „Unmöglich!“ Die Vertonung des
1820 1497 3055 1562 gesprochenen Satzes gibt ihm ein solches Gewicht, daß Alltagsreden
1824 1523 3050 1602 ganz unkomponierbar scheinen. Aber ehe sich die ästhetischen Be¬
1817 1551 3051 1636 denken durch Künstlertat beschämen lassen, tun sie mindestens gut,
1817 1607 3061 1665 die vorhandenen Anfänge des Neuen vorsichtig zu beobachten. Jetzt
1822 1631 3053 1724 sehen wir wieder: wird Unbedeutendes mit Gesangs= und Orchester¬
1832 1673 3063 1749 wucht ausgestattet, und müssen längere Auseinandersetzungen mit
1825 1704 3060 1786 dem verweilenden Zug aller Musik kämpfen, so dürfte dies der Tod
1829 1781 2323 1848 der neuen Richtung sein.
1909 1773 3072 1872 Franz Neumann kommt um derartige Nachwirkungen des
1822 1833 3063 1914 Aelteren in das Jüngere keineswegs ganz herum, und der noch
1826 1875 3051 1946 immer herrschende Mangel einer Dampfung des Orchesters tut das
1829 1908 3047 1995 Seinige hinzu. Aber der Komponist hat vor allem den glücklichen
1825 1948 3052 2024 Griff getan, manchmal das Orchester zum Sange schweigen zu
1822 1979 3074 2059 lassen, und verfügt über eine abgestufte Reihe vom hochgehenden
1825 2025 3057 2096 Operngesang bis zum Sprechton. Den Sington aber ganz zu
1839 2059 3067 2155 verlassen, wie es diesmal vielleicht nicht vom Komponisten, sondern
1829 2101 3067 2176 von der Regie angeordnet war, scheint uns doch völlig verfehlt zu
1836 2142 3067 2236 sein, da dadurch der gestellten Aufgabe ganz einfach nur aus¬
1828 2213 2098 2280 gewichen ist.
1912 2218 3069 2293 Daß unser Komponist reichlich die leichtfüßige Heiterkeit der
1832 2253 3073 2336 Liebelei mit der schweren Wucht der tragischen Liebe verflicht, daß
1833 2303 3066 2360 er seine Baßinstrumente tief in den Schicksalsabgrund hinunter¬
1840 2336 3075 2412 wühlen läßt, daß er in solchen musikalischen Illustrationen geschickter
1843 2385 3089 2455 ist als in der musikalischen Plastik selbst: all das ist nicht schwierig!
1844 2449 2107 2505 festzustellen.
1925 2437 3087 2530 Die Partie der Christine legt er von vornherein tragisch, wohl
1848 2487 3089 2563 zu tragisch an, zutreffend am meisten in der über sie gebreiteten
1843 2549 3093 2603 Scheu. Maria Labia ist eine viel zu große Tragödin, als daß sie
1858 2553 3102 2647 da in einer anderen Richtung ginge. Die Leidenschaftlichkeit ihres
1857 2611 3015 2689 Abschlusses erhebt sich zu einer geradezu denkwürdigen Größe.
1940 2658 3097 2724 Es war die letzte Premiere des von uns scheidenden Direktors
1867 2690 3098 2772 Gregor. Sie gab so wenig Gelegenheit zum Künsteln, daß unser!
1861 2718 3096 2817 Rückblick auf sein mehrjähriges fruchtbares Schaffen in Berlin sich
1854 2765 3097 2855 zu einer freudigen Anerkennung abrunden kann. Er hat im ganzen
1864 2804 3094 2879 nach einer Vernunft des musikalischen Dramas gestrebt. Im Hause
1871 2837 3096 2919 der Komischen Oper wird sein Werk vor der Operette weichen.
1869 2883 3092 2958 Sein Regisseur M. Moris will es in einem zukünftigen Theäter
2975 2927 3076 2974 Sr.
1873 2938 2786 3004 auf westlichem Stadtboden fortsetzen. Glück auf!
