3436 4224
277 150 681 223 Liebelei
177 154 706 264 5. Knnnnn
850 145 1277 247 box 13/8
1346 1007 1551 1102 SCHIK.
725 1026 862 1108 594
727 1126 2160 1214 Director Schlenther mit Hamlet zurufen kann:  Wirtschaft, Horatio,
738 1185 1040 1250 Wirtschaft!
851 1213 2146 1309 Gewiss wäre niem.I imstande gewesen, eine vollendere Reor¬
737 1303 2146 1357 ganisation in fünf Monaten zu bewerkstelligen. Es war von vorneherein
737 1331 2153 1396 klar, dass man aus den ersten Schritten des neuen Directors nur die
731 1387 2157 1435 Richtung, die er einzuschlagen, und die Mittel, die er zu wählen
738 1436 2153 1486 gedenke, würde constatieren können. Es handelte sich vorläußg nur um die
730 1487 2157 1539 Anbahnung, nicht um die Durchführung von Reformen. Wer schon
731 1525 2154 1600 in dieser kurzen Zeit systemlos vorgegangen ist, dem dürfte es schwer
736 1570 1462 1635 werden, in der Folge zu genügen.
842 1614 2157 1686 Für eine achtjährige Probezeit aber, wie sie Herr Burckhard
733 1670 2137 1725 ablegte, hat das Burgtheater in dem Zustande, wie dieser es zurück¬
741 1710 1416 1768 gelassen, keine Tragkraft mehr.
843 1745 2151 1816 Die provisorische Berufung des Herrn Schlentl.er mag den löb¬
733 1818 2154 1878 lichsten Intentionen entsprochen haben; nun wir ihn durch mehr
742 1855 2147 1913 als vier Monate am Werke gesehen, würde ein Definitivwerden seiner
729 1910 2164 1966 Directionsführung darauf schliessen lassen, man habe sich mit der Idee,
737 1954 2023 2007 dass ein Hoftheater zweiter Güte für Wien genüge, abgefunden.
