3392 4256
423 220 800 293 Liebelei
252 213 1393 335 3. box 11/1
1376 828 1832 941 der Wr
1360 904 2153 995 BERLIN N., Augüstsrr-e.
1526 977 2087 1044 Telephon Amt III. No. 3051.
1309 1022 2306 1093 r
1646 1069 1978 1154 Ausschnitt
1259 1073 1627 1140 Teisgrunmn Sdreser
1266 1131 1631 1185 601DSCHMIDT. Auguststr. 87.
1754 1140 1855 1198 aus
1499 1350 1922 1455 Earmer Zeitung
1548 1652 1930 1768 4- JAN. 1902
1347 2038 2134 2126 Kunst, Wissenschaft und Leben.
1854 2101 2277 2163 Barmen, 4. Januar.
1236 2159 2350 2215 HM [Barmer Stadttheater.] Arthur Schnitzlers
1145 2197 2334 2243 Schauspiel „Liebelei“ — man muß es schon Tragödie, nicht
1150 2230 2342 2285 Schauspiel nennen — ging gestern Abend zum ersten Mal an
1147 2272 2342 2318 unserer Bühne in Scene. Es war eine der besten Vorstellungen
1141 2311 2337 2358 der Saison, sowohl in den Ensemble= wie in den Einzelleistungen,
1157 2353 2342 2404 sowohl in der stimmungsvollen Inscenirung wie in der feinen Ab¬
1153 2395 2336 2442 tönung der Scenenführung. Die Wirkung des Stückes gestaltete
1151 2431 2339 2479 sich daher tiefergreifend, sogar erschütternd. Die Ballade eines
1139 2457 2374 2542 Mädchenherzens ist sein Inhalt. Ein Mädchen liebt einen Knaben
1211 2507 2349 2558 so heißt es wohl in alten Liedern — sie haben ihn draußen in
1140 2547 2328 2589 der Welt erschossen; und so erstirbt süße Liebe in wilder Klage.
1141 2576 2327 2630 Dieser Ballade gibt Schnitzler nun das moderne Wiener Milieu,
1153 2622 2342 2668 das Mädchen ist das süße Wiener Madel, das doch bis in den
1155 2668 2341 2711 Tod lieben kann, der liebe Knabe ist ein flotter, etwas leichtsinniger
1160 2702 2339 2751 Junge, und der Schuß wird das dramatische Moment des Stückes: in
1155 2735 2331 2788 einem Duell fällt Fritz Lobheimer, aber nicht seines lieben Mädchens,
1159 2780 2345 2833 sondern einer Frau wegen, deren Gatte ihn vor die Pistole gefordert
1161 2820 2339 2871 hat. Und von dieser traurig=schrecklichen Geschichte erfährt Christine
1157 2856 2341 2900 nicht eher, als bis sie den Geliebten schon beerdigt haben — kein
1147 2901 2335 2942 Zeichen der Liebe hat er für sie hinterlassen, um einer Andern
1151 2933 2346 2971 willen ist er gestorben und sie war ihm nichts als eine Liebelei
1159 2971 2348 3025 für müßige Stunden. Da schreit der ganze Jammer ihres Herzens
1151 3013 2342 3059 auf, und aus den Armen ihres unglücklichen Vaters stürzt sie fort,
1153 3056 2340 3099 um nie wiederzukehren. Stimmung ist das Element dieses dichterischen
1158 3088 2345 3143 Werkes, und zwar Stimmung gemischt aus feinen und doch disso¬
1155 3126 2347 3175 nirenden Accorden. In die heitere Lebenslust des ersten Actes
1149 3166 2333 3212 klingt das düstere Motiv des Todes hinein, das für die weiteren
1152 3213 2345 3258 Scenen der mitschwingende Grundton bleibt und am Schluß grell
1148 3242 2343 3288 und schneidend hervortritt wie in einer alten schottischen Ballade.
1157 3279 2335 3336 Unser Ensemble vollbrachte die künstlerische That, diesen Stimmungen
1162 3329 2345 3379 in sicherster Weise gerecht zu werden. Frl. Robert bot als
1158 3376 2344 3411 Christine die vortrefflichste Leistung, die wir bisher von ihr gesehen,
1157 3407 2350 3454 und den Beweis eines starken Talentes. In geradezu vollendeter
1159 3449 2329 3490 Weise wußte sie das Stille, Weiche, Empfindsame des armen
1152 3476 2335 3529 Mädchens zu der leidenschaftlichen Extase des letzten Actes zu steigern,
1161 3518 2325 3566 Herr Kaiser als Fritz Lobheimer bekundete nicht minder die
1159 3557 2320 3608 leichtflüssige Natürlichkeit und Wärme seines Conversationstalentes
1151 3596 2323 3656 den inneren Druck, die gepreßte Stimmung der Rolle verstand er
1165 3624 2325 3690 vorzüglich herauszuarbeiten, während Herr Leicht den vollen
1170 3682 2332 3722 Humor und die lebemännische Ueberlegenheit des leichtlebigen¬
1182 3705 2334 3773 Freundes und Frl. Ganella die ganze Munterkeit des leicht¬
1177 3748 2337 3798 lebigen Wiener Madels offenbarten. Herr Richard bot als alter
1153 3787 2334 3848 Violinspieler eine gutgezeichnete Charge, und Herr Heyse
1203 3816 2347 3874 estaltete seinen „Herrn“ zu einem wirksamen scenischen Intermezzo.
1342 3874 2353 3927 Inscenirung und Regie wird wohl Herrn Director
1157 3910 2042 3976 Steinert die Anerkennung zuzuschreiben sein.
