3436 4192
394 144 780 214 Liebelei
920 139 1350 239 box 12/4
230 143 894 258 3. M
743 822 1109 873 enangabe ohne Gewähr.)
665 833 1441 940 Sönn- u. Montags Zeitung, Wien
335 902 756 980 Ausschnitt aus:
810 946 1097 1045 20071913
339 1015 500 1066 vom:
401 1066 1428 1155 (olboper) „Liebelei“, Oper von 8. Neumann. —
282 1127 1444 1203 Emmy Destinn. — Kein Zweifel, daß Artur Schnitzlers „Liebelei“
275 1177 1453 1240 sich vortrefflich für ein Opernbuch eignet. Das ganze Prosastück
279 1216 1449 1311 aber — ohne es vorher mit Rücksicht auf musikalische Gesichtspunkte
282 1272 1453 1335 entsprechend umzugestalten — sozusagen mit Haut und Haar durch¬
283 1329 1446 1392 zukomponieren, wie es Franz Neumann getan, war ein verfehltes
286 1394 1446 1437 Experiment. Die Dichtung ragt, auch unter Musik gesetzt, als drama¬
275 1424 1443 1474 tisches Meisterwerk hervor und büßt kaum etwas von ihrer tief¬
279 1463 1453 1538 gehenden Wirkung ein. Diese Wirkung noch zu erhöhen, dazu hätte
285 1526 1451 1585 es wohl einen Komponisten von eigenartigerer und größerer
274 1567 1445 1630 schöpferischer Begabung gebraucht als es Neumann ist. Er folgt dem
284 1616 1443 1682 Dichter nur wie aus weiter Ferne, von einer psychologischen Ver¬
282 1679 1445 1723 tiefung ist bei seiner Art der musikalischen Illustration keine Spur.
279 1723 1445 1774 Seine Motive charakterisieren Lustigkeit, Traurigkeit und Sentimentalität,
281 1764 1452 1812 doch das Unaussprechbare, das, was jenseits des Wortes sich andeutet,
285 1811 1450 1871 kommt nicht zum Ausdruck. Wie im Kaleidoskop wechseln die Bilder
277 1851 1449 1918 im Orchester, das auch zur Alltagsprosa, die in Musik nicht lösbar
287 1924 1455 1967 ist, erklingt; ängstlich ist es fortwährend hinter der Rede her. Ein
290 1953 1458 2012 Sklave des Wortes, spänelt es uns die Musik zu, fasert Toncharpie.
294 2001 1452 2065 Der Häckerling der Motive will sich fast nie zu zusammenhängenden
291 2042 1460 2126 Sätzen, zu stärkerer Entfaltung des Melodischen verdichten. Eine
285 2094 1461 2169 jewisse dramatische Technik und Geschicklichkeit in der Behandlung
284 2148 1463 2226 des Orchesters muß dem Komponisten, der sich als tüchtiger Musiker
299 2208 1457 2256 okumentiert, nachgerühmt werden, doch fehlt das Zwingende, aus
290 2265 1456 2316 Tiefen Schöpfende, das dieser Musik erst das Weltbürgerrecht der
302 2302 1452 2355 künstlerschaft verleihen würde und das von dem Vertoner gerade
300 2347 1463 2405 ieses Schauspieles verlangt werden müßte. Der Novität
291 2389 1451 2449 ourde in der Volksoper eine sehr gute und temperamentvolle Auf¬
292 2457 1460 2504 ührung zuteil. Eine besonders glänzende Leistung, sowohl gesanglich
306 2493 1464 2550 die schauspielerisch, bot Fräulein Engel (Christine), von der man
330 2613 1508 2661 noch Großes zu erwarten hat. Famos waren auch die Herren Luß¬
330 2653 1507 2711 mann und Brand, und Fräulein Macha, sowie die Herren
335 2689 1510 2747 Bandler und Klein trugen gleichfalls zum Gelingen der von
328 2746 1501 2797 Kapellmeister Tittel mit vielem Schwung geleiteten Vorstellung bei.
399 2797 1512 2849 An zwei Abenden der verflossenen Woche trat Emmy Destinn
332 2834 1509 2902 als Aida und Senta auf. Die Künstlerin scheint gegenwärtig gegen
332 2887 1513 2936 eine gewisse Müdigkeit ankämpfen zu müssen — ihr rassiges Tempera¬
331 2933 1505 2982 ment kam nur an einigen Höhepunkten zur Geltung — aber immerhin
330 2979 1509 3044 konnte man sich an ihrer hervorragenden Gesangskunst und an ihrer
336 3028 1510 3097 Stimme erfreuen, diesem prächtigen Instrument, in allen Registern
341 3093 1507 3158 geschmeidig und biegsam, über das zündendste Forte wie über das
1351 3120 1475 3193 rbt.
337 3121 895 3202 delikateste Mezzavoce verfügend.
463 3153 1398 3250 — wIatdrs I Mn
2062 1381 2569 1464 Wuchenangabe ohne Gewähr.)
1832 1460 2195 1533 usschnitt aus:
2193 1443 2903 1595 Wontads. Pott rondl. Mät.), Wien
1797 1574 1920 1626 vom:
1907 1580 2213 1674 B
1916 1637 2723 1743 parkett und Lühne.
1842 1721 2855 1809 Der jüngste deutsche Opernkomponist — ein Tscheche.
1812 1792 2954 1859 „Herr Franz Neum ann ist ein Glückspilz. Als er uns die
1737 1833 2959 1907 Musik zu Schnitzl### „Liebelei“ präsentierte, wurde er geradezu ver¬
1736 1887 2950 1952 zärtelt und verhätschelt. Ein heimischer Komponist! Das Schlag¬
1735 1935 2957 2008 wort verfehlte nicht seine Wirkung und das gespendete Lob fiel
1740 1979 2975 2055 an keinen Unwürdigen. Franz Neumann ist, wie man weiß, Ka¬
1740 2037 2961 2097 pellmeister an der Frankfurter Oper, und es geht die Sage von ihm,
1740 2083 2969 2146 daß er mit ernstem künstlerischem Bemühen daran ist, die deutsche
1738 2123 2536 2192 Oper in Frankfurt zu neuer Blüte zu bringen,
1816 2181 2955 2257 Eines allerdings fiel auf: Die Musik stimmte manchmal nicht
1726 2229 2952 2286 ganz zum Charakter des Urbildes des Wiener „Süßen Mädels“. Es
1734 2285 2948 2336 fehlte ihr die Bodenständigkeit, der Duft des Wiener Waldes,
1736 2316 2290 2390 die Wienerische Urwüchsigkeit.
1821 2372 3042 2433 Das mag nun seine guten Gründe haben. Herr Neumann —
1730 2428 2958 2496 hat in seiner Jugend kein Wienerisch gehört. Im Gegenteil. Seine
1728 2478 2954 2539 Muttersprache ist das Tschechische. Er mußte Tschechisch sprechen,
1726 2524 2943 2600 ob er wollte oder nicht, denn sein Vater, damals ein ehrsamer Fleisch¬
1727 2572 2958 2644 hauer, ist Gemeinderat und wehe dem Proßnitzer Gemeinderat, dessen
1738 2627 2685 2683 Kinder so entartet sein sollten, Deutsch zu reden.
1813 2686 2943 2740 Herr Neumann senior ist noch immer tschechischer Gemeinderat
1734 2727 2950 2797 von Proßnitz, und es ist riestg erfreulich, daß das seinem Sehne
1734 2768 2420 2830 Sohne — nicht weiter geschadet hat.
