<?xml version="1.0" encoding="UTF-8" standalone="yes"?>
<PcGts xmlns="http://schema.primaresearch.org/PAGE/gts/pagecontent/2013-07-15" xmlns:xsi="http://www.w3.org/2001/XMLSchema-instance" xsi:schemaLocation="http://schema.primaresearch.org/PAGE/gts/pagecontent/2013-07-15 http://schema.primaresearch.org/PAGE/gts/pagecontent/2013-07-15/pagecontent.xsd">
    <Metadata>
        <Creator>prov=University of Rostock/Institute of Mathematics/CITlab/Gundram Leifert/gundram.leifert@uni-rostock.de:name=ONB_Newseye_GT_M1+(htr_id=10810)::::v=2.4.2
prov=University of Rostock/Institute of Mathematics/CITlab/Tobias Gruening/tobias.gruening@uni-rostock.de:name=de.uros.citlab.module.baseline2polygon.B2PSeamMultiOriented:v=2.4.2
prov=University of Rostock/Institute of Mathematics/CITlab/Tobias Gruening/tobias.gruening@uni-rostock.de:name=/mnt/transkribus/LA/DEA/URO/LA_news_onb_att.pb:de.uros.citlab.segmentation.CITlab_LA_ML:v=2.4.2
Transkribus</Creator>
        <Created>2019-10-07T12:05:51.888+02:00</Created>
        <LastChange>2019-10-09T22:21:29.515+02:00</LastChange>
        <TranskribusMetadata docId="223992" pageId="9510281" pageNr="2088" tsid="16689901" status="IN_PROGRESS" userId="40391" imgUrl="https://files.transkribus.eu/Get?id=BLJMKOCPBFMXYOSTDBATJRDP&amp;fileType=view" xmlUrl="https://files.transkribus.eu/Get?id=YSDJVTBOZJPWHSLEHDXSOIVP" imageId="6198983"/>
    </Metadata>
    <Page imageFilename="223992_2088.jpeg" imageWidth="3436" imageHeight="4192">
        <ReadingOrder>
            <OrderedGroup id="ro_1711446612554" caption="Regions reading order">
                <RegionRefIndexed index="0" regionRef="r1"/>
            </OrderedGroup>
        </ReadingOrder>
        <TextRegion orientation="0.0" id="r1" custom="readingOrder {index:0;}">
            <Coords points="140,205 140,4000 3248,4000 3248,205"/>
            <TextLine id="r1l1" custom="readingOrder {index:0;}">
                <Coords points="303,235 451,244 470,229 500,243 519,232 675,233 674,165 647,158 598,178 575,163 499,171 476,157 397,177 367,177 340,158 302,167"/>
                <Baseline points="323,230 348,229 374,228 399,228 425,227 451,226 476,226 502,225 527,225 553,225 579,225 604,225 630,225 656,226"/>
                <TextEquiv>
                    <Unicode>Liebelei</Unicode>
                </TextEquiv>
            </TextLine>
            <TextLine id="r1l2" custom="readingOrder {index:1;}">
                <Coords points="124,270 879,276 1018,223 1118,270 1266,252 1263,149 1176,140 925,142 786,206 517,223 373,223 315,167 251,203 167,163 122,191"/>
                <Baseline points="140,228 195,237 250,244 305,249 361,252 416,253 471,253 526,252 582,250 637,247 692,244 747,240 803,236 858,233 913,229 968,227 1024,226 1079,225 1134,226 1189,228 1245,232"/>
                <TextEquiv>
                    <Unicode>5. Lieseler box 13/8</Unicode>
                </TextEquiv>
            </TextLine>
            <TextLine id="r1l3" custom="readingOrder {index:2;}">
                <Coords points="1056,644 1170,648 1181,640 1333,652 1335,580 1312,580 1283,548 1267,556 1195,546 1180,557 1169,545 1150,545 1138,556 1119,548 1104,559 1059,550"/>
                <Baseline points="1076,614 1102,613 1129,613 1155,613 1182,613 1208,614 1235,616 1261,617 1288,618 1315,620"/>
                <TextEquiv>
                    <Unicode>Rapten 961.</Unicode>
                </TextEquiv>
            </TextLine>
            <TextLine id="r1l4" custom="readingOrder {index:3;}">
                <Coords points="1007,651 1025,646 1028,641 1032,644 1058,637 1037,564 1019,569 1016,574 1003,570 985,575"/>
                <Baseline points="1018,618 1032,614"/>
                <TextEquiv>
                    <Unicode>1</Unicode>
                </TextEquiv>
            </TextLine>
            <TextLine id="r1l5" custom="readingOrder {index:4;}">
                <Coords points="438,776 1121,796 1123,648 880,629 850,606 717,646 542,637 504,674 439,677"/>
                <Baseline points="458,776 490,773 522,770 554,769 587,767 619,766 651,766 683,766 716,767 748,767 780,769 812,769 845,771 877,772 909,773 941,775 974,775 1006,776 1038,776 1070,776 1103,775"/>
                <TextEquiv>
                    <Unicode>„OBSERVER“</Unicode>
                </TextEquiv>
            </TextLine>
            <TextLine id="r1l6" custom="readingOrder {index:5;}">
                <Coords points="227,835 1350,849 1351,796 1215,785 229,763"/>
                <Baseline points="248,819 302,821 356,822 410,823 464,824 519,825 573,827 627,828 681,829 735,830 790,831 844,832 898,833 952,834 1006,835 1061,836 1115,837 1169,837 1223,838 1277,839 1332,839"/>
                <TextEquiv>
                    <Unicode>1. Uaterr. behördl. konz. Unternehmen für Zeitungs-Ausechnltte</Unicode>
                </TextEquiv>
            </TextLine>
            <TextLine id="r1l7" custom="readingOrder {index:6;}">
                <Coords points="415,907 499,890 639,912 662,889 1174,918 1175,854 1126,845 417,831"/>
                <Baseline points="436,879 471,879 507,880 543,880 579,881 615,882 651,883 687,884 723,885 759,885 795,886 830,887 866,888 902,888 938,889 974,890 1010,890 1046,890 1082,891 1118,891 1154,891"/>
                <TextEquiv>
                    <Unicode>Wien, I., Concordiaplatz 4.</Unicode>
                </TextEquiv>
            </TextLine>
            <TextLine id="r1l8" custom="readingOrder {index:7;}">
                <Coords points="614,937 649,934 671,953 789,943 868,955 880,944 906,960 937,930 967,942 968,885 892,903 793,894 763,905 664,888 641,907 615,903"/>
                <Baseline points="633,934 659,933 685,932 711,932 737,932 763,933 790,933 816,934 842,934 868,935 894,935 920,936 947,936"/>
                <TextEquiv>
                    <Unicode>Vertretungen</Unicode>
                </TextEquiv>
            </TextLine>
            <TextLine id="r1l9" custom="readingOrder {index:8;}">
                <Coords points="228,988 1343,1020 1345,941 229,939"/>
                <Baseline points="247,972 303,973 360,975 417,977 474,978 530,979 587,980 644,981 701,982 758,983 814,984 871,985 928,986 985,988 1042,989 1098,990 1155,992 1212,994 1269,997 1326,999"/>
                <TextEquiv>
                    <Unicode>in Berlin, Basel, Budapest, Chicago, Cleveland, Christianis,</Unicode>
                </TextEquiv>
            </TextLine>
            <TextLine id="r1l10" custom="readingOrder {index:9;}">
                <Coords points="234,1021 1334,1046 1335,992 235,975"/>
                <Baseline points="253,1012 306,1014 359,1016 412,1018 465,1019 518,1020 571,1021 624,1022 677,1022 730,1023 784,1023 837,1024 890,1024 943,1025 996,1025 1049,1026 1102,1027 1155,1028 1208,1030 1261,1032 1315,1034"/>
                <TextEquiv>
                    <Unicode>Genf, Kopenhagen, London, Madrid, Mailand, Minneapolie,</Unicode>
                </TextEquiv>
            </TextLine>
            <TextLine id="r1l11" custom="readingOrder {index:10;}">
                <Coords points="232,1060 1328,1101 1329,1040 233,1022"/>
                <Baseline points="252,1050 307,1051 363,1052 419,1053 474,1054 530,1055 586,1057 642,1058 697,1059 753,1060 809,1062 865,1063 920,1064 976,1065 1032,1066 1088,1067 1143,1068 1199,1069 1255,1070 1311,1071"/>
                <TextEquiv>
                    <Unicode>New-Vork, Paris, Rom, San Francisco, Stockheim, St Peters¬</Unicode>
                </TextEquiv>
            </TextLine>
            <TextLine id="r1l12" custom="readingOrder {index:11;}">
                <Coords points="621,1100 670,1112 742,1113 761,1098 780,1113 916,1115 962,1096 962,1066 940,1062 621,1066"/>
                <Baseline points="638,1096 663,1098 689,1099 714,1100 740,1101 765,1101 791,1101 816,1101 842,1101 867,1101 893,1101 918,1101 944,1102"/>
                <TextEquiv>
                    <Unicode>burg, Toronto.</Unicode>
                </TextEquiv>
            </TextLine>
            <TextLine id="r1l13" custom="readingOrder {index:12;}">
                <Coords points="545,1163 602,1169 686,1149 769,1171 796,1149 924,1181 994,1153 1020,1162 1022,1112 950,1094 919,1112 794,1115 760,1099 642,1106 620,1086 548,1095"/>
                <Baseline points="564,1136 589,1137 615,1137 641,1138 667,1139 693,1139 718,1140 744,1141 770,1141 796,1142 822,1143 848,1144 873,1145 899,1146 925,1148 951,1150 977,1152 1003,1154"/>
                <TextEquiv>
                    <Unicode>(Quellenangabe ahrs dswülI.</Unicode>
                </TextEquiv>
            </TextLine>
            <TextLine id="r1l14" custom="readingOrder {index:13;}">
                <Coords points="216,1228 299,1234 315,1219 334,1235 387,1225 424,1242 452,1220 505,1217 565,1238 607,1224 609,1167 552,1154 537,1165 503,1137 488,1148 431,1139 366,1168 309,1166 283,1139 244,1164 218,1156"/>
                <Baseline points="237,1200 262,1202 287,1203 312,1205 337,1205 362,1207 387,1207 413,1208 438,1208 463,1208 488,1209 513,1209 538,1210 563,1211 589,1212"/>
                <TextEquiv>
                    <Unicode>Ausschnitt aus:</Unicode>
                </TextEquiv>
            </TextLine>
            <TextLine id="r1l15" custom="readingOrder {index:14;}">
                <Coords points="546,1292 580,1289 584,1293 603,1293 614,1305 621,1305 633,1294 660,1295 661,1234 642,1234 620,1214 613,1218 605,1214 574,1239 547,1239"/>
                <Baseline points="567,1274 592,1273 617,1274 643,1276"/>
                <TextEquiv>
                    <Unicode>4</Unicode>
                </TextEquiv>
            </TextLine>
            <TextLine id="r1l16" custom="readingOrder {index:15;}">
                <Coords points="212,1365 1140,1423 1259,1401 1263,1348 1087,1312 868,1343 474,1269 217,1293"/>
                <Baseline points="236,1320 286,1332 336,1342 386,1351 436,1359 487,1366 537,1372 587,1377 637,1380 687,1384 738,1386 788,1389 838,1391 888,1392 938,1394 989,1395 1039,1396 1089,1398 1139,1400 1189,1402 1240,1404"/>
                <TextEquiv>
                    <Unicode>mescne Rundschau, Berlig</Unicode>
                </TextEquiv>
            </TextLine>
            <TextLine id="r1l17" custom="readingOrder {index:16;}">
                <Coords points="209,1430 1544,1447 1545,1375 1488,1370 1222,1404 210,1384"/>
                <Baseline points="229,1420 293,1420 358,1421 423,1422 488,1423 553,1424 618,1426 683,1427 748,1428 813,1429 878,1430 942,1431 1007,1433 1072,1434 1137,1435 1202,1435 1267,1436 1332,1437 1397,1437 1462,1438 1527,1438"/>
                <TextEquiv>
                    <Unicode>Sidenn er zu sich selbst zurückgefunden hal, noch Erstemiches Listeln.</Unicode>
                </TextEquiv>
            </TextLine>
            <TextLine id="r1l18" custom="readingOrder {index:17;}">
                <Coords points="305,1469 1789,1501 1842,1487 1843,1419 306,1431"/>
                <Baseline points="326,1467 400,1468 475,1469 550,1471 625,1472 700,1473 775,1475 849,1476 924,1477 999,1478 1074,1480 1149,1481 1224,1482 1299,1483 1373,1483 1448,1484 1523,1485 1598,1486 1673,1486 1748,1487 1823,1487"/>
                <TextEquiv>
                    <Unicode>Ja, die Modeströmungen! Ihnen verdanken wir auch ein so völlig verfehltes</Unicode>
                </TextEquiv>
            </TextLine>
            <TextLine id="r1l19" custom="readingOrder {index:18;}">
                <Coords points="178,1543 1801,1549 1848,1493 179,1452"/>
                <Baseline points="197,1509 278,1511 360,1513 441,1514 523,1516 604,1518 686,1519 767,1521 849,1522 930,1524 1012,1525 1094,1526 1175,1527 1257,1528 1338,1529 1420,1530 1501,1531 1583,1532 1664,1533 1746,1533 1828,1534"/>
                <TextEquiv>
                    <Unicode>2=Stück wie die Vermusizierung von Schnitzlers „Liebelei“ durch Franz Neumann.</Unicode>
                </TextEquiv>
            </TextLine>
            <TextLine id="r1l20" custom="readingOrder {index:19;}">
                <Coords points="207,1578 1830,1596 1831,1535 208,1517"/>
                <Baseline points="226,1556 305,1559 384,1560 463,1562 543,1563 622,1565 701,1566 780,1568 860,1569 939,1570 1018,1571 1097,1572 1177,1574 1256,1575 1335,1576 1414,1577 1494,1578 1573,1579 1652,1580 1731,1581 1811,1582"/>
                <TextEquiv>
                    <Unicode>Nach berühmten, aber nicht nachahmenswerken Mustern hat er über dies Prosa¬</Unicode>
                </TextEquiv>
            </TextLine>
            <TextLine id="r1l21" custom="readingOrder {index:20;}">
                <Coords points="206,1612 1841,1622 1667,1578 206,1558"/>
                <Baseline points="225,1608 304,1608 384,1609 464,1610 544,1611 623,1612 703,1614 783,1615 863,1617 942,1618 1022,1620 1102,1621 1182,1622 1261,1623 1341,1624 1421,1625 1501,1626 1580,1626 1660,1626 1740,1626 1820,1625"/>
                <TextEquiv>
                    <Unicode>stück ein musikalisches Mäntelchen gebreitet, das hier nur eine Funktion erfüllt:</Unicode>
                </TextEquiv>
            </TextLine>
            <TextLine id="r1l22" custom="readingOrder {index:21;}">
                <Coords points="212,1664 1832,1672 1832,1626 213,1611"/>
                <Baseline points="232,1655 315,1656 398,1658 481,1660 564,1661 647,1663 730,1664 813,1665 896,1666 979,1666 1063,1667 1146,1668 1229,1669 1312,1669 1395,1670 1478,1671 1561,1672 1644,1673 1727,1674 1811,1676"/>
                <TextEquiv>
                    <Unicode>das Spiel ungebührlich zu verlängern, die Konversation schwer verständlich zu</Unicode>
                </TextEquiv>
            </TextLine>
            <TextLine id="r1l23" custom="readingOrder {index:22;}">
                <Coords points="212,1713 1673,1741 1832,1724 1833,1674 213,1660"/>
                <Baseline points="230,1700 309,1702 388,1704 467,1706 546,1707 626,1708 705,1709 784,1710 863,1711 942,1712 1022,1713 1101,1713 1180,1714 1259,1715 1338,1715 1418,1716 1497,1717 1576,1717 1655,1718 1734,1719 1814,1720"/>
                <TextEquiv>
                    <Unicode>machen — kurz, das Interesse, welches das Schauspiel erwecken könnte, abzutöten</Unicode>
                </TextEquiv>
            </TextLine>
            <TextLine id="r1l24" custom="readingOrder {index:23;}">
                <Coords points="197,1763 1795,1780 1841,1719 198,1702"/>
                <Baseline points="218,1746 298,1747 378,1749 458,1750 538,1751 619,1752 699,1753 779,1754 859,1756 939,1757 1020,1758 1100,1759 1180,1760 1260,1761 1340,1761 1421,1762 1501,1763 1581,1764 1661,1765 1741,1766 1822,1767"/>
                <TextEquiv>
                    <Unicode>und das Ganze zu verlangweilen. Ob der Tonsatz talentvoll ist oder nicht, ist bei</Unicode>
                </TextEquiv>
            </TextLine>
            <TextLine id="r1l25" custom="readingOrder {index:24;}">
                <Coords points="206,1801 1841,1813 1841,1760 206,1755"/>
                <Baseline points="226,1793 305,1794 385,1796 465,1797 545,1799 625,1800 704,1801 784,1802 864,1803 944,1804 1024,1805 1103,1806 1183,1807 1263,1807 1343,1808 1423,1809 1502,1810 1582,1811 1662,1812 1742,1812 1822,1813"/>
                <TextEquiv>
                    <Unicode>dieser Sachlage ziemlich belanglos. Möchten die Komponisten doch endlich ein¬</Unicode>
                </TextEquiv>
            </TextLine>
            <TextLine id="r1l26" custom="readingOrder {index:25;}">
                <Coords points="212,1857 1832,1874 1833,1817 213,1797"/>
                <Baseline points="230,1843 309,1844 388,1845 467,1846 546,1847 625,1848 704,1849 784,1850 863,1851 942,1852 1021,1853 1100,1854 1179,1855 1258,1856 1338,1856 1417,1857 1496,1857 1575,1857 1654,1858 1733,1858 1813,1858"/>
                <TextEquiv>
                    <Unicode>sehen, daß die Musik andere Aufgaben hat, als zu irgend welchen Bühnenvorgängen</Unicode>
                </TextEquiv>
            </TextLine>
            <TextLine id="r1l27" custom="readingOrder {index:26;}">
                <Coords points="202,1888 1639,1928 1840,1915 1841,1854 202,1858"/>
                <Baseline points="220,1886 300,1889 380,1890 460,1892 540,1894 620,1896 700,1897 780,1899 860,1900 940,1901 1020,1902 1100,1903 1180,1904 1260,1905 1340,1905 1420,1905 1500,1905 1580,1906 1660,1905 1740,1905 1820,1905"/>
                <TextEquiv>
                    <Unicode>mehr oder minder passende, mehr oder weniger harmonische Geräusche auszuführen.</Unicode>
                </TextEquiv>
            </TextLine>
            <TextLine id="r1l28" custom="readingOrder {index:27;}">
                <Coords points="208,1934 1847,1950 1847,1897 208,1896"/>
                <Baseline points="228,1933 308,1936 388,1938 468,1940 548,1942 628,1943 708,1945 788,1946 868,1947 948,1949 1028,1950 1108,1951 1188,1951 1268,1952 1348,1952 1428,1953 1508,1953 1588,1953 1668,1954 1748,1954 1828,1954"/>
                <TextEquiv>
                    <Unicode>Das macht eben die „Königskinder“ Humperdincks so sympathisch, daß hier ein</Unicode>
                </TextEquiv>
            </TextLine>
            <TextLine id="r1l29" custom="readingOrder {index:28;}">
                <Coords points="212,2002 1797,2013 1840,1949 212,1953"/>
                <Baseline points="230,1981 309,1983 389,1985 468,1987 548,1989 628,1991 707,1992 787,1993 866,1994 946,1995 1026,1996 1105,1997 1185,1997 1264,1998 1344,1999 1424,1999 1503,2000 1583,2000 1662,2000 1742,2001 1822,2001"/>
                <TextEquiv>
                    <Unicode>wahrhafter, warmblütiger Musiker, der genau die Fähigkeiten und Grenzen seiner</Unicode>
                </TextEquiv>
            </TextLine>
            <TextLine id="r1l30" custom="readingOrder {index:29;}">
                <Coords points="212,2036 1630,2075 1854,2051 1855,1991 212,1983"/>
                <Baseline points="229,2028 309,2031 389,2033 469,2034 550,2036 630,2037 710,2039 790,2040 871,2041 951,2041 1031,2042 1111,2043 1192,2043 1272,2044 1352,2045 1432,2045 1513,2046 1593,2047 1673,2048 1753,2049 1834,2050"/>
                <TextEquiv>
                    <Unicode>Kunst kennt, immer dort mit ihr einsetzt, wo sie wirtlich ihre Kräfte zeigen kann,</Unicode>
                </TextEquiv>
            </TextLine>
            <TextLine id="r1l31" custom="readingOrder {index:30;}">
                <Coords points="218,2089 1481,2109 1524,2053 219,2036"/>
                <Baseline points="237,2076 300,2078 363,2080 426,2081 490,2082 553,2083 616,2084 680,2085 743,2085 806,2086 870,2086 933,2086 996,2087 1059,2087 1123,2088 1186,2088 1249,2089 1313,2089 1376,2090 1439,2091 1503,2092"/>
                <TextEquiv>
                    <Unicode>und sie zurücktreten läßt, wo sie nur koloristisch zu wirken vermag.</Unicode>
                </TextEquiv>
            </TextLine>
            <TextLine id="r1l32" custom="readingOrder {index:31;}">
                <Coords points="1641,2101 1671,2100 1724,2118 1739,2106 1864,2103 1863,2042 1844,2043 1818,2059 1810,2051 1799,2063 1757,2049 1727,2065 1704,2042 1666,2062 1640,2059"/>
                <Baseline points="1659,2099 1685,2102 1711,2103 1738,2102 1764,2101 1791,2099 1817,2098 1844,2098"/>
                <TextEquiv>
                    <Unicode>G</Unicode>
                </TextEquiv>
            </TextLine>
            <TextLine id="r1l33" custom="readingOrder {index:32;}">
                <Coords points="297,2153 1431,2133 1431,2098 1344,2088 297,2088"/>
                <Baseline points="315,2128 369,2129 424,2129 479,2129 534,2130 589,2129 643,2129 698,2129 753,2128 808,2128 863,2127 917,2126 972,2125 1027,2125 1082,2124 1137,2123 1191,2123 1246,2123 1301,2123 1356,2123 1411,2123"/>
                <TextEquiv>
                    <Unicode>Auf Hans Greaor folate Hermann Gunanale. Leit#n</Unicode>
                </TextEquiv>
            </TextLine>
            <TextLine id="r1l34" custom="readingOrder {index:33;}">
                <Coords points="470,2581 553,2586 569,2571 588,2586 622,2583 623,2511 604,2510 596,2503 585,2510 562,2510 543,2521 524,2506 501,2502 490,2509 471,2509"/>
                <Baseline points="490,2563 518,2566 547,2566 575,2566 604,2565"/>
                <TextEquiv>
                    <Unicode>Ae </Unicode>
                </TextEquiv>
            </TextLine>
            <TextLine id="r1l35" custom="readingOrder {index:34;}">
                <Coords points="184,2681 2524,2599 2479,2509 182,2602"/>
                <Baseline points="202,2663 317,2659 432,2655 547,2651 662,2647 778,2641 893,2637 1008,2631 1123,2626 1238,2622 1354,2617 1469,2612 1584,2608 1699,2605 1814,2602 1930,2600 2045,2598 2160,2597 2275,2597 2390,2598 2506,2601"/>
                <TextEquiv>
                    <Unicode>Ju. 4/ (Das Recht auf Glück. (/679, predigt, ist in der That überraschend. Ich begreife, daß ein anwendung, diem</Unicode>
                </TextEquiv>
            </TextLine>
            <TextLine id="r1l36" custom="readingOrder {index:35;}">
                <Coords points="1179,2655 2249,2663 2419,2649 2419,2607 1178,2621"/>
                <Baseline points="1197,2658 1257,2657 1317,2657 1377,2656 1437,2655 1497,2654 1557,2653 1618,2652 1678,2651 1738,2651 1798,2650 1858,2649 1918,2648 1978,2647 2039,2646 2099,2646 2159,2645 2219,2644 2279,2643 2339,2643 2400,2642"/>
                <TextEquiv>
                    <Unicode>altes Mädchen dadurch in Aufregung geräth. Ich verstehe Erzähler ob</Unicode>
                </TextEquiv>
            </TextLine>
            <TextLine id="r1l37" custom="readingOrder {index:36;}">
                <Coords points="1180,2712 2383,2708 2382,2648 1179,2652"/>
                <Baseline points="1198,2706 1256,2704 1314,2703 1372,2701 1430,2701 1489,2700 1547,2699 1605,2699 1663,2698 1721,2698 1780,2698 1838,2698 1896,2697 1954,2697 2012,2697 2071,2696 2129,2695 2187,2695 2245,2693 2303,2692 2362,2690"/>
                <TextEquiv>
                    <Unicode>auch die Frage der Briefschreiberin, ob dieser Professor bekanntlic</Unicode>
                </TextEquiv>
            </TextLine>
            <TextLine id="r1l38" custom="readingOrder {index:37;}">
                <Coords points="245,2724 1201,2714 1200,2661 1151,2647 245,2674"/>
                <Baseline points="263,2716 308,2717 354,2718 400,2719 446,2719 492,2719 538,2718 584,2718 630,2717 676,2716 722,2714 767,2713 813,2712 859,2711 905,2709 951,2709 997,2707 1043,2706 1089,2706 1135,2705 1181,2705"/>
                <TextEquiv>
                    <Unicode>Vor mir liegt ein seltsamer Briefbogen: blau=grün</Unicode>
                </TextEquiv>
            </TextLine>
            <TextLine id="r1l39" custom="readingOrder {index:38;}">
                <Coords points="2208,2752 2386,2743 2383,2693 2334,2704 2311,2693 2281,2699 2274,2707 2266,2700 2205,2707"/>
                <Baseline points="2225,2745 2253,2743 2282,2740 2310,2739 2339,2738 2368,2738"/>
                <TextEquiv>
                    <Unicode>gewisses</Unicode>
                </TextEquiv>
            </TextLine>
            <TextLine id="r1l40" custom="readingOrder {index:39;}">
                <Coords points="165,2786 2229,2752 2228,2695 165,2722"/>
                <Baseline points="184,2767 285,2766 386,2765 488,2764 589,2762 690,2761 792,2759 893,2757 994,2756 1096,2754 1197,2752 1298,2751 1400,2749 1501,2748 1602,2747 1704,2746 1805,2745 1906,2744 2008,2744 2109,2744 2211,2745"/>
                <TextEquiv>
                    <Unicode>schillernd, an den Rändern arabeskenartig geschwungene Recht habe? Es ist, wie man sieht, eine sehr heikle Frage,</Unicode>
                </TextEquiv>
            </TextLine>
            <TextLine id="r1l41" custom="readingOrder {index:40;}">
                <Coords points="165,2840 2346,2790 164,2783"/>
                <Baseline points="185,2816 292,2814 399,2812 506,2810 613,2808 720,2806 827,2804 934,2802 1041,2800 1148,2799 1255,2797 1362,2796 1469,2794 1576,2793 1683,2791 1790,2790 1897,2790 2004,2789 2111,2788 2218,2788 2326,2788"/>
                <TextEquiv>
                    <Unicode>Linien und oben an der Schmalseite irgend ein fabelhaftes die man zu bejahen befürchtet, weil man sonst den Verdacht grinst,</Unicode>
                </TextEquiv>
            </TextLine>
            <TextLine id="r1l42" custom="readingOrder {index:41;}">
                <Coords points="2207,2834 2226,2834 2241,2845 2257,2844 2264,2836 2276,2840 2283,2832 2306,2843 2332,2842 2331,2793 2274,2791 2259,2783 2244,2791 2206,2792"/>
                <Baseline points="2226,2832 2254,2830 2283,2829 2312,2830"/>
                <TextEquiv>
                    <Unicode>auf sen</Unicode>
                </TextEquiv>
            </TextLine>
            <TextLine id="r1l43" custom="readingOrder {index:42;}">
                <Coords points="173,2866 2222,2849 2142,2793 173,2824"/>
                <Baseline points="194,2862 294,2860 394,2859 495,2857 595,2855 695,2854 796,2852 896,2851 996,2849 1097,2848 1197,2846 1297,2845 1398,2843 1498,2841 1598,2840 1699,2838 1799,2837 1899,2835 2000,2834 2100,2832 2201,2831"/>
                <TextEquiv>
                    <Unicode>Unthier, ein Greif oder ein Pegasus — also das Erzeugniß heraufbeschwört, als ob man der freien Liebe das Wort</Unicode>
                </TextEquiv>
            </TextLine>
            <TextLine id="r1l44" custom="readingOrder {index:43;}">
                <Coords points="184,2915 2213,2884 2098,2832 183,2866"/>
                <Baseline points="201,2908 300,2906 400,2904 499,2902 599,2900 699,2898 798,2897 898,2895 998,2893 1097,2892 1197,2890 1297,2889 1396,2888 1496,2887 1596,2886 1695,2885 1795,2884 1895,2883 1994,2882 2094,2882 2194,2881"/>
                <TextEquiv>
                    <Unicode>eines sezessionistisch angeregten Papierfabrikanten. Ebenso reden wollte. Aber auch ein kategorisches Nein mag mir</Unicode>
                </TextEquiv>
            </TextLine>
            <TextLine id="r1l45" custom="readingOrder {index:44;}">
                <Coords points="178,2968 2272,2944 2298,2879 177,2911"/>
                <Baseline points="198,2957 302,2955 406,2952 510,2950 614,2948 718,2947 822,2945 926,2943 1030,2941 1134,2939 1238,2938 1342,2936 1446,2935 1550,2933 1654,2932 1758,2931 1862,2929 1966,2928 2070,2927 2174,2926 2278,2925"/>
                <TextEquiv>
                    <Unicode>feltsam ist das, was mir aus dieser wunderlichen Um= nicht aus der Feder schlüpfen. Die beste Antwort darauf kom</Unicode>
                </TextEquiv>
            </TextLine>
            <TextLine id="r1l46" custom="readingOrder {index:45;}">
                <Coords points="2215,2982 2241,2980 2245,2983 2253,2983 2283,2980 2279,2931 2245,2934 2241,2930 2234,2935 2230,2931 2211,2933"/>
                <Baseline points="2232,2974 2262,2972"/>
                <TextEquiv>
                    <Unicode>Fa</Unicode>
                </TextEquiv>
            </TextLine>
            <TextLine id="r1l47" custom="readingOrder {index:46;}">
                <Coords points="169,2999 2214,2983 2179,2934 168,2953"/>
                <Baseline points="187,3002 287,3000 387,2998 487,2996 588,2994 688,2992 788,2991 889,2989 989,2988 1089,2986 1190,2985 1290,2984 1390,2983 1490,2982 1591,2981 1691,2980 1791,2979 1892,2977 1992,2976 2092,2975 2193,2974"/>
                <TextEquiv>
                    <Unicode>rahmung entgegenspringt mit Schriftzügen, die bald kräftig ist wohl die, daß man ein wenig im Leben Umschau hält</Unicode>
                </TextEquiv>
            </TextLine>
            <TextLine id="r1l48" custom="readingOrder {index:47;}">
                <Coords points="183,3056 2118,3055 2220,3046 2219,2974 182,3010"/>
                <Baseline points="200,3048 300,3047 400,3045 500,3043 600,3042 700,3040 800,3039 900,3037 1000,3036 1100,3034 1200,3033 1300,3031 1400,3030 1500,3028 1600,3027 1700,3026 1800,3025 1900,3024 2000,3023 2100,3022 2200,3021"/>
                <TextEquiv>
                    <Unicode>und keck aufgetragen und dann wieder fahrig und zittrig und dann auch in jenen Dichtungen, aus denen die Forde¬</Unicode>
                </TextEquiv>
            </TextLine>
            <TextLine id="r1l49" custom="readingOrder {index:48;}">
                <Coords points="2201,3092 2220,3091 2234,3074 2265,3080 2268,3076 2310,3073 2306,3024 2261,3023 2253,3031 2245,3024 2234,3025 2230,3021 2196,3024"/>
                <Baseline points="2220,3072 2255,3069 2291,3067"/>
                <TextEquiv>
                    <Unicode>huld</Unicode>
                </TextEquiv>
            </TextLine>
            <TextLine id="r1l50" custom="readingOrder {index:49;}">
                <Coords points="171,3090 1659,3100 1916,3077 1916,3027 170,3048"/>
                <Baseline points="191,3095 276,3094 361,3093 447,3091 532,3090 617,3088 703,3086 788,3085 873,3083 959,3082 1044,3080 1129,3079 1215,3077 1300,3076 1385,3075 1471,3074 1556,3073 1641,3071 1727,3071 1812,3070 1898,3069"/>
                <TextEquiv>
                    <Unicode>dahingekritzelt erscheinen. Die anonyme Schreiberin dieses rungen der Zeit am tiefsten hervortönen.</Unicode>
                </TextEquiv>
            </TextLine>
            <TextLine id="r1l51" custom="readingOrder {index:50;}">
                <Coords points="2212,3120 2235,3119 2243,3123 2246,3119 2262,3118 2277,3133 2296,3133 2294,3072 2275,3072 2264,3077 2252,3069 2241,3077 2230,3070 2211,3071"/>
                <Baseline points="2233,3117 2278,3116"/>
                <TextEquiv>
                    <Unicode>des</Unicode>
                </TextEquiv>
            </TextLine>
            <TextLine id="r1l52" custom="readingOrder {index:51;}">
                <Coords points="182,3150 1203,3144 1202,3087 181,3097"/>
                <Baseline points="200,3140 249,3141 298,3140 347,3140 396,3140 445,3139 494,3139 544,3138 593,3137 642,3136 691,3135 740,3134 789,3133 838,3132 888,3131 937,3130 986,3129 1035,3128 1084,3127 1133,3127 1183,3126"/>
                <TextEquiv>
                    <Unicode>Briefes ist ein Mädchen, ein verbittertes, altes Mädchen,</Unicode>
                </TextEquiv>
            </TextLine>
            <TextLine id="r1l53" custom="readingOrder {index:52;}">
                <Coords points="2210,3175 2229,3174 2232,3170 2240,3169 2259,3168 2263,3172 2289,3170 2286,3117 2252,3119 2245,3124 2241,3120 2233,3120 2226,3125 2207,3126"/>
                <Baseline points="2228,3164 2268,3162"/>
                <TextEquiv>
                    <Unicode>ist</Unicode>
                </TextEquiv>
            </TextLine>
            <TextLine id="r1l54" custom="readingOrder {index:53;}">
                <Coords points="1265,3181 2217,3173 2217,3124 2012,3095 1466,3134 1265,3113"/>
                <Baseline points="1284,3172 1329,3171 1375,3171 1421,3170 1466,3170 1512,3170 1558,3169 1603,3169 1649,3168 1695,3168 1741,3168 1786,3167 1832,3167 1878,3167 1923,3166 1969,3166 2015,3166 2060,3165 2106,3165 2152,3165 2198,3165"/>
                <TextEquiv>
                    <Unicode>Was sehen wir nun im Leben? Daß die extreme</Unicode>
                </TextEquiv>
            </TextLine>
            <TextLine id="r1l55" custom="readingOrder {index:54;}">
                <Coords points="172,3192 1170,3188 1208,3183 1207,3126 171,3150"/>
                <Baseline points="191,3188 240,3188 290,3187 340,3187 390,3186 440,3185 490,3184 539,3184 589,3183 639,3182 689,3181 739,3180 789,3179 839,3178 888,3178 938,3177 988,3176 1038,3175 1088,3175 1138,3174 1188,3174"/>
                <TextEquiv>
                    <Unicode>wie sie selbst gesteht, die in einer intimen Gewissensfrage</Unicode>
                </TextEquiv>
            </TextLine>
            <TextLine id="r1l56" custom="readingOrder {index:55;}">
                <Coords points="2216,3214 2239,3212 2247,3219 2269,3214 2289,3220 2303,3204 2322,3203 2319,3154 2289,3156 2274,3164 2251,3166 2248,3170 2213,3168"/>
                <Baseline points="2236,3208 2269,3206 2302,3204"/>
                <TextEquiv>
                    <Unicode>der</Unicode>
                </TextEquiv>
            </TextLine>
            <TextLine id="r1l57" custom="readingOrder {index:56;}">
                <Coords points="1186,3218 2215,3220 2214,3170 2168,3167 1186,3172"/>
                <Baseline points="1205,3223 1254,3222 1304,3222 1353,3221 1403,3220 1452,3220 1502,3219 1551,3218 1601,3218 1650,3217 1700,3216 1750,3216 1799,3215 1849,3214 1898,3214 1948,3213 1997,3213 2047,3212 2096,3212 2146,3211 2196,3211"/>
                <TextEquiv>
                    <Unicode>Forderung des Professors Haushofer in den unteren</Unicode>
                </TextEquiv>
            </TextLine>
            <TextLine id="r1l58" custom="readingOrder {index:57;}">
                <Coords points="183,3245 1200,3226 1199,3177 1157,3167 182,3192"/>
                <Baseline points="202,3234 251,3234 300,3234 349,3234 398,3234 447,3233 496,3232 545,3232 594,3231 643,3230 692,3228 741,3227 790,3226 839,3225 888,3224 937,3223 986,3222 1035,3221 1084,3220 1133,3220 1182,3220"/>
                <TextEquiv>
                    <Unicode>Bescheid haben möchte. Ein Büchlein des Münchener</Unicode>
                </TextEquiv>
            </TextLine>
            <TextLine id="r1l59" custom="readingOrder {index:58;}">
                <Coords points="2212,3263 2242,3266 2276,3260 2300,3274 2319,3277 2341,3272 2337,3192 2314,3193 2303,3202 2292,3198 2274,3215 2266,3211 2244,3220 2236,3213 2228,3221 2210,3222"/>
                <Baseline points="2229,3257 2259,3255 2290,3255 2321,3251"/>
                <TextEquiv>
                    <Unicode>damit</Unicode>
                </TextEquiv>
            </TextLine>
            <TextLine id="r1l60" custom="readingOrder {index:59;}">
                <Coords points="1190,3270 2218,3271 2218,3214 1190,3228"/>
                <Baseline points="1209,3269 1258,3268 1307,3267 1357,3266 1406,3266 1456,3265 1505,3264 1555,3264 1604,3264 1654,3263 1703,3263 1752,3263 1802,3262 1851,3262 1901,3261 1950,3261 2000,3260 2049,3260 2099,3259 2148,3258 2198,3257"/>
                <TextEquiv>
                    <Unicode>Volksschichten seine Erfüllung bereits gefunden. Das, was</Unicode>
                </TextEquiv>
            </TextLine>
            <TextLine id="r1l61" custom="readingOrder {index:60;}">
                <Coords points="185,3294 1213,3277 1212,3220 184,3241"/>
                <Baseline points="203,3282 252,3281 302,3281 351,3280 401,3280 450,3279 500,3278 549,3277 599,3276 648,3276 698,3274 747,3274 797,3273 846,3272 896,3271 945,3270 995,3269 1044,3268 1094,3267 1143,3267 1193,3266"/>
                <TextEquiv>
                    <Unicode>Universitätsprofessors Max Haushofer ist ihr nämlich in</Unicode>
                </TextEquiv>
            </TextLine>
            <TextLine id="r1l62" custom="readingOrder {index:61;}">
                <Coords points="2201,3317 2292,3306 2306,3293 2333,3303 2367,3300 2363,3251 2292,3256 2281,3265 2273,3258 2243,3264 2219,3254 2196,3256"/>
                <Baseline points="2221,3305 2246,3303 2272,3301 2297,3299 2323,3297 2349,3295"/>
                <TextEquiv>
                    <Unicode>alte M</Unicode>
                </TextEquiv>
            </TextLine>
            <TextLine id="r1l63" custom="readingOrder {index:62;}">
                <Coords points="1191,3321 2128,3322 2215,3310 2215,3264 1190,3268"/>
                <Baseline points="1209,3317 1258,3315 1307,3313 1357,3312 1406,3311 1456,3311 1505,3310 1555,3310 1604,3309 1654,3309 1703,3309 1752,3309 1802,3308 1851,3308 1901,3308 1950,3307 2000,3306 2049,3305 2099,3304 2148,3303 2198,3301"/>
                <TextEquiv>
                    <Unicode>uns so ungeheuerlich dünkt, ist hier eine alltägliche Er¬</Unicode>
                </TextEquiv>
            </TextLine>
            <TextLine id="r1l64" custom="readingOrder {index:63;}">
                <Coords points="184,3339 1196,3323 1195,3270 183,3294"/>
                <Baseline points="202,3330 250,3330 299,3329 348,3328 397,3327 446,3326 495,3325 543,3324 592,3323 641,3322 690,3321 739,3319 788,3319 837,3317 885,3316 934,3316 983,3315 1032,3314 1081,3314 1130,3313 1179,3313"/>
                <TextEquiv>
                    <Unicode>die Hände gerathen. Die Lektüre dieses Büchleins, das die</Unicode>
                </TextEquiv>
            </TextLine>
            <TextLine id="r1l65" custom="readingOrder {index:64;}">
                <Coords points="2207,3349 2272,3357 2295,3375 2313,3355 2344,3353 2358,3341 2377,3340 2375,3295 2356,3296 2348,3288 2333,3301 2325,3293 2314,3298 2306,3294 2292,3307 2205,3315"/>
                <Baseline points="2225,3351 2251,3348 2278,3347 2304,3346 2331,3345 2358,3342"/>
                <TextEquiv>
                    <Unicode>Tochter</Unicode>
                </TextEquiv>
            </TextLine>
            <TextLine id="r1l66" custom="readingOrder {index:65;}">
                <Coords points="1193,3375 2172,3365 2221,3353 2221,3307 1693,3290 1193,3322"/>
                <Baseline points="1211,3365 1260,3363 1310,3360 1359,3359 1409,3357 1459,3356 1508,3355 1558,3354 1608,3354 1657,3353 1707,3353 1757,3353 1806,3353 1856,3353 1906,3352 1955,3352 2005,3352 2055,3352 2104,3352 2154,3351 2204,3351"/>
                <TextEquiv>
                    <Unicode>scheinung. Das Mädchen aus dem Volke besitzt nicht jene</Unicode>
                </TextEquiv>
            </TextLine>
            <TextLine id="r1l67" custom="readingOrder {index:66;}">
                <Coords points="184,3385 1197,3374 1196,3321 183,3339"/>
                <Baseline points="203,3376 251,3376 300,3376 349,3375 398,3374 447,3373 495,3372 544,3372 593,3370 642,3369 691,3368 739,3367 788,3366 837,3365 886,3364 935,3363 983,3362 1032,3362 1081,3361 1130,3361 1179,3361"/>
                <TextEquiv>
                    <Unicode>Ehefrage im Deutschen Reich behandelt, hat sie tief erregt.</Unicode>
                </TextEquiv>
            </TextLine>
            <TextLine id="r1l68" custom="readingOrder {index:67;}">
                <Coords points="2863,3391 2885,3391 2893,3383 2908,3393 2923,3385 2943,3400 2972,3387 2995,3386 3014,3370 3029,3381 3060,3380 3058,3338 3001,3341 2993,3333 2971,3349 2956,3350 2944,3339 2918,3348 2906,3340 2861,3342"/>
                <Baseline points="2880,3384 2906,3383 2933,3382 2960,3381 2986,3380 3013,3379 3040,3378"/>
                <TextEquiv>
                    <Unicode>t das</Unicode>
                </TextEquiv>
            </TextLine>
            <TextLine id="r1l69" custom="readingOrder {index:68;}">
                <Coords points="2211,3404 2230,3403 2242,3410 2257,3398 2284,3408 2306,3400 2393,3395 2391,3350 2308,3350 2293,3359 2270,3352 2247,3365 2228,3350 2209,3351"/>
                <Baseline points="2231,3397 2259,3397 2287,3395 2316,3394 2344,3392 2373,3391"/>
                <TextEquiv>
                    <Unicode>die Lieb</Unicode>
                </TextEquiv>
            </TextLine>
            <TextLine id="r1l70" custom="readingOrder {index:69;}">
                <Coords points="1194,3418 2218,3416 2218,3355 1194,3369"/>
                <Baseline points="1214,3409 1263,3407 1312,3406 1361,3405 1411,3404 1460,3403 1509,3403 1559,3402 1608,3402 1657,3401 1707,3401 1756,3400 1805,3400 1854,3400 1904,3400 1953,3399 2002,3399 2052,3399 2101,3398 2150,3398 2200,3397"/>
                <TextEquiv>
                    <Unicode>angezüchtete moralische Feinfühligkeit, wie ihre Schwester</Unicode>
                </TextEquiv>
            </TextLine>
            <TextLine id="r1l71" custom="readingOrder {index:70;}">
                <Coords points="185,3438 1198,3419 1197,3366 184,3374"/>
                <Baseline points="205,3424 253,3423 302,3423 351,3422 399,3421 448,3421 497,3420 545,3419 594,3418 643,3416 692,3415 740,3414 789,3413 838,3412 886,3411 935,3411 984,3410 1032,3409 1081,3409 1130,3408 1179,3408"/>
                <TextEquiv>
                    <Unicode>Ein ernster Mann der Wissenschaft bekundet hier den Muth,</Unicode>
                </TextEquiv>
            </TextLine>
            <TextLine id="r1l72" custom="readingOrder {index:71;}">
                <Coords points="2844,3437 2909,3436 2920,3444 2973,3425 2996,3444 3008,3436 3015,3444 3026,3432 3102,3439 3102,3398 3064,3394 3049,3379 3015,3372 3000,3383 2962,3383 2947,3398 2931,3387 2909,3395 2894,3383 2875,3395 2844,3395"/>
                <Baseline points="2864,3428 2891,3429 2919,3429 2946,3429 2974,3429 3002,3429 3029,3429 3057,3428 3085,3427"/>
                <TextEquiv>
                    <Unicode>ürlich. Warun</Unicode>
                </TextEquiv>
            </TextLine>
            <TextLine id="r1l73" custom="readingOrder {index:72;}">
                <Coords points="2215,3455 2268,3448 2288,3455 2306,3451 2314,3458 2352,3445 2371,3452 2424,3442 2422,3400 2399,3405 2353,3395 2312,3405 2266,3407 2259,3399 2244,3408 2213,3405"/>
                <Baseline points="2235,3445 2263,3443 2291,3443 2319,3441 2347,3440 2375,3439 2403,3437"/>
                <TextEquiv>
                    <Unicode>Inzuwender</Unicode>
                </TextEquiv>
            </TextLine>
            <TextLine id="r1l74" custom="readingOrder {index:73;}">
                <Coords points="1195,3458 2231,3450 2208,3394 1195,3420"/>
                <Baseline points="1213,3453 1262,3453 1312,3452 1362,3451 1412,3451 1462,3450 1512,3449 1561,3449 1611,3448 1661,3448 1711,3447 1761,3447 1811,3446 1861,3446 1910,3446 1960,3446 2010,3446 2060,3446 2110,3446 2160,3446 2210,3446"/>
                <TextEquiv>
                    <Unicode>aus der besitzenden Klasse. Es steht nicht in dem Maße</Unicode>
                </TextEquiv>
            </TextLine>
            <TextLine id="r1l75" custom="readingOrder {index:74;}">
                <Coords points="179,3476 1200,3466 1199,3405 459,3437 178,3416"/>
                <Baseline points="197,3471 246,3470 295,3469 344,3468 393,3467 442,3467 491,3466 540,3465 589,3464 638,3463 688,3462 737,3461 786,3460 835,3459 884,3458 933,3458 982,3457 1031,3456 1080,3455 1129,3455 1179,3454"/>
                <TextEquiv>
                    <Unicode>eine Forderung zu erheben, die einen sittlich revolutionären</Unicode>
                </TextEquiv>
            </TextLine>
            <TextLine id="r1l76" custom="readingOrder {index:75;}">
                <Coords points="2832,3486 2877,3478 3105,3485 3104,3428 3005,3434 2960,3423 2922,3443 2911,3435 2831,3437"/>
                <Baseline points="2849,3475 2875,3475 2901,3475 2928,3474 2954,3474 2981,3473 3007,3473 3034,3472 3060,3472 3087,3471"/>
                <TextEquiv>
                    <Unicode>itzt dahinwelken</Unicode>
                </TextEquiv>
            </TextLine>
            <TextLine id="r1l77" custom="readingOrder {index:76;}">
                <Coords points="2214,3503 2278,3492 2294,3499 2320,3486 2381,3498 2392,3490 2479,3489 2476,3436 2337,3451 2321,3437 2245,3449 2229,3434 2210,3435"/>
                <Baseline points="2233,3493 2258,3491 2283,3489 2308,3487 2333,3485 2358,3484 2383,3483 2408,3482 2433,3482 2459,3481"/>
                <TextEquiv>
                    <Unicode>seine Tochter</Unicode>
                </TextEquiv>
            </TextLine>
            <TextLine id="r1l78" custom="readingOrder {index:77;}">
                <Coords points="1196,3504 2224,3500 2223,3451 2128,3444 1195,3458"/>
                <Baseline points="1216,3503 1265,3501 1315,3500 1364,3498 1414,3497 1463,3496 1513,3495 1562,3494 1612,3494 1661,3493 1711,3492 1760,3492 1810,3491 1859,3491 1909,3491 1958,3491 2008,3491 2057,3491 2107,3491 2156,3491 2206,3491"/>
                <TextEquiv>
                    <Unicode>wie diese unter einem gesellschaftlichen Bann. Es fürchtet</Unicode>
                </TextEquiv>
            </TextLine>
            <TextLine id="r1l79" custom="readingOrder {index:78;}">
                <Coords points="188,3526 1201,3509 1177,3463 187,3472"/>
                <Baseline points="208,3518 256,3517 305,3516 354,3515 403,3515 451,3514 500,3513 549,3512 598,3512 646,3511 695,3510 744,3509 793,3509 841,3508 890,3507 939,3506 988,3505 1036,3504 1085,3503 1134,3502 1183,3501"/>
                <TextEquiv>
                    <Unicode>Charakter hat. Er spricht es ungescheut aus, daß es an</Unicode>
                </TextEquiv>
            </TextLine>
            <TextLine id="r1l80" custom="readingOrder {index:79;}">
                <Coords points="2221,3545 3211,3525 3210,3479 3093,3474 2220,3492"/>
                <Baseline points="2240,3537 2287,3536 2335,3534 2383,3533 2430,3532 2478,3531 2526,3529 2573,3528 2621,3527 2669,3526 2717,3525 2764,3524 2812,3523 2860,3523 2907,3522 2955,3522 3003,3522 3050,3522 3098,3522 3146,3522 3194,3523"/>
                <TextEquiv>
                    <Unicode>Warum sollte sie nicht das tiefste Glück auskosten, das</Unicode>
                </TextEquiv>
            </TextLine>
            <TextLine id="r1l81" custom="readingOrder {index:80;}">
                <Coords points="1198,3559 2230,3545 2229,3496 1198,3506"/>
                <Baseline points="1218,3548 1267,3547 1317,3545 1366,3544 1416,3543 1465,3543 1515,3542 1564,3542 1614,3541 1663,3541 1713,3540 1763,3540 1812,3540 1862,3539 1911,3539 1961,3539 2010,3539 2060,3538 2109,3538 2159,3537 2209,3537"/>
                <TextEquiv>
                    <Unicode>keinen sozialen Boykott. Es darf sich gehen lassen, dem</Unicode>
                </TextEquiv>
            </TextLine>
            <TextLine id="r1l82" custom="readingOrder {index:81;}">
                <Coords points="175,3579 1211,3555 1210,3509 1179,3506 174,3525"/>
                <Baseline points="195,3565 244,3564 294,3564 344,3563 394,3562 443,3561 493,3560 543,3559 593,3558 642,3557 692,3556 742,3554 792,3553 841,3552 891,3552 941,3551 991,3550 1040,3549 1090,3548 1140,3548 1190,3548"/>
                <TextEquiv>
                    <Unicode>der Zeit sei, mit dem alten Vorurtheil zu brechen, wonach</Unicode>
                </TextEquiv>
            </TextLine>
            <TextLine id="r1l83" custom="readingOrder {index:82;}">
                <Coords points="2213,3602 3253,3566 3252,3520 2213,3538"/>
                <Baseline points="2232,3586 2282,3582 2332,3579 2382,3577 2432,3575 2482,3574 2532,3572 2582,3571 2632,3571 2682,3571 2732,3571 2782,3571 2832,3571 2882,3571 2932,3571 2982,3570 3032,3570 3082,3569 3132,3568 3182,3567 3232,3565"/>
                <TextEquiv>
                    <Unicode>dem Weibe beschieden ist? Warum sollte sie auf einen</Unicode>
                </TextEquiv>
            </TextLine>
            <TextLine id="r1l84" custom="readingOrder {index:83;}">
                <Coords points="1196,3608 2217,3594 2216,3541 2118,3530 1196,3558"/>
                <Baseline points="1217,3596 1268,3594 1320,3592 1371,3591 1423,3590 1474,3589 1526,3588 1577,3587 1629,3587 1680,3587 1732,3586 1783,3586 1835,3586 1886,3586 1938,3586 1989,3585 2041,3585 2092,3585 2144,3584 2196,3583"/>
                <TextEquiv>
                    <Unicode>Zug des Herzens und seinem Temperament folgen. Daher</Unicode>
                </TextEquiv>
            </TextLine>
            <TextLine id="r1l85" custom="readingOrder {index:84;}">
                <Coords points="192,3628 1205,3612 1204,3551 191,3571"/>
                <Baseline points="211,3611 259,3611 308,3610 357,3610 405,3609 454,3608 503,3608 551,3606 600,3606 649,3605 698,3604 746,3602 795,3601 844,3600 892,3599 941,3598 990,3597 1038,3596 1087,3595 1136,3595 1185,3594"/>
                <TextEquiv>
                    <Unicode>ein Mädchen, das sitzen geblieben, sein Recht auf Glück,</Unicode>
                </TextEquiv>
            </TextLine>
            <TextLine id="r1l86" custom="readingOrder {index:85;}">
                <Coords points="2217,3646 3257,3629 3256,3564 2216,3589"/>
                <Baseline points="2238,3632 2288,3630 2338,3628 2388,3626 2438,3624 2488,3622 2538,3621 2588,3620 2638,3619 2688,3618 2738,3617 2788,3616 2838,3616 2888,3615 2938,3615 2988,3615 3038,3614 3088,3614 3138,3614 3188,3614 3238,3614"/>
                <TextEquiv>
                    <Unicode>Strumpfwirker warten und darüber grau und runzelig</Unicode>
                </TextEquiv>
            </TextLine>
            <TextLine id="r1l87" custom="readingOrder {index:86;}">
                <Coords points="1194,3644 2230,3633 2229,3588 2009,3579 1194,3595"/>
                <Baseline points="1212,3643 1261,3642 1311,3641 1361,3639 1411,3639 1461,3637 1511,3636 1561,3635 1611,3634 1661,3633 1711,3632 1760,3631 1810,3631 1860,3630 1910,3630 1960,3629 2010,3629 2060,3629 2110,3629 2160,3630 2210,3631"/>
                <TextEquiv>
                    <Unicode>denn auch im Hinterhause, wie Sudermann in der „Ehre“.</Unicode>
                </TextEquiv>
            </TextLine>
            <TextLine id="r1l88" custom="readingOrder {index:87;}">
                <Coords points="182,3670 1164,3654 1206,3650 1204,3577 784,3616 180,3609"/>
                <Baseline points="201,3659 250,3658 299,3658 348,3657 398,3657 447,3656 496,3655 546,3654 595,3653 644,3652 694,3651 743,3649 792,3648 841,3647 891,3646 940,3645 989,3644 1039,3644 1088,3643 1137,3642 1187,3642"/>
                <TextEquiv>
                    <Unicode>auf Liebe für immer verscherzt habe. Er verlangt im</Unicode>
                </TextEquiv>
            </TextLine>
            <TextLine id="r1l89" custom="readingOrder {index:88;}">
                <Coords points="2219,3686 3232,3671 3265,3659 3264,3606 2218,3640"/>
                <Baseline points="2238,3680 2288,3676 2339,3674 2389,3671 2440,3669 2490,3667 2541,3666 2591,3665 2642,3664 2692,3664 2743,3664 2793,3663 2844,3663 2894,3663 2945,3662 2995,3662 3046,3661 3096,3660 3147,3658 3197,3656 3248,3653"/>
                <TextEquiv>
                    <Unicode>werden? Sie wartet auch nicht. O nein. Sie liebelt un¬</Unicode>
                </TextEquiv>
            </TextLine>
            <TextLine id="r1l90" custom="readingOrder {index:89;}">
                <Coords points="190,3712 2189,3696 2222,3635 189,3666"/>
                <Baseline points="210,3706 309,3704 409,3702 509,3701 609,3699 708,3697 808,3695 908,3693 1008,3692 1107,3690 1207,3688 1307,3687 1407,3685 1506,3684 1606,3682 1706,3681 1806,3680 1905,3679 2005,3678 2105,3677 2205,3677"/>
                <TextEquiv>
                    <Unicode>Gegentheil, daß man jedem Mädchen, wenn es ein gewisses so anschaulich gezeigt hat, der Ehrbegriff gar oft einen</Unicode>
                </TextEquiv>
            </TextLine>
            <TextLine id="r1l91" custom="readingOrder {index:90;}">
                <Coords points="2219,3740 3265,3700 3264,3659 3226,3648 2218,3687"/>
                <Baseline points="2238,3727 2288,3723 2338,3721 2389,3718 2439,3717 2489,3715 2540,3714 2590,3713 2640,3712 2691,3711 2741,3711 2791,3710 2842,3710 2892,3709 2942,3709 2993,3709 3043,3709 3093,3708 3144,3708 3194,3707 3245,3706"/>
                <TextEquiv>
                    <Unicode>bedenklich. Ihre Freundin verschmäht es sogar nicht, mit</Unicode>
                </TextEquiv>
            </TextLine>
            <TextLine id="r1l92" custom="readingOrder {index:91;}">
                <Coords points="193,3765 2208,3744 2222,3679 192,3708"/>
                <Baseline points="212,3752 311,3751 411,3749 510,3748 610,3746 709,3744 809,3742 908,3740 1008,3739 1107,3737 1207,3735 1307,3733 1406,3732 1506,3730 1605,3728 1705,3727 1804,3726 1904,3725 2003,3724 2103,3723 2203,3722"/>
                <TextEquiv>
                    <Unicode>Alter überschritten und keinen Mann gefunden, gönnen ganz anderen Inhalt hat als im Vorderhause. Aber gerade</Unicode>
                </TextEquiv>
            </TextLine>
            <TextLine id="r1l93" custom="readingOrder {index:92;}">
                <Coords points="2214,3773 3212,3775 3249,3759 3248,3699 2213,3727"/>
                <Baseline points="2233,3773 2285,3771 2338,3767 2390,3766 2443,3763 2495,3762 2548,3761 2601,3759 2653,3758 2706,3758 2758,3757 2811,3756 2863,3756 2916,3756 2969,3755 3021,3755 3074,3755 3126,3755 3179,3754 3232,3754"/>
                <TextEquiv>
                    <Unicode>Vertretern der verschiedensten Waffengattungen zu liebeln.</Unicode>
                </TextEquiv>
            </TextLine>
            <TextLine id="r1l94" custom="readingOrder {index:93;}">
                <Coords points="197,3810 2079,3793 2214,3734 196,3768"/>
                <Baseline points="214,3802 313,3800 412,3798 511,3796 610,3794 709,3792 808,3790 908,3788 1007,3785 1106,3783 1205,3782 1304,3780 1403,3778 1502,3777 1602,3775 1701,3774 1800,3773 1899,3772 1998,3772 2097,3771 2197,3771"/>
                <TextEquiv>
                    <Unicode>möge, sich seinen Antheil am Glück in der Weise zu deshalb wurde ja der Gesellschaft der Prozeß gemacht.</Unicode>
                </TextEquiv>
            </TextLine>
            <TextLine id="r1l95" custom="readingOrder {index:94;}">
                <Coords points="184,3848 3257,3812 184,3814"/>
                <Baseline points="203,3849 354,3845 506,3842 658,3839 809,3836 961,3834 1113,3831 1264,3829 1416,3827 1568,3825 1720,3822 1871,3820 2023,3818 2175,3816 2326,3814 2478,3812 2630,3810 2781,3807 2933,3804 3085,3802 3237,3799"/>
                <TextEquiv>
                    <Unicode>sichern, wie es ihr beliebt. Diese Weisheit, die sich Gerade deshalb hat man heftige Anklagen gegen sie er¬ Diese Mädchen sichern sich also, jedes in seiner Weise,</Unicode>
                </TextEquiv>
            </TextLine>
            <TextLine id="r1l96" custom="readingOrder {index:95;}">
                <Coords points="2213,3867 3207,3860 3256,3852 3255,3795 2212,3822"/>
                <Baseline points="2230,3867 2280,3864 2330,3862 2380,3860 2431,3859 2481,3857 2531,3856 2582,3855 2632,3854 2682,3854 2733,3853 2783,3852 2833,3852 2883,3852 2934,3851 2984,3851 3034,3851 3085,3850 3135,3850 3185,3849 3236,3849"/>
                <TextEquiv>
                    <Unicode>ihren Antheil am Liebesglück. Sie thun dies kraft jenes</Unicode>
                </TextEquiv>
            </TextLine>
            <TextLine id="r1l97" custom="readingOrder {index:96;}">
                <Coords points="1194,3892 2233,3882 2232,3814 1193,3850"/>
                <Baseline points="1213,3878 1263,3877 1313,3875 1363,3874 1413,3872 1463,3871 1513,3871 1563,3870 1613,3869 1663,3868 1713,3868 1763,3867 1813,3867 1863,3867 1913,3866 1963,3866 2013,3865 2063,3865 2113,3864 2163,3864 2213,3863"/>
                <TextEquiv>
                    <Unicode>hoben. Man stellte die sittliche Verkommenheit der Mädchen</Unicode>
                </TextEquiv>
            </TextLine>
            <TextLine id="r1l98" custom="readingOrder {index:97;}">
                <Coords points="182,3912 1210,3880 1209,3834 1125,3829 181,3848"/>
                <Baseline points="201,3892 250,3892 300,3893 349,3893 399,3893 448,3892 498,3892 547,3891 597,3890 646,3888 696,3887 745,3885 795,3884 844,3882 894,3881 943,3880 993,3879 1042,3878 1092,3877 1141,3877 1191,3877"/>
                <TextEquiv>
                    <Unicode>nicht in einem weitschichtigen philosophischen Werke ver¬</Unicode>
                </TextEquiv>
            </TextLine>
            <TextLine id="r1l99" custom="readingOrder {index:98;}">
                <Coords points="1197,3941 3155,3909 3249,3851 1196,3876"/>
                <Baseline points="1215,3922 1315,3921 1416,3919 1517,3918 1618,3916 1719,3915 1819,3914 1920,3913 2021,3911 2122,3910 2223,3908 2323,3907 2424,3906 2525,3904 2626,3903 2727,3901 2827,3900 2928,3898 3029,3897 3130,3895 3231,3893"/>
                <TextEquiv>
                    <Unicode>aus den niederen Volksklassen als nothwendige Folge= höheren Rechtes, das über die landläufige Moral erhaben.</Unicode>
                </TextEquiv>
            </TextLine>
            <TextLine id="r1l100" custom="readingOrder {index:99;}">
                <Coords points="199,3942 1212,3929 1211,3876 199,3900"/>
                <Baseline points="218,3941 266,3941 315,3941 364,3940 413,3940 462,3939 511,3938 559,3937 608,3935 657,3934 706,3932 755,3931 804,3930 853,3929 901,3928 950,3927 999,3926 1048,3925 1097,3925 1146,3925 1195,3925"/>
                <TextEquiv>
                    <Unicode>birgt, sondern aus einer auf Massenabsatz berechneten</Unicode>
                </TextEquiv>
            </TextLine>
            <TextLine id="r1l101" custom="readingOrder {index:100;}">
                <Coords points="206,3984 3268,3941 206,3947"/>
                <Baseline points="226,3989 377,3986 528,3983 679,3981 830,3978 981,3975 1132,3973 1283,3971 1434,3969 1585,3966 1736,3964 1887,3962 2038,3959 2189,3957 2340,3955 2491,3953 2642,3950 2793,3948 2944,3945 3095,3943 3247,3941"/>
                <TextEquiv>
                    <Unicode>Augschrift blühende Lebensfreude mit keckem Wagemuth erscheinung des Elends und der Noth hin. Die Nutz= In gleicher Weise wie hier finden wir in dem Schauspiele</Unicode>
                </TextEquiv>
            </TextLine>
            <TextEquiv>
                <Unicode>Liebelei
5. Lieseler box 13/8
Rapten 961.
1
„OBSERVER“
1. Uaterr. behördl. konz. Unternehmen für Zeitungs-Ausechnltte
Wien, I., Concordiaplatz 4.
Vertretungen
in Berlin, Basel, Budapest, Chicago, Cleveland, Christianis,
Genf, Kopenhagen, London, Madrid, Mailand, Minneapolie,
New-Vork, Paris, Rom, San Francisco, Stockheim, St Peters¬
burg, Toronto.
(Quellenangabe ahrs dswülI.
Ausschnitt aus:
4
mescne Rundschau, Berlig
Sidenn er zu sich selbst zurückgefunden hal, noch Erstemiches Listeln.
Ja, die Modeströmungen! Ihnen verdanken wir auch ein so völlig verfehltes
2=Stück wie die Vermusizierung von Schnitzlers „Liebelei“ durch Franz Neumann.
Nach berühmten, aber nicht nachahmenswerken Mustern hat er über dies Prosa¬
stück ein musikalisches Mäntelchen gebreitet, das hier nur eine Funktion erfüllt:
das Spiel ungebührlich zu verlängern, die Konversation schwer verständlich zu
machen — kurz, das Interesse, welches das Schauspiel erwecken könnte, abzutöten
und das Ganze zu verlangweilen. Ob der Tonsatz talentvoll ist oder nicht, ist bei
dieser Sachlage ziemlich belanglos. Möchten die Komponisten doch endlich ein¬
sehen, daß die Musik andere Aufgaben hat, als zu irgend welchen Bühnenvorgängen
mehr oder minder passende, mehr oder weniger harmonische Geräusche auszuführen.
Das macht eben die „Königskinder“ Humperdincks so sympathisch, daß hier ein
wahrhafter, warmblütiger Musiker, der genau die Fähigkeiten und Grenzen seiner
Kunst kennt, immer dort mit ihr einsetzt, wo sie wirtlich ihre Kräfte zeigen kann,
und sie zurücktreten läßt, wo sie nur koloristisch zu wirken vermag.
G
Auf Hans Greaor folate Hermann Gunanale. Leit#n
Ae 
Ju. 4/ (Das Recht auf Glück. (/679, predigt, ist in der That überraschend. Ich begreife, daß ein anwendung, diem
altes Mädchen dadurch in Aufregung geräth. Ich verstehe Erzähler ob
auch die Frage der Briefschreiberin, ob dieser Professor bekanntlic
Vor mir liegt ein seltsamer Briefbogen: blau=grün
gewisses
schillernd, an den Rändern arabeskenartig geschwungene Recht habe? Es ist, wie man sieht, eine sehr heikle Frage,
Linien und oben an der Schmalseite irgend ein fabelhaftes die man zu bejahen befürchtet, weil man sonst den Verdacht grinst,
auf sen
Unthier, ein Greif oder ein Pegasus — also das Erzeugniß heraufbeschwört, als ob man der freien Liebe das Wort
eines sezessionistisch angeregten Papierfabrikanten. Ebenso reden wollte. Aber auch ein kategorisches Nein mag mir
feltsam ist das, was mir aus dieser wunderlichen Um= nicht aus der Feder schlüpfen. Die beste Antwort darauf kom
Fa
rahmung entgegenspringt mit Schriftzügen, die bald kräftig ist wohl die, daß man ein wenig im Leben Umschau hält
und keck aufgetragen und dann wieder fahrig und zittrig und dann auch in jenen Dichtungen, aus denen die Forde¬
huld
dahingekritzelt erscheinen. Die anonyme Schreiberin dieses rungen der Zeit am tiefsten hervortönen.
des
Briefes ist ein Mädchen, ein verbittertes, altes Mädchen,
ist
Was sehen wir nun im Leben? Daß die extreme
wie sie selbst gesteht, die in einer intimen Gewissensfrage
der
Forderung des Professors Haushofer in den unteren
Bescheid haben möchte. Ein Büchlein des Münchener
damit
Volksschichten seine Erfüllung bereits gefunden. Das, was
Universitätsprofessors Max Haushofer ist ihr nämlich in
alte M
uns so ungeheuerlich dünkt, ist hier eine alltägliche Er¬
die Hände gerathen. Die Lektüre dieses Büchleins, das die
Tochter
scheinung. Das Mädchen aus dem Volke besitzt nicht jene
Ehefrage im Deutschen Reich behandelt, hat sie tief erregt.
t das
die Lieb
angezüchtete moralische Feinfühligkeit, wie ihre Schwester
Ein ernster Mann der Wissenschaft bekundet hier den Muth,
ürlich. Warun
Inzuwender
aus der besitzenden Klasse. Es steht nicht in dem Maße
eine Forderung zu erheben, die einen sittlich revolutionären
itzt dahinwelken
seine Tochter
wie diese unter einem gesellschaftlichen Bann. Es fürchtet
Charakter hat. Er spricht es ungescheut aus, daß es an
Warum sollte sie nicht das tiefste Glück auskosten, das
keinen sozialen Boykott. Es darf sich gehen lassen, dem
der Zeit sei, mit dem alten Vorurtheil zu brechen, wonach
dem Weibe beschieden ist? Warum sollte sie auf einen
Zug des Herzens und seinem Temperament folgen. Daher
ein Mädchen, das sitzen geblieben, sein Recht auf Glück,
Strumpfwirker warten und darüber grau und runzelig
denn auch im Hinterhause, wie Sudermann in der „Ehre“.
auf Liebe für immer verscherzt habe. Er verlangt im
werden? Sie wartet auch nicht. O nein. Sie liebelt un¬
Gegentheil, daß man jedem Mädchen, wenn es ein gewisses so anschaulich gezeigt hat, der Ehrbegriff gar oft einen
bedenklich. Ihre Freundin verschmäht es sogar nicht, mit
Alter überschritten und keinen Mann gefunden, gönnen ganz anderen Inhalt hat als im Vorderhause. Aber gerade
Vertretern der verschiedensten Waffengattungen zu liebeln.
möge, sich seinen Antheil am Glück in der Weise zu deshalb wurde ja der Gesellschaft der Prozeß gemacht.
sichern, wie es ihr beliebt. Diese Weisheit, die sich Gerade deshalb hat man heftige Anklagen gegen sie er¬ Diese Mädchen sichern sich also, jedes in seiner Weise,
ihren Antheil am Liebesglück. Sie thun dies kraft jenes
hoben. Man stellte die sittliche Verkommenheit der Mädchen
nicht in einem weitschichtigen philosophischen Werke ver¬
aus den niederen Volksklassen als nothwendige Folge= höheren Rechtes, das über die landläufige Moral erhaben.
birgt, sondern aus einer auf Massenabsatz berechneten
Augschrift blühende Lebensfreude mit keckem Wagemuth erscheinung des Elends und der Noth hin. Die Nutz= In gleicher Weise wie hier finden wir in dem Schauspiele</Unicode>
            </TextEquiv>
        </TextRegion>
    </Page>
</PcGts>
