3484 4224
506 147 836 218 Liebele
1001 143 1457 234 box 12/7
323 148 995 250 3. 1
1322 761 1543 928 11
629 919 1403 1013 Innsbrucker Nachrichten
436 1037 1653 1082 Oberleutnant Dr. phil. Josef Mayr wurde zum Hauptmann!
386 1070 786 1150 i. d. Evid. befördert.
397 1224 1627 1321 Theater und Wrustt.
427 1317 1628 1366 Stadtthrater Innsbruck. Heute abends halb 8 Uhr gelangt zum
407 1367 1624 1417 erstenmale in dieser Spielzeit die dreiaktige Operette „Böccaccio“
399 1401 1637 1466 von Zell und Genee, Musik von Franz Suppee, zur Aufführung. Die
409 1447 1625 1494 Hauptrollen der vom Spielleiter Friedrich Pistol inszeylerten Operette
408 1485 1626 1525 liegen in den Händen der Damen Felsen (Boccaccto), Bischof (Bea¬
416 1523 1629 1573 trict), Dauber (Fiametta), Selhofer (Petronella) und Wickenhauser
408 1562 1622 1609 (Isabella), sowie der Herren Betz (Lotheringhi), Schwarz (Prinz),
418 1602 1627 1649 Pohl (Lambertuccio), Pistol (Scalza), Braun (Leonetto) und Stropp
409 1640 1628 1687 (Kolporteur und Unbekannter). Die musikalische Leitung hat Kapell¬
412 1675 1649 1735 meister Max Köhler inne. Nach dem zweiten Aft findet eine größere
414 1717 1631 1767 Pause statt. Ende nach 10 Uhr. Die Vorstellung findet bei aufgeho¬
410 1757 1631 1799 benem Stanunsitzvorrecht statt, auch haben Dutzend= und Ermäßi¬
403 1795 1612 1844 gungskarten keine Gültigkeit. — Morgen Sonntag, den 17. März,
402 1839 1628 1886 geht nachmittags halb 3 Uhr, bei ermäßigten Preisen zum letztenmale
405 1884 1636 1926 die dreiaktige Operette „Die Rose von Stambul“ von Leo Fall in
410 1914 1639 1963 Szene. Abends halb 8 Uhr findet die zweite Aufführung der Operette
413 1959 1628 2002 „Boccaccio“ statt. — Monlag, den 18. März, wird zum erstenmale
409 1985 1632 2039 in dieser Spielzeit das fünfaktige Dramg „Die Macht der Finsternis“
404 2008 1642 2080 von Graf Leo Nikolajewitsch Tolstoi gegeben. Zu dieser Vorstellung
402 2056 1647 2111 gelten die braunen Stammsitzhefte. Dutzendkarten sind gültig, Ermäßi¬
406 2110 1626 2160 gungskorten ungültig. — Am Dienstag, 19. März (Josefitag), geht
409 2150 1627 2191 nachmittags halb 3 Uhr bei ermäßigten Preisen Kalmans Operette
413 2191 1626 2236 „Die Faschingsfee“ in Szene, abends halb 8 Uhr „Boccaccio“. (Auf¬
403 2225 1629 2290 gehobenes Stammsitzvorrecht, Dutzend= und Ermäßigungskarten un¬
411 2262 561 2322 giltig.)
438 2326 1642 2382 Liebelei. Schauspiel von Arthur Schnitzler. Die er schon oft gege¬
402 2382 1645 2455 bene und immer mit großem Interesse aufgenommene Tragödie eines
400 2420 1634 2469 Wiener „süßen Mädls“ das, für eine bloße Liebelei zu gut, an seiner
405 2463 1632 2513 ersten, leidvollen Liebe zugrunde geht, war gestern in ihrer sonst
411 2507 1643 2555 sicheren starken Wirkung anfänglich dadurch bedroht, daß es im ersten
414 2547 1635 2596 Akte den Darstellern nicht recht gelingen wollte, Milien und Stim¬
408 2585 1633 2636 mung (beides als Basis für die weitere Handlung sehr wesentlich)
409 2626 1635 2675 richtig zu charakterisieren. Der Mangel lag vor allem an dem Un¬
403 2661 1633 2716 vermögen aller Beteiligten, ihrer Sprache die gerade hier unerläß¬
401 2704 1629 2747 liche leicht wienerisch: Färbung zu geben; durch den allzu merklichen
416 2745 1634 2788 Zwang, diesen Ton möglichst ungezwungen vorzutäuschen, wobei jedes
405 2779 1640 2838 natürlich erst recht aus der Rolle fiel, litt in logischer Folge auch das
416 2820 1630 2874 allgemeine Tempo und Animo. Am ehesten fand sich noch Herr
405 2860 1642 2905 Braun (Theodor) in seine Aufgabe, aber seine Partnerin Fräulein
413 2893 1640 2940 Monee (Mizzi) konnte, so sehr sie sich auch bemühte, das leichtblü¬
411 2930 1642 2988 tige, gemütliche und sorglosheiter liebelnde Wiener Mädel als Typus
400 2959 1638 3021 im Gegensatz zur ernstgearteten und alles ernst nehmenden Christine
412 3008 1644 3079 nicht zu überzeugender Geltung bringen. Herrn Ferstl gestattete
411 3051 1627 3093 es zum Glück seine Rolle als Fritz, sich in dieser Beziehung weniger
405 3092 1630 3138 Bloßen zu geben, wirkte aber doch immer noch etwas steif. Der
409 3132 1632 3174 zweite Akt war schon besser. Hier war es zunächst Frau Bellau¬
402 3173 1633 3218 Felda, die uns als spitzzüngige Frau Binder frische Wiener Luft
413 3214 1636 3255 atmen ließ und dadurch die Handlung sozufagen erst richtig lokali¬
407 3253 1641 3308 sierte. Herr Felda hatte es als Vater, in Maske und Spiel sehr
410 3286 1634 3335 ansprechend, nicht allzuschwer, erfolgreich mitzutun. Bei Frl. Wel¬
400 3319 1654 3385 ten (Christine) vergaß man das Fehlen des äußerlichen Wienertyps
409 3370 1633 3429 bald über ihrem echten, aus dem innersten Empfinden dringenden
404 3408 1625 3448 Spiel, das sich dann im letzten Akt in den leidenschaftlichen Schmer¬
403 3434 1632 3500 zensausbruch Christinens zu hochdramatischer, erschütternder Wirkung
408 3484 1629 3545 steigerte. (Angesichts dieser Leistung drängte sich die Frage auf, warum
405 3529 1633 3573 man denn dem Frl. Welten, deren große Begabung auch von frühe¬
409 3571 1629 3608 ren Erfolgen her hinlänglich erwiesen ist, in den letzten Monaten gar
404 3609 1640 3660 so selten eine würdige Gelegenheit gibt, sich hervorzutun. Ein solches
397 3637 1636 3705 Licht unter den Scheffel zu stellen, ist ein Luxus, den sich eine Spiel¬
408 3682 1650 3738 leitung, die Ehrgeiz hat, nicht leisten darf.) Das volle Haus wurde
410 3723 1642 3774 im Laufe des Abends warm und wärmer und spendete nach dem
408 3765 1141 3811 zweiten und dritten Akte reichen Beifall.
1638 3374 1684 3421 1
2631 1450 2940 1529 16 MZ 1318
2267 1502 2961 1591 Innsbrucker Nachrichten
1943 1665 3173 1706 Liebelei. Schauspiel von Arthur Schnitzler. Die hier schon oft gege¬
1923 1699 3174 1775 jebene und immer mit großem Interesse ungmömmene Tragödie eines
1929 1731 3159 1784 Wiener „süßen Mädls“, das, für eine bloße Liebelet zu gut, an seiner
1945 1756 3165 1828 ersten, leidvollen Liebe zugrunde geht, war gestern in ihrer sonst
1935 1803 3177 1870 sicheren starken Wirkung anfänglich dadurch bedroht, daß es im ersten
1937 1850 3158 1908 Akte den Darstellern nicht recht gelingen wollte, Milien und Stim¬
1933 1888 3161 1958 mung (beides als Basis für die weitere Handlung sehr wesentlich)
1930 1915 3169 1997 richtig zu charakterisieren. Der Mangel lag vor allem an dem Un¬
1942 1957 3164 2026 vermögen aller Beteiligten, ihrer Sprache die gerade hier unerläß¬
1930 2004 3154 2074 liche leicht wienerisch: Färbung zu geben; durch den allzu merklichen
1937 2035 3167 2110 Zwang, diesen Ton möglichst ungezwungen vorzutäuschen, wobei jedes
1934 2088 3163 2139 natürlich erst recht aus der Rolle fiet, litt in logischer Folge auch das
1935 2123 3166 2186 allgemeine Tempo und Animo. Am ehesten fand sich noch Herr
1941 2172 3160 2220 Braun (Theodor) in seine Aufgabe, aber seine Partnerin Fräulein
1937 2209 3160 2257 Monee (Mizzi) konnte, so sehr sie sich auch bemühte, das leichtblü¬
1952 2246 3166 2298 tige, gemütliche und sorglosheiter liebelnde Wiener Mädel als Typus
1948 2292 3163 2338 im Gegensatz zur ernstgearteten und alles ernst nehmenden Christine
1944 2325 3164 2383 nicht zu überzeugender Geltung bringen. Herrn Ferstl gestattete
1954 2363 3173 2411 es zum Glück seine Rolle als Fritz, sich in dieser Beziehung weniger
1950 2400 3165 2466 Blößen zu geben, wirkte aber doch immer noch etwas steif. Der
1949 2435 3165 2498 zweite Akt war schon besser. Hier war es zunächst Frau Bellau¬
1939 2468 3175 2543 [Feida, die uns als spitzzüngige Frau Binder frische Wiener Luft
1942 2522 3161 2577 atmen ließ und dadurch die Handlung sozusagen erst richtig lokali¬
1947 2556 3162 2621 sierte. Herr Felda hatte es als Vater, in Maske und Spiel sehr
1950 2610 3170 2652 ansprechend, nicht allzuschwer, erfolgreich mitzutun. Bei Frl. Wel¬
1955 2643 3167 2693 ten (Christine) vergaß man das Fehlen des äußerlichen Wienertyps
1953 2674 3166 2735 bald über ihrem echten, aus dem innersten Empfinden dringenden
1950 2720 3164 2770 Spiel, das sich dann im letzten Akt in den leidenschaftlichen Schmer¬
1960 2754 3175 2814 zensausbruch Christinens zu hochdramatischer, erschütternder Wirkung
1950 2789 3181 2861 steigerte. (Angesichts dieser Leistung drängte sich die Frage auf, warum
1954 2836 3183 2888 man denn dem Frl. Welten deren große Begabung auch von frühe¬
1957 2865 3181 2925 ren Erfolgen her hinlänglich erwiesen ist, in den letzten Monaten gar
1959 2908 3182 2968 so selten eine würdige Gelegenheit gibt, sich hervorzutun. Ein solches
1967 2955 3178 3004 Licht unter den Scheffel zu stellen, ist ein Luxus, den sich eine Spiel¬
1958 2972 3189 3040 leitung, die Ehrgeiz hat, nicht leisten darf.) Das volle Haus wurde
1961 3028 3196 3082 im Laufe des Abends warm und wärnier und spendete nach dem
1967 3078 2698 3142 zweiten und dritten Akte reichen Beifall.
