3248 4320
475 160 815 244 iebelei
249 149 1341 290 5. Liszeie1 box 10
2075 1065 3260 1164 „.. Lalzählung i part und es will nichts sagen, da
2708 1141 3251 1217 1 Theil des Adels an ihrer Se
1684 1121 2718 1200 zu begeben, während der Rest von 1 Million Gulden gleich¬
635 1144 1686 1237 Anzahl ein, die Baissepartei, die schon lange auf eine
1684 1175 2719 1242 falls al pari den Herren Gebrüder Leube in Zahlung zu
2717 1192 3251 1262 was vom Clerns im Allgem
640 1209 1690 1282 solche Gelegenheit gelauert hatte, um ihre fortdauernden
1680 1223 2718 1285 geben ist. b) Die Generalversammlung wolle dem mit den
1667 1241 3260 1326 Herren Gebrüder Leube abegeschlossenen (auch zur Vor= kann, längst zum Denken unf
639 1261 1687 1326 Verluste hereinzubringen, hämmerte auf die Curse los
645 1294 3262 1360 nach Kräften und verbreitete Beunruhigung und Angst, lesung gebrachten) Vertrag ratificiren. Die Anträge wurden der Glaube, und zwar nicht
2733 1379 3261 1454 für die Dreifaltigkeitssäu
1691 1406 2728 1458 des ökonomischen Lebens. Pracht in der Aus¬
747 1406 1687 1466 „Liebelei“ ist im Burgtheater glänzend ge¬
2736 1430 3260 1497 und die Procession um di
1688 1436 2729 1504 stattung der Klosterkirchen ermangelte nicht in den
635 1459 1682 1511 spielt worden. Durch gemüthliche Natürlichkeit ließ
2731 1474 3261 1538 Josephitractament, Fasten
1685 1491 2729 1559 Zielen, und kam jenen Orden am meisten zugute,
641 1502 1682 1570 Fräulein Adele Sandrock vergessen, daß ihr
2737 1527 3258 1590 Wachskerzen und Windlich
1693 1539 2720 1600 welche überhaupt stets obenan (wie die Jesuiten),
647 1538 1685 1615 der echte wienerische Ton fehlt, den Fräulein
2732 1581 3254 1639 gen Edelmanns, für dur
1687 1582 2727 1652 oder für Zeit und Ort je bei der Bevölkerung in
637 1598 1687 1653 Kallina in anderer Stimmlage so erfrischend
2736 1615 3263 1693 Almosen, und sogar für
1697 1638 2731 1698 Liebe standen (wie gelegentlich die Karmeliter und
648 1645 1692 1720 und erheiternd anschlug. Fräulein Walbeck als
2738 1669 3262 1744 die Pfarren hatten um
1694 1684 2734 1756 Franciscaner in Graz, und die Dominicner zu¬
646 1690 1693 1766 Frau Binder erfreute durch discrete Naturwahr¬
2734 1720 3236 1785 ihre verfallenen oder
1699 1730 2735 1804 Leoben). Zuvörderst galten Ansuchen und Wid¬
649 1745 1699 1807 heit. Herr Kutschera und Herr Zeska waren
2729 1754 3253 1844 Ausstattung mit Capellen
1701 1764 2736 1844 mungen Bauten, wie Abhilfe bei Baufälligkeiten,
641 1796 1691 1865 zwei „junge Leute“, wie man sie in Wien aller¬
2732 1817 3262 1891 Stühlen, Anlage oder E
1696 1824 2737 1902 Neuerrichtungen und Vergrößerungen von Con¬
654 1833 1694 1903 orten sehen kann, und Herr Sonnenthal spielte
2727 1859 3262 1940 von Thürmen, für Pfat
1695 1871 2726 1932 venten, Gründung von Klosterkirchen (wie bei den
646 1891 1699 1952 den alten Geiger herzlich und vornehm. Vielleicht
2740 1904 3264 1974 gebäude. Die Pfarre
1697 1927 2728 1995 „Heilbrüdern“ oder Barmherzigen in Graz, zu welcher
656 1939 1694 2008 zu vornehm. Sein gehaltvoller Ton verlieh der
2745 1961 3253 2026 heischte Zubuße, da im
1697 1961 2732 2036 der erste Stein 1632 am 12. Juli gelegt wurde)
654 1982 1701 2043 bedenklichen Moral, die er vorträgt, mehr Nach¬
2741 2006 3262 2081 Wind und Wetter offen
1698 2022 2732 2091 oder Errichtung von Thürmen (wie von der
650 2035 1703 2115 druck, als sie haben soll. Herr Mitterwurzer
2745 2060 3253 2127 reisende Cavaliere Herbe
1703 2066 2734 2139 Franziscanerkirche, der 1641 begonnen und 1644
656 2070 1700 2148 gab den Gatten der Dame. Seine Darstellung
2747 2107 3251 2176 Mausoleum in Graz steu
1703 2117 2730 2182 fertiggebracht ward), Bau eines Noviziates,
656 2133 1700 2192 machte den vollen Sinn der knappen Scene sicht¬
2741 2156 3256 2227 bei, und eben soviel (16
1705 2178 2736 2228 gründliche Wiederherstellung eines sehr schadhaften
650 2184 1707 2251 bar und fühlbar. Ob sich „Liebelei“ dauernd be¬
2746 2198 3263 2280 Kirchenbau von Muriaze
1709 2212 2737 2289 Schlafsaales (manche Klöster waren so übel daran,
662 2242 1706 2310 haupten wird? Das Publicum ist wie die Weiber,
2746 2249 3254 2331 nakel daselbst widmete
1706 2260 2744 2334 daß Regen und Schnee in die Zellen schlugen),
663 2280 1706 2346 „welche stets zurück nur kommen auf ihr erstes
2750 2297 3261 2373 Stiftung von silbernen
1719 2315 2737 2375 Anlage neuer Stiegen, dann von Altären, Statuen,
657 2326 1698 2399 Wort, wenn man Vernunft gesprochen stunden¬
2753 2351 3260 2415 Bitten, noch durch eine
1710 2349 2747 2430 Orgeln, Kanzeln und Vergoldung derselben, einer
657 2376 1707 2443 lang“, und dieses erste Wort lautet: So etwas
2754 2389 3262 2468 ersten Capelle im Lande
1713 2401 2741 2482 Balustrade von polirtem Marmor (in der Carme¬
669 2422 1299 2517 gehört nicht in's Burgtheater.
2752 2442 3253 2515 welche der Pfarrer v
1721 2452 2743 2528 litenkirche, wofür die Landschaft einen Kostenrest
1066 2450 1680 2554 Alfred Freiherr von Berger.
2749 2495 3260 2567 Zeichenberge dort erricht
1727 2502 2761 2575 von 550 fl. in Gnaden übernahm), auch für Apo¬
2750 2547 3255 2606 gleichfalls ihr Schärflei
1724 2547 2752 2621 theke, allein man bat auch um Unterstützung für
2760 2595 3264 2665 capellen ging man sie n
994 2579 1401 2676 Gnadengaben.
1726 2598 2757 2673 Winterfeuerung, Abhaltung von Provincialsynoden
2751 2639 3262 2722 dem Gute Adelsbüchel(
1720 2643 2754 2725 und Unterhalt von in Zahl heranflüchtenden
794 2644 1605 2734 Von Landesarchivdirector v. Zahn, Graz.
1726 2700 2744 2769 Priestern (in Leoben), für Festlichkeiten bei Heilig¬
2840 2695 3264 2776 *) Scheint eine irrige
1053 2715 1328 2787 (Fortsetzung.)
2758 2750 3262 2830 schon 1723 bestand eine Jol
1719 2746 2750 2810 oder Seligsprechungen, für die Mariensäule auf
751 2746 1704 2822 Die Zwecke der Bitten gehen im Allgemeinen
1718 2806 2904 2885 dem Carmeliterplatze und die Litanei davor, wie Graz.
654 2819 1717 2902 auf Förderung des religiösen, aber auch vielfältig
