3436 4352
404 155 810 233 Liebelei
243 139 1384 275 5. Me box 10/1
1863 1174 3356 1259 . — bennsbesig verlaßt das Manisens der Deutschbohmen nicht f#
769 1250 3356 1324 as allgemeine Loos der Minoritäten, das specielle Gebiet des böhmischen Landtages und geht Zielen führt, die den Intere
535 1263 644 1324 65
501 1305 3359 1372 welches da geschildert wird und die Deutschen auf Angelegenheiten über, deren Berathung zu den deutschen Volkes entschieden
2826 1399 3366 1472 Der Student Fritz Lobhein
1653 1418 2775 1475 ihrem Manne vorwirft: „Du schliefst ruhig neben mir, wäh¬
2758 1434 3355 1516 einer verheirateten Frau, der
868 1431 1264 1523 Burgtheater.
1647 1457 2773 1527 rend ich in die Kissen biß, um meinen Schmerz und meine
2765 1491 3334 1571 uns erspart bleibt. Das
1651 1505 2762 1563 Sehnsucht zu betäuben.“ Ja, soll denn der Gatte den Nacht¬
519 1495 1652 1561 („Rechte der Seele.“ Schauspiel in einem Acte von Giuse pp
2766 1536 3309 1606 Stadium angelangt, mo
1663 1545 2764 1604 wächter seiner Frau spielen und sie, wenn sie nicht schlafen
817 1550 1657 1599 „Liebelei“. Schauspiel in drei Acten von
523 1559 782 1610 Giacosa.
2765 1584 3263 1648 ständige Angst vor
518 1592 1651 1654 Arthur Schnitzler. — Erste Aufführung am 9. October 1895.)
1651 1598 2770 1644 kann, submissest flagen: „Liebes Herz, denkst Du vielleicht
2766 1621 3331 1681 regungen und Schreckbilder v
1659 1635 2770 1697 an einen Liebhaber?“ — Stella Hohenfels wendete
610 1648 1662 1705 Der Mann, die Frau, der Bruder des Mannes: Das
2771 1668 3354 1722 Freude des Daseins. Mit auf
1650 1681 2773 1734 an die anspruchsvolle Frau die ganze Fülle ihrer Kunst: das
530 1691 1645 1756 sind die drei Personen, die uns Giacosa, der Autor des ein¬
2763 1711 3364 1769 heimer's Freund, Theodor Kais#
1655 1716 2767 1784 große Publicum wurde durch den elementaren Ausbruch ihrer
519 1737 1653 1790 aetigen Schauspieles: „Rechte der Seele“ vor Augen
2758 1751 3358 1823 zu; er fühlt sich verpflichtet, de
1658 1763 2773 1827 Leidenschaft hingerissen, die Gemeinde der Kenner war schon
530 1783 1660 1846 führt. Die eigentliche Hauptrolle aber spielt ein Vierter, der
2767 1797 3361 1864 Gequälten zu zerstreuen. Aber
1654 1806 2773 1870 vorher durch ihr stummes und doch so beredsames Spiel, das
527 1828 1653 1891 als Selbstmörder aus dem Leben gegangen ist und durch
2764 1844 3372 1909 ein zweites Verhältniß, das i
1655 1848 2774 1912 die innere Entfremdung verrieth, entzückt. Herr Hartmann
528 1864 1665 1931 seine That eine Ehetragödie heraufbeschwört. Wir erfahren
2771 1883 3304 1958 aber weniger gefährlich ist,
1652 1893 2771 1960 producirte eine etwas überladene Nervosität und einen ver¬
529 1917 1662 1963 von diesem dramatischen Motor nichts weiter als seinen
2757 1927 3305 1994 „serzigen Wiener Mädel“,
1650 1933 2779 2002 schwenderischen Reichthum von schönen Gesten, Herr Krastel
520 1954 1668 2012 Namen Ludwig und die Ursache seines verzweifelten Schrittes.
2765 1956 3373 2027 Mädel mögen sich bei Herrn #
1656 1984 2546 2050 bezog mit guter Miene einen verlornen Posten.
518 1996 1666 2059 Ludwig hat Frau Anna geliebt, diese hat ihn zurückgewiesen;
2773 2021 3359 2074 danach fragt, wie lange die Gesch
1745 2018 2772 2084 Und nun zur „Liebelei“. Arthur Schnitzler,
518 2046 1673 2106 aus Briefen, die sich im Nachlasse des Unglücklichen vor¬
2771 2064 3362 2128 Bewußtsein, vorübergehend An
1662 2066 2774 2128 der im Kreise seiner Freunde vielgeseierte Verfasser des
533 2085 1655 2142 finden, erfährt der Gatte die Wahrheit. Da aber der Gatte
2768 2102 3347 2168 friedigung genießt. Er selbst,
1660 2107 2779 2177 lieblichen „Anatol“ und des duftenden „Märchens“ ist burg¬
527 2118 1664 2196 ein sehr nervöser Herr ist, genügt ihm das schriftliche
1656 2134 3368 2211 theaterfähig geworden. Hat er sich dem Burgtheater oder sich immer mit solchen Lieveleie#
519 2170 1656 2234 Zeugniß über die Unschuld seiner Frau nicht; er will münd¬
2764 2198 3357 2259 dabei gefahren; seine Philosoph
1665 2198 2784 2259 hat sich das Burgtheater ihm accommodirt? Man kann
537 2214 1659 2283 liche Versicherungen, die ihm die letzten Zweifel nehmen, er
2778 2243 3374 2296 nicht interessant, sonbern ange#
1654 2250 2769 2307 sagen, daß beide einander entgegengekommen sind, aber jeden¬
522 2257 1669 2327 examinirt, inquirirt, spionirt so lange, bis ihn Frau Anna
2777 2276 3370 2333 dieser praktischen Philosophie tr
1659 2288 2768 2358 falls hat dabei die Hofbühne den größeren Weg zurück¬
537 2301 1660 2367 von allen Zweifeln gründlich curirt. Ja denn, sie hat den
2777 2309 3352 2377 Wahl. Gegenwärtig besitzt er
1660 2330 2779 2401 gelegt. Die Voraussetzungen und der ganze erste Act des
533 2343 1666 2406 Mann geliebt, der um ihretwillen zum Selbstmörder wurde,
2776 2371 3362 2423 gewissen Mizi, einer gewesenen
1658 2369 2770 2438 Schauspieles: „Lielelei“ müssen wohl auch einer liberalen
530 2373 1663 2458 und es bereitet ihr geradezu eine Wonne, dieses Bekenntniß
2769 2402 3365 2461 desten interessant, aber dafür se
1659 2407 2778 2476 Auffassung so monströs erscheinen, daß sie durch einige
525 2416 1668 2497 endlich einmal abzulegen. Sie jauchzt das Geständniß förmlich
2767 2451 3360 2513 ist. Mizi braucht nur ihre Fr
1668 2464 2773 2521 psychologische Finessen der letzte Acte und dusch die
530 2476 1667 2542 heraus sie bereut ihre Tugend, sie unterstreicht ihre Ge¬
2767 2497 3374 2560 eines Musikers vom Josephstädt
1671 2495 2779 2569 künstlich aufgedonnerte Grisetten Tragik des Schlusses keines¬
534 2513 1664 2575 dankensünde doppelt und dreifach. Als ihr der Gatte
2775 2548 3368 2609 allen Theilen ist geholfen. Del
1658 2542 2781 2603 wegs aufgewogen werden. Es läge also wieder einmal die
527 2563 1661 2616 darauf die Thüre weist, findet sie in dem Gesühle
2770 2584 3366 2642 Christine erscheint, Herr Fritz
1661 2592 2770 2647 Frage nahe, ob und wieweit das Burgtheater die moderne
534 2614 1671 2669 der Befreiung noch stärkere Accente und beeilt sich, der freund¬
2766 2625 3362 2689 partiellen Beachtung würdig un
1664 2630 2772 2699 Production — das heißt diejenige, die sich selbst so nennt
518 2647 1665 2718 lichen Aufforderung so schnell als möglich nachzukommen.
2769 2671 3345 2733 die ihn quält, eine Liebelei,
1660 2674 2779 2741 und ihre Ausschreitungen als ein Postulat des Zeitgeistes
531 2687 1679 2763 Entsetzt möchte sie nun der klägliche Ehemann zurückhalten;
2768 2708 3361 2782 recht heilkräftig erweist sich der
1669 2731 2777 2780 hinstellt — berücksichtigen soll; da sich aber Jeder, der an
531 2722 1668 2803 auf den Knien fleht er sie an, zu bleiben — umsonst! Sie
2772 2757 3341 2827 die siedzigpercentige Liebe ist st
1666 2752 2782 2827 dieser Frage rührt, sofort den Vorwurf zuzieht, er plaidire
530 2770 1663 2849 reißt sich los und stürmt hinaus, um fortan, aller Fesseln
2777 2809 3371 2869 Liebelei, und wenn die Students
1673 2809 2782 2873 für die Aufrechterhaltung des alten „Comtessentheaters“, be¬
535 2829 1672 2880 ledig, dem geliebten Todten anzugehören. — Das kleine
2775 2836 3347 2909 beisammensitzen, vermögen die
1661 2837 2781 2923 schränken wir uns darauf, zu constatiren, daß Herr
536 2864 1670 2936 Stück frappirt in seiner ersten Hälfte durch sein interessantes
2776 2881 3366 2949 „Dori“ das Gespenst der Sorg
1673 2879 2778 2953 Schnitzler durchaus nicht für Comtessen schreibt, sondern sich
541 2907 1674 2974 Problem und durch wahre Charakteristik; später bewirkt die
2774 2936 3367 2999 zwischen Christine und Fritz stel
1664 2935 2779 3003 das berühmte Wort: „Dürft' ich wohl so frei sein. frei zu
528 2960 1672 3018 Spitzfindigkeit des Autors eine merkliche Abkühlung, und am
1673 2968 3361 3048 sein?“ ohne jede Spur von Schüchternheit zur Richtschnur und wittert eine Nebenbuhlerin,
528 2994 1672 3081 Schlusse fühlt man sich gezwungen, gegen seine gewaltsame
2780 3030 3345 3097 oft die Hausglocke läutet, und
531 3036 1841 3125 Psychologie zu pretestiren. Frau Anna geht so weit, daß sie nimmt.
2585 3162 3032 3355 10#
2012 3120 2371 3371 2#
859 3198 1019 3388 2
