3392 4224
362 132 759 207 Liebelei
209 127 332 215 5
898 127 1333 225 box 11/2
338 186 746 250 „
919 494 1256 583 Telephon 12.801.
392 629 1118 723 „UBOERTER
226 707 1319 783 I. österr. behördl. konz. Unternehmen für Zeitungs-Ausschnltte
407 757 1130 832 Wien, I., Concordiaplatz 4.
615 814 939 876 Vertretungen
215 858 1317 922 in Berlin, Basel, Budapest, Chicago, Cleveland, Christiania,
228 911 1313 963 Genf. Kopenhagen, London, Madrid, Mailand, Minneapolls,
216 945 1316 1016 New-Vork, Paris, Rom, San Francisco, Stockholm, St. Peters¬
611 986 911 1041 burg, Toronto.
543 1019 981 1088 Quellenangabe ohne Gewähr.
209 1073 667 1170 Ausschnitt aus:
1059 1125 1274 1219 Daut
664 1140 781 1238 Ko
211 1172 400 1243 vom:
391 1185 623 1299 K
603 1271 928 1364 Cheater.
309 1333 1291 1428 „Liebelei“ (Schauspiel von Schnitzler).
1045 1403 1309 1471 Schauspiel
219 1396 909 1476 Montag abends ging Schnit
991 1404 1037 1476 4
227 1444 1315 1529 „Liebelei“ über die Bi#runseres Stadttheaters. 2.
229 1504 1303 1568 Eine Variation jenes Motios, das der Autor oftg
222 1555 1306 1634 schon, früher und nachher mit Glück b handelt hate#
228 1598 1296 1672 Dis Verhältnis zwischen Mann und Web als Aus¬
242 1641 1314 1724 fluß divergierender individueller Veraulagung, als!
227 1701 1305 1770 Konsequenz verschi dener Auffassung über das Soll“:
228 1734 1311 1810 im sexuellen Leben. Der Schriftst ller macht sich die?
232 1799 1317 1852 Kenntusse des Arztes zu Nutze. Er, der gewohnt ist,:
1114 1851 1179 1887 A1
232 1850 1287 1910 mit dem Seziermesser Faser um Faser im mens#h#ichen
234 1894 1285 1960 Körper zu zergliedern, um die Lösung eines inter¬
235 1958 1288 2013 essanten Rätsels zu finden, der feine Beobachter, macht
242 1994 1282 2058 die Ergebnsse seiner Studien zum Vorwurf von
232 2048 1284 2117 Dramen. Od nun Schnitzler die psychischen Qualen
235 2093 1288 2168 einer erbarmungswürdigen Kreatur schitdert, der die
938 2148 1112 2204 —
233 2193 1271 2253 Wissenschaft Tag und Stunde ihres Lebensendes vor¬
236 2254 1276 2306 hersagt, ob er den Seelenkampf jenes Weibes zeichnet,
238 2306 1266 2356 das sich über Konvention und ihr Steckenpferd, die
242 2349 1271 2398 Moral, mit bewunderungswürdigem Mut hinwegsetzt,
233 2398 1264 2443 das Leben an der Seite ihres angetrauten Gatten eine
240 2448 1271 2500 Episode, ein Zwischenspiel werden läßt, um ihrem
234 2491 1282 2552 Trieb zu leben, immer ist es der feine Psycholog, der
235 2542 1274 2613 künstlich die Brücke von der Wissenschaft, der Prosa
230 2604 1279 2659 zur Poesie geschlagen hat. „Liebelei“ dankt ihre Ent¬
233 2654 1279 2700 stehung wohl mehr dem Poeten als dem Arzt. Ein
233 2701 1269 2752 Wiener Mädel, das mit jeder Faser ihres Wesens
235 2749 1269 2804 lieht und — jedeufalls paradox in Anbetracht des
233 2789 1269 2842 Milieus — wieder geliebt zu werden wünscht. Daneben
236 2843 1264 2907 zwei junge Leute, denen die Stunde, in der sie leben und
237 2905 1261 2952 lieben, so viel fröhliche Lust, so viel Glück bietet,
239 2946 1268 3002 daß sie, dankbar dem Schicksal, um die nächste Stunde
240 2991 1258 3069 zu kümmern, sich nicht träumen lassen. Zerstrent da¬
236 3040 1262 3114 zwischen Wiener Humor und Wiener Sentimentalität ...
316 3096 1263 3162 Frl. Trauner bot als Mizzi wieder einmal
233 3145 1270 3201 eine schöne Probe ihres bedeutenden Talents: das
231 3206 1272 3259 Wiener Mädel, lustig und toll, zu jedem G'spaß auf¬
232 3257 1258 3317 gelegt, aber auch aufopfernd in ihrer Herzensgüte,
230 3297 1256 3364 keine Opfer für einen Freundschaftsdienst scheuend. Frl.
235 3351 1260 3402 Trauner wirkte influenzierend heiter in ihrer natür¬
237 3390 1262 3443 lichen frischen, bezwingenden Munterkeit, innig rührend
239 3444 1263 3502 mit ihren warmen Tönen des Sentiments. Mit Geschick
241 3498 1261 3554 sekundierte ihr Herr Reißner als Theodor. Frl.
237 3538 1275 3599 Halpern (Christine) kämpfte mit einer kleinen In¬
244 3593 1266 3660 disposition. So fehlte ihr stellenweise, im letzten Akt
242 3638 1262 3691 besonders, die Kraft, um den über das arme Geschöpf
232 3688 1267 3758 jäh hereinbrechenden Schmerz entsprechend zum Aus¬
241 3725 1275 3803 druck zu bringen. Ohne jede Individualisierung spielte
242 3784 1268 3844 Herr Stengel den Fritz. Die Regie des Herrn
235 3838 1264 3905 Stärk, der auch den „Herrn“ eindrucksvoll spielte,
1067 3885 1244 3969 k—1.—
246 3886 832 3954 verdient uneingeschräuktes Lob.
1578 2449 2234 2541 Feuisseton. 7 u
2050 2535 2143 2624 74
1647 2571 1944 2658 Theater.
1362 2703 2271 2771 Dezember Schnitlersiebelei“ gespielt.
1298 2744 2262 2797 Den alten Musikus Wetting gab Hr. Joseph Dan¬
1296 2785 2267 2837 egger, zurzeit in Berlin, der als Ersatz für Hrn.
1301 2831 2273 2890 Wilh. Mauren in Aussicht genommen ist; auch dessen
1308 2877 2266 2920 Tätigkeit als Regisseur würde ihm üb rbunden werden.
1302 2922 2258 2968 In seinem Aeußern ist Hr. Danegger das komplette
1298 2964 2267 3017 Widerspiel des Hrn. Mauren: er ist eher klein und ent¬
1293 3002 2267 3051 behrt aller Leibesfülle. Er stimmte die Figur des Wiener
1302 3051 2272 3101 Musikers mit viel liebevollem, charakteristischem Detail
1294 3099 2267 3147 auf den herzlichen, milden, verst henden und darum
1288 3132 2270 3194 verzeihenden Ton, mit dem der Dichter diesen Schubert¬
1302 3182 2261 3239 Verehrer ausgestattet hat. Namemlich im letzten Akt
1294 3241 2262 3290 gewann sein Spiel eine rührende Eindringlichkeit. Wie
1296 3278 2262 3327 der mit seinen weichen Händen sein einziges Kind tröstend
1303 3305 2256 3362 liebkost, wie er es mit ängstlicher Sorgfalt umgibt, ihm
1299 3356 2261 3415 das Dasein verlockend und süß zu machen sucht (obschon
1296 3405 2264 3456 er an die Wirksamkeit seiner Worte selbst nicht recht zu
1302 3450 2262 3495 glauben wagt), und wie er dann in schmerzlichem Auf¬
1294 3495 2262 3549 schrei zusammenbricht, da er seine Chr.stine auf Nimmer¬
1296 3535 2267 3585 wiedersehen seinen Händen entschlüpfen und in den Tod
1303 3580 2267 3638 eilen sieht — das war recht schön durchempfunden und
1295 3619 2284 3683 lebensvoll gestaltet. Am Dienstag spielte dann Hr. Dan¬
1288 3656 2272 3726 legger den Grillhofer in Anzengrubers „G’wissenswurm“.
1289 3727 2272 3766 welche Komödie man als drute Volksvorstellung im
1302 3749 2276 3798 Stadttheater gab vor einem zohlreichen, mit viel
1294 3799 2276 3848 halowüchsiger Jugend durchsetzten, vergnügten Audito¬
1291 3836 2277 3917 rium. Auch hier sah man sich einem g####ten kräftig
2287 2435 3257 2491 und doch nicht aufdringlich charakterisierenden Schauspieler
2297 2478 3259 2525 gegenüber, dem es an der vis comica durchaus nicht
2286 2522 3269 2584 fehlt. Die Regiefähigkeiten Hrn. Daneggers zu beur¬
2295 2559 3254 2622 teilen, ist natürlich unmöglich. Das wird erst die Zu¬
2295 2610 3248 2662 kunft lehren einmal, wenn der Gast in den Verband
2281 2654 3039 2698 unseres Schauspielpersonals eingetreten ist.
2341 2698 3245 2744 Die Aufführung der „Liebelei“, um von dieser noch
2281 2742 3251 2787 ein Wort zu sagen, vermochte nicht allen Anforderungen
2282 2794 3255 2844 gerecht zu werden. Frl. Herterich, lieb und innig in
2280 2811 3265 2902 ihrer anschmieg nden Hingebung, ließ im dritten Akte
2280 2866 3254 2921 die heißen leidenschaftlichen Herzenslaute zu sehr ver¬
2282 2917 3253 2978 missen; so blieb die seellsche Steigerung, die sich in
2287 2960 3256 3021 Christine in diesen Augenblicken des bittersten Schmerzes
2284 3006 3258 3067 vollzieht, mehr nur in den Konturen angedeutet. Und
2287 3050 3251 3112 das raubte dem Schluß einen guten Teil seiner ergreifen¬
2281 3087 3261 3155 den Eindringlichkeit. Bei Frl. Werner als Mizi Schlager
2282 3134 3254 3193 klang manches zu spitz und berechnet; das naio Leicht¬
2289 3181 3248 3236 sinnige, das Schnitzler hier so köstlich zu der tiefgründigen
2279 3227 3255 3286 Natur Christtens kontrastiert hat, trat nicht sonnig
2284 3267 3257 3320 und ursprünglich genug heraus. Hr. Achterberg hielt sich
2283 3327 3251 3374 als Fritz Lobheimer recht wacker; nur dürfte er eleganter,
2289 3355 3258 3415 wel männischer aussehen, er trug sich etwas gar zu ge¬
2278 3406 3259 3471 mütlichbieder. Hrn. Metzls Theodor Kaiser gehört zu
2279 3450 2737 3507 seinen besten Leistungen.
