3248 4320
-25 1116 106 1184 chts
-13 1177 106 1230 Schut
-12 1221 93 1273 enn
-15 1255 117 1320 nger
-10 1474 101 1540 erha
-13 1529 94 1588 berm
-11 1574 110 1668 940
-20 1657 93 1716 löst
-7 1701 96 1766 ne #
-10 1742 102 1803 utor
-19 1779 100 1849 lbst
-21 1831 95 1891 ne#
-9 1884 104 1939 ssen,
-17 1933 91 1984 ner
-23 1966 91 2028 W
-20 2008 98 2067 lber¬
-13 2049 99 2113 ühn
-7 2090 101 2156 e 9
-6 2277 91 2335 chlo
19 2305 101 2378 en
-8 2561 97 2641 iale
1006 173 1450 269 box 10/1
468 180 821 251 Liebele
309 180 986 298 5. RescheT
331 790 1252 862 Rotweg. jesen Störtging ernt vorgelegt und verlafsung.¬
3113 803 3254 864 cypo.
2203 806 2515 887 Huie73 acn
2782 808 3134 896 W##resenen nach
2597 840 2702 890 A4:
1259 822 2186 902 Sta# ein unmitielbarer Vortheil von einer der¬
3120 852 3264 911 gegen
320 853 1259 905 mäßig behandelt werden. Jahre müssen also ver¬
2187 845 3118 915 Turin. 1859 schickte iyn Cavont nach Reapel, wo
1261 886 2192 951 artigen Bethätigung der Vaterlandsliebe in Aus¬
321 892 1259 942 streichen, ehe man die Durchführung der Revision
2250 911 3130 963 das Blatt „Il Nazionale“ gründese und zum
3126 897 3266 974 hahre
1270 926 2187 975 sicht steht, die Eifersucht einer andern erwacht, so
324 926 1255 977 erwarten kann, und da Reichstag und Storthing
3127 958 3263 1028 § 43,0
2192 949 3124 1006 Abgeordneten gewählt wurde. Er ghörte fort¬
1271 946 2185 1011 wird das Ende vom Liede sein, daß keiner von den
315 963 1258 1022 erst Anfang nächsten Jahres wieder zusammen¬
3127 983 3237 1038 bes
1266 987 2190 1046 aufgeworfenen Plänen zur Verwirklichung kommt
323 997 1255 1056 treten, war genügende Zeit vorhanden, um diese
2198 997 3115 1049 dauernd der Rechten an und hatte seine besten
3121 1013 3254 1099 8 73,
1257 1024 2196 1080 und daß im letzten Augenblick, wie es beim
316 1031 1262 1089 Angelegenheit vorzubereiten. Nichtsdestoweniger
2200 1044 3131 1099 Freunde und Anhänger stets unter den Gemäßigten.
3159 1061 3259 1110 Der
1266 1072 2187 1116 Jubiläum der 25jährigen Thronbesteigung Wile
319 1067 1265 1130 fragen einige schwedische Zeitungen, warum die
2196 1087 3127 1138 Trotzdem war er, seiner dialectischen und allseitigen
3123 1094 3255 1149 Gold
1256 1096 2195 1155 helms III. geschehen ist uf dem Wege der öffent¬
323 1107 1258 1151 Verhandlungen über den Unionsvertrag nicht schon
2185 1120 2552 1194 Begabung nach,
2530 1130 3127 1188 Feind jeder Parteidisciplin
3118 1123 3254 1197 tembe
1262 1135 2190 1201 lichen Subscription der jungen Königin ein
319 1144 1265 1195 eingeleitet würden? Einige Preßorgane ergingen
3111 1167 3258 1223 S 418
2185 1169 3124 1217 und konnte es sich als Sophist nicht ver¬
1259 1170 1999 1219 Nationalgeschenk überreicht werden wird.
321 1175 1259 1230 sich sogar in Andeutungen, daß man schwedischer¬
3122 1209 3267 1255 D
298 1267 3265 1330 nichts anderes als einen echten und rechten möglich! Es giebt bürgerliche Damen und auch daß sie ihm — einem Wasserfalle gleich — eine giftige beschön
309 1305 3264 1366 „Schnürlregen“ Salzburger Provenienz sieht; und Baronessen, welche Geschenke in dieser oder jeuer Form Rede, alle Unbill in das Gesicht schüttet, die sie sie fü
3119 1349 3260 1403 aber
1243 1346 3128 1409 von Herren, die sie mehr oder weniger kennen, an= nur irgendwie aufbringen kann. Das ist der
300 1357 1257 1408 wenn dazu mißmuthige, verdrießliche Worte einer
3125 1389 3266 1448 einen
291 1403 3129 1454 jungen Wienerin kommen, die sich an einem Regen=nehmen, aber in Familien ehrbarer Art, wo man die Punkt, wo das Stück sterblich ist. Es giebt keine Frau,
3123 1417 3265 1493 einer
1244 1435 3132 1503 gute Welt empfängt, kommen diese Geschöpfe die sich erhobenen Hauptes hinstellt, um ihre Schuld
293 1441 1261 1510 tage auf dem Landschlosse so sehr langweilt, daß es
3117 1484 3264 1529 man
295 1498 3133 1535 ihr klar wird, der Verlobte, den sie heirathen soll, nicht. Dieses Zauberreich ist ihnen verschlossen, zu bekennen und diese zugleich als Trumpf für ihre
297 1517 3256 1586 sei ein Mann ziemlich gewöhnlicher Art und seine Sie gehören wie alle Abenteuerinnen zu jener Welt, Rechtfertigung auszuspielen. Wenn sie wahrhaft ist, Mädch
305 1568 3256 1630 Unterhaltung wie auch jene, welche sie im Schlosse welche von den Herren wohl aufgesucht wird, aber sagt sie, wie Ibsens Dora, was vorgefallen, zeigt sich Ersten
2176 1603 3266 1664 wie sie ist, aber triumphirt nicht, und beschuldigt der a
1244 1619 2194 1666 man spricht nicht gern davon und am allerwenigsten
306 1624 1267 1678 überhaupt findit, nicht darnach, ein junges, frisches,
1243 1650 3263 1712 vor seiner Frau und seinen Kindern. Mit solch einem nicht einen Andern als Ursache dessen, was sie selbst Natha
308 1667 1262 1717 übermüthiges Leben in dieser traurigen Einsamkeit
1250 1692 3263 1758 Mädchen verlobt sich ein braver, der Gesellschaft gethan hat. Das verwirrt, das schädigt! Von dems es ist
296 1710 1261 1768 zu opfern, da hat jegliche Theaterwirkung ein Ende.
1253 1737 3266 1808 durchaus nicht ferne stehender Mann, ein Doctor, Standpunkte aus muß man sich gegen die verlogene neuen
328 1758 1256 1808 Das ist die traurige Lage des Mädchens. Dieses
1243 1790 3253 1853 nicht, und wenn er es thun sollte, so vermeidet er Logik Giacosas und seiner Genossen stemmen und unwah
291 1794 1266 1861 selbst aber durchaus nicht, wofür es ausgegeben wird:
2184 1823 3262 1889 kann ein Stück nicht ruhig hinnehmen, das hunderl=sie au
1247 1836 2197 1894 aus allen Kräften, sie, wieder ohne jede Begleitung,
296 1844 1257 1900 eine echte und rechte Wienerin. Hat man es dem
2181 1862 3259 1928 mal mehr Unheil anrichtet, als andere, vor deren denken
1249 1885 2195 1951 seiner Mutter und Cousine, als eine himmelblaue Un¬
297 1878 1254 1938 Autor abgezwungen oder abgerungen, oder war es
3125 1918 3265 1973 aber d
2168 1917 3129 1985 Besuch man die Menschheit wieder und wieder
1242 1925 1876 1996 schuld ersten Ranges, zuzuführen.
292 1916 1268 1986 selbst seine Idee, eine Wiener Baronesse, allerdings
3114 1956 3262 2021 entwic
2178 1957 2465 2042 gewarnt hat!
302 1974 1266 2032 eine verarmte, den Girardi=Dialect sprechen zu
3110 2003 3266 2064 mit d
310 1992 2199 2070 lassen, nicht den leichten Hauch Wienerischer Mundart Gleichwie diesem Stücke ist man zwei anderen
2211 2017 3256 2099 Aehnlich verhält es sich auch mit dem Stücke: weise
1254 2058 2197 2115 Werken, von denen das eine italienischen, das andere
303 2059 1264 2118 jener vornehmen Leute bei uns, welche die Sätze wie
2193 2077 3264 2152 „Liebelei“ von Schnitzler, das ebenfalls mit Geist darin,
1252 2102 2191 2161 Wienerischen Ursprunges ist, mit einigen Zweifeln
301 2108 1258 2168 in Wolle einwickeln, sondern das mehr als Lerchen¬
2190 2110 3265 2190 und Talent gedacht und gemacht ist, aber in einen Handli
300 2149 2195 2204 felder=Deutsch des Komikers Girardi der Wiedner begegnet. Das kleinere, einactige Stück hieß:
2186 2176 3265 2241 Fischschwanz ausläuft. Falsches Denken, falsche gehen
305 2177 2200 2245 Bühne, der es seiner Gattin Fr. Ordilon, welche „Rechte der Seele“ und hatte Giuseppe Giacosa
2194 2220 3265 2282 Moral sind seine Zeichen. Es handelt sich um weisen
297 2231 2193 2290 die Baronesse spielt, beigebracht zu haben scheint, so zum Autor. Das andere war „Liebelei“ betitelt und
2185 2259 3263 2322 Wiener in dem Stücke Schnitzlers. Junge Leute, die seinen
299 2263 2195 2337 hat man ihm und er sich keinen Gefallen erwiesen, verdankt dem jungen Autor Dr. Arthur Schnitzler
301 2297 3253 2379 Man denke sich als Gegensatz dieser Wienerisch reden= sein Dasein. Beide Werke erlebten im Burgtheater Tags über unbeschäftigt sind, Studenten, welche vonl genieß
2190 2348 3257 2410 Haus aus so glänzend mit Mitteln ausgestattet die in
293 2373 2200 2434 den Baronesse die Familie des Verlobten, welche ein die erste Aufführung. Sie hatten bessern Erfolg wie
2188 2372 3266 2457 werden, daß sie das Leben in vollen Zügen genießen ausgel
304 2414 2203 2466 Schloß sammt Gut gekauft und trotz ihrer bäuer= das Stück von J. J. David, aber man fand dieses
2176 2419 3137 2495 können, arme junge Wiener Mädchen andererseils,
3109 2444 3264 2507 Mona
301 2450 2201 2512 lichen Herkunft das reinste Hochdeutsch spricht, wie es nicht ganz in der Ordnung und jenes noch minder.
2175 2481 3139 2551 welche eleganten Burschen nur zu leicht Gehör
3115 2493 3259 2549 zu chaf
299 2493 2209 2556 Fr. Charlotte Wolter oder Frau Keller=Frauenthal Giacosa's Stück, von Herrn Otto Eisenschitz
308 2516 3256 2600 als Medea in Norddeutschland zum Besten gegeben übersetzt, fist bereits auf mehreren Bühnen schenken, und sich von ihnen beschenken, der all
301 2559 3264 2644 hat, so wird es klar, daß da ein grober Mißgriff Deutschlands aufgeführt werden: Giacosa ist ja von diesen in den Collegien der Mebicin oder der von de
294 2626 3264 2692 begaungen worden ist. Hätte, umgekehrt, die Baronesse ein guter Techniker und weiß ganz ab= Rechtswissenschaft inseribirten Jünglingen zu Unter- samme
305 2684 3257 2735 das Hochdeutsch mit leisem Anfluge des sonderliche psychologische Vorgänge und Wand= haltungen und Lustbarkeiten führen und verführen Vater
975 2700 3264 2772 reich ge= lungen zu spinnen und zu verwirren, weniger lassen. Das Collegium wird von diesen Jünglingen Glück
296 2711 1000 2785 Dialects gesprochen und die
2183 2730 3265 2811 das ganze Jahr über nicht besucht, das Theater und haben
302 2766 2187 2825 wordene Bauern=Familie die angestammte Mundart, geschickt aber zu lösen. Eine junge Frau lebt mit
2186 2780 3264 2848 der Tanzboden desto häufiger. Wissenschaft ist ihnen Noten
295 2811 2191 2880 so wäre der Contrast viel wirksamer und natürlicher ihrem Gatten, liebt aber den Bruder desselben. Das
2189 2832 3257 2899 nichts, „Liebeln“ Alles. Das krifft zu. Ein ähn“ halten.
291 2849 2198 2916 hervorgetreten. Auch schadet, wie erwähnt, wird dem Manne erst offenbar, als der unglückliche
2180 2873 3262 2937 liches Herumvagiren bei Musikklang zu jungem Wein künstle
294 2897 2186 2948 dem Stücke, daß man sich für die vorgeführten Per- Bruder stirbt. Er liest dessen Briefe und erkennt
2189 2922 3264 2994 und junger Liebe trifft man allerorten. Der erste recht n
291 2944 2190 2997 sonen nicht erwärmen kann. Eine Baronesse, die daraus, daß seine Frau standhaft jede Versuchung
2193 2954 3253 3032 Act, welcher dieses Stimmungsbild entrollt, ist mit zs wel
298 2986 2183 3048 Abends allein ausgeht und zu ihren Ausflügen nicht von sich gewiesen habe. Er wird troßbem eiterfüchtig und
2186 3012 3129 3060 all seinem Bratenduft und Weingeruch, seiner Freude
3105 3027 3263 3081 aush n
295 3028 2187 3089 ein Dienstmädchen als garde de dame mitnimmt, quält die Frau. Jeder Satz, den er #rüht, ist ein
2189 3050 3263 3129 an der Musik und am Leben ein gelungenes Genre= als ge
301 3075 2189 3138 Geschenke, von mehreren Herren, annimmt — nicht Dolchstich. Dadurch wird die „arme Märt###n“ dahin
2181 3096 3255 3162 bild von der Gasse und aus schön eingerichteten hohen
1252 3101 2187 3178 gebracht, ihr innerstes Denken und Fühlen zu ent¬
300 3118 1261 3174 kleine Andenken, wie man sie etwa von einer Bade¬
2179 3136 3265 3214 Zimmern, in denen sich derlei mehr oder weniger Sippsch
1241 3147 2191 3217 hüllen. — Ein „Recht der Seele“ auf Untreue er¬
292 3160 1267 3236 seise bringt: Sprudelsteine, mit einem Vergißmein¬
2187 3182 2741 3255 zahme Orgien hier abspielen.
3095 3188 3256 3265 Liebe“,
299 3206 2184 3272 nicht geziert, aus Carlsbad, oder böhmische Gläser kennen wir nicht an. In der Ehe ist es eben recht
3107 3241 3254 3301 was er
2203 3237 3131 3303 Wenn junge Leute nicht denken, sondern nur
300 3250 2199 3312 aus Franzensbad, in denen das Wort: „Gedenke schwer, die Seele vom Leibe zu trennen, dem Körper
2184 3279 3251 3341 liebeln, wenn sie in die Welt hinausrufen: Freu' hat.
301 3296 2189 3356 mein!“ eingegraben ist, sondern gehaltoolle, schwere diese, dem Geiste jene Rechte und Pflichten zuzu¬
2176 3332 3257 3390 dich des Lebens solang' noch das Lämpchen glüht!“ Leben,
604 3334 2188 3402 das kennen die Wiener nicht, das erkennen. Die ungetreue Frau aber ist anderer An¬
298 3333 624 3407 Armbänder —
300 3371 3263 3444 findet man bei uns nicht in halbwegs anständigen sicht. Sie rächt sich an dem Manne, der fünf Jahre so wird man dazu den Kopf schütteln; aber die mitten
291 3435 3257 3518 Samilien. Das ist nicht wahr, ist ganz und gar un= in dem Wahne gelebt, geliebt zu werden, dadurch, Jugend findet leicht ein Wort, um das theprekisch izu lieben
