3436 4352
416 149 793 222 Liebelei
923 147 1379 244 box 10/1
231 145 934 265 5. LiezeeT
3045 778 3290 857 W
1873 812 3350 908 Shunn der e#stellen und im entscheidenden Augenblick ab=Massi
498 872 945 944 „ 9u1, 1 unserg
1312 864 3353 960 gsfähigen zur Steuer und Entlastung der fallen.“ Ob die Fünf damit nicht unbeab= bloß
282 876 1327 989 daran zu erinnern. Stein umsulams
1210 907 2265 980 ##wirthschaftlich Schwächeren. Das sind sehr
2264 928 3349 1008 sichtigt eine Satire auf ihr eigenes Thun ge=wen
278 965 2266 1030 von dem Baue ab, der den festen Wall der beherzigenswerthe Dinge, aber das ist ein Pro¬
3235 968 3352 1037 960
2263 979 2647 1060 schrieben haben?
277 1012 2277 1080 Deutschen Oesterreichs wider den Ansturm ihrer gramm, welches jeder national und fortschrittlich
3218 1024 3354 1102 liebi
3233 1069 3347 1126 Pres
286 1059 2285 1120 politischen und nationalen Feinde bildet. Es gesinnte Deutsche unterschreiben kann und d#e im
1251 1157 3353 1210 sie getragen, still und allein. Wie vordem ihre Liebe Alltagsmoral im Theater für Giacosa's Schauspiel zu shein
621 1173 993 1256 Burgtheater.
2273 1201 3354 1254 bekehren, unabwendbar scheitern. Dennoch beklagen wir liebe
1260 1194 2288 1271 hält sie nun den Schmerz um den geliebten Todten in
664 1214 1279 1303 Schauspiel in einem ##t von Ginseppe
284 1217 668 1294 „Rechte der Seele“,
2260 1239 3360 1311 es nicht, daß der Dichter sich über dieses Bedenkenlist
1281 1238 2279 1295 ihrem Herzen verschlossen, bis zu dem Augenblicke, da ein
299 1252 1282 1328 Giacosa. Deutsch von Otto Eisenschütz. = „Liebelei“. Schau¬
1286 1279 3353 1352 Zufall ihrem Gatten die Brieftasche des Todten, und damit muthig hinweggesetzt und ohne Zaudern dem Drange Abe
285 1283 1279 1359 spiel in drei Akten von Arthur Schnitzler. Zum erstenmale auf.
603 1331 975 1395 geführt am 9. Oktober,
1262 1327 3356 1387 das Geheimniß seiner Liebe in die Hände spielt. Hier setzt nach Wahrheit den Vorzug gegeben hat vor den auf und
355 1356 1273 1421 „Ich empfinde nun die Reue meiner Tugend!“
3252 1371 3349 1431 Im
1276 1375 3260 1436 das Stück ein. Giacosa ist, wie in seinem Drama die Sympathien der großen Menge gestellten Bühnen¬
280 1402 1290 1482 Solche Worte im Munde eines Weibes, dieses Weib
1283 1410 3350 1474 „Sündige Liebe“, auch hier wieder der breiten Heer=Itraditionen. Wenn der Konflikt wahr ist — und er ist Aus
283 1465 1296 1511 die Heldin eines Dramas, und dieses Drama aufgeführt
1284 1461 3359 1518 straße, auf der die Lorbeeren des Erfolges mit der wahr — dann hat der Dichter mit der Aufrollung Autg
281 1502 1290 1559 im k. k. Hof=Burgtheater! Wahrhaftig, wenn Direktor
1284 1506 3359 1563 Hand zu haschen sind, aus dem Wege gegangen. Er seines Problems und dessen durchgeistigt künstlerischer Nor#
3259 1544 3361 1605 Sch#
273 1548 3270 1608 Burckhard sich nicht erst kürzlich durch die Streichung schiebt die mühelosere und dankbarere Aufgabe, die Behandlung auch der Moral einen Dienst geleistet, in¬
275 1590 1288 1651 des Großinquisitors im „Don Carlos“ als ein „Gut¬
2274 1583 3362 1655 dem er klar und überzeugend darlegt, daß in den hab
1275 1599 2277 1644 Schilderung des Kampfes zwischen Pflicht und Liebe,
274 1638 1290 1695 gesinnter“ legitimirt hätte. man müßte glauben, daß er
2274 1632 3359 1693 gebildeten Ständen wenigstens die ethischen Anforde= daß
1285 1637 2272 1698 geringschätzig bei Seite und greift sich das schwierigere
281 1676 1290 1747 der bestehenden Kinst= und Gesellschaftsordnung den
2262 1679 3351 1736 rungen an die Ehe von einem höheren Gesichtspunkte daß
1273 1677 2282 1737 Problem heraus, den Kampf um die Rechte der
2267 1717 3352 1782 aus betrachtet werden müssen, als von dem der kun
283 1708 1296 1780 Krieg erklären wollte, als er Giacosa's Schauspiel
1286 1710 2280 1778 Seele, um jene Rechte, kraft deren jeder der beiden
2271 1757 3360 1825 Katechismus=Weisheit, daß Mann und Weib ein Leib. sprc
278 1761 1298 1833 „Rechte der Seele“ zur Aufführung annahm. Eine
1276 1768 2274 1819 Ehegatten wie auf den physischen, so auch auf den un¬
2261 1799 3357 1864 Auch die Rechte der Seele verlangen ihre Berücksichti¬ Da#
288 1806 2280 1859 Frau, die ihre Tugend berent! Klingt dieses Be¬ getheilten seelischen Besitz des Anderen Anspruch er¬
2264 1861 3353 1911 gung. Das Beweisthema, wie es Giacosa gestellt und Her
274 1847 2277 1901 kenntniß nicht so revolutionär, daß darüber die Zöpfe heben darf. Paul, Annens Gatte, steht geistig und sitt¬
2270 1895 3264 1949 mit scharfem psychologischen Blicke bis aus Ende führt,
276 1898 2286 1959 aller Kunst= und Moralphilister vom Kategat bis lich hoch genug, um den Werth dieser Rechte, so weit
3244 1898 3356 1946 ein
2272 1941 3357 1994 ist interessant genug, um ein Publikum zu fesseln. Dem läßt
273 1938 1297 1998 zur Adcia ins Wackeln gerathen müssen? Und
1289 1936 2279 1991 sie ihm zustehen, zu erkennen und zu schätzen. Der letzte
271 1986 1292 2043 doch bildet dieser Satz die Grundlage, die sittlich ernste
2271 1981 3356 2053 packenden Reiz seiner Wirkung hat sich auch das Pre¬ das
1283 1968 2277 2043 Brief, den Anna an den Selbstmörder gerichtet, liegt
276 2026 1297 2094 Grundlage des neuen Schauspiels von Giacosa. Freilich,
3261 2025 3357 2080 am
1277 2026 2275 2094 vor ihm. Wieder und immer wieder liest er: „Ich liebe
271 2059 1284 2121 von der altväterischen Theatermoral: „Wenn sich die
1275 2070 3358 2142 meinen Mann.“ Aber der Zweifel frißt an seinem Her= vermocht, und wenn auch nicht ganz begriffen, em=sich
2930 2104 3347 2183 liefe Wahrheit, die
283 2116 1285 2165 Tugend erbricht, setzt sich das Laster zu Tische“, ist das
2272 2100 2933 2174 pfunden hat Jedermann die
1286 2124 2273 2175 zen. Sie ist rein, sie ist ehrbar geblieben, das ist ihm
2263 2155 2464 2220 die in
2465 2146 3189 2215 den „Rechten der Seele“ zu
274 2155 2281 2208 Stück eben so weit entfernt, wie von der bunt auf= unumstößlich klar. Aber „es gibt tausend ehrbare Weiber,
3249 2164 3355 2219 schli
278 2188 2269 2268 geputzten Tugendapotheose der französischen Ehebruchs= doch nur Eine, die ich liebe, von der ich geliebt sein will“.
2266 2191 3355 2259 poetisch schönem Ausdruck gelangt. Daß trotzdem als
283 2224 2279 2297 dramen, obgleich es ein moralisches Stück ist. und ob= Von ihr will er es hören, daß sie auch die Rechte der
2273 2228 3354 2296 der äußere Erfolg des Schauspiels nicht dessen innerem wen
283 2285 1296 2351 gleich es ein Ehebruchsmotiv, das des geistigen Ehe¬
1276 2275 3355 2339 Seele ihm gegenüber nicht verletzt habe. Und die Rechte Werthe entsprach, liegt wohl zum großen Theile an der Geg
2270 2322 3348 2386 verfehlten Darstellung. Die psychologischen Feinheiten lansch
1288 2336 2278 2393 ihrer Seele? Was frägt er danach. Mit rauher Hand
279 2324 1296 2393 bruches, der seelischen Untreue, behandelt. Geistiger
1288 2370 2283 2426 entreißt er ihr das Geheimniß und reißt damit das
278 2374 1295 2431 Ehebruch, seelische Untreue! Was versteht man darunter?
2272 2370 3354 2430 des Dialogs, die der deutsche Uebersetzer Otto Eisen=nur
1284 2422 3264 2473 Band entzwei, das sie an ihn geknüpft. Sein Rechtsschütz trefflich festzuhalten verstand, gingen in dem
3256 2416 3357 2476 kan
281 2416 1287 2481 Nicht die sündhafte Versuchung, nicht das frevle
1286 2465 3266 2518 auf ihre Seele, er macht es geltend mit herrischem Un= vergröberten Spiele des Herrn Hartmann, der den
287 2454 1293 2518 Spielen mit der Gefahr, nicht den Zick=Zack=Gang auf
3254 2467 3363 2523 gutel
285 2500 1287 2559 dem Wege der Tugend und Pflicht, mit denen die
2278 2490 3355 2565 Paul im Style der französischen Ehebruchsdramen ab= eine
1286 2509 2280 2563 gestüm, und seine Seele — sie gehörte wohl keiner
1278 2555 2280 2612 Anderen, aber auch nicht ihr, sonst hätte es mitzittern
2276 2548 3354 2609 wirselte und herunterpolterte, fast durchwegs verloren. söhn
287 2539 1297 2603 französischen Bühnen=Magdalenen die Sinne der
1288 2599 2278 2653 müssen bei den heftigen Zuckungen ihres Schmerzes
2267 2577 3364 2664 Frau Hohenfels verfügt wohl über ein reiches Re= zwei
285 2590 1290 2658 Männer kitzeln und die Nerven der Frauen in Auf¬
1270 2624 3361 2693 und ihrer Qual in seinem Inneren, hätte er ahnen, gister von Tönen für die flötende Musik der gekränkten #aela
272 2627 580 2707 regung setzen.
2269 2678 3275 2732 Unschuld, aber für die grollenden Akkorde des verletzten
1286 2677 2284 2733 mitempfinden, sie unterstützen müssen in dem schweren
364 2665 1290 2734 Anna, die Heldin Giacosa's, hat nie die Ver¬
3250 2676 3366 2736 Rat
1291 2725 2273 2777 Kampfe gegen die Versuchung und den Versucher. Er
2274 2722 3351 2773 Weibes, für den verzweifelten Aufschrei der seelischen Viol
288 2723 1285 2784 suchung an sich herankommen lassen, hat nie mit einem
2276 2759 3357 2823 Empörung ist in der reichen Schatzkammer ihrer Be¬ den
282 2750 2273 2837 sündhaften Gedanken ihre Keuschheit befleckt; sie hat aber „schlief neben ihr“, und wußte nichts. Und nun
2265 2812 3266 2865 gabung eben kein Instrument vorhanden, kein stimm¬
288 2800 2280 2860 einen Mann geliebt, der nicht der ihre war, aber sie zuletzt, da sie ihrer Treue Alles hingeopfert, ihre Liebe
282 2866 3268 2906 hat das Geheimniß dieser Liebe tief in ihrer Seele ver= und den Geliebten, nun wühlt er mit grausan er Selbst=liches und kein schauspielerisches. Wo waren denn Herr
3243 2847 3362 2912 The
2262 2905 2994 2958 Mitterwurzer und Fräulein Sandrock?
289 2898 2284 2951 schlossen, es mit keinem Worte, mit keiner Miene ver= sucht in ihrem Schmerze, zertheilt die Rechte ihrer Seele,
3237 2896 3365 2969 Theck
2318 2926 3267 3007 Reicher an äußeren Ehren als der italienische war der
278 2923 2285 3011 rathen, weder ihrem Manne noch dem Anderen. Und bis sich ihrem gefolterten Herzen der Entrüstungsschrei
3245 2936 3365 3008 mit
2272 2969 3266 3043 Wiener Dichter. Wohlgemerkt. wir sagen Dichter und
281 2973 2273 3049 als er immer drängender, immer stürmischer wurde, der entringt: „Ich empfinde nun die Reue meiner Tugend“,
3256 2986 3363 3051 eine
1289 3008 1919 3095 und sie von ihm geht auf immer.
2259 3030 3261 3091 nicht Dichtung, weil wir Giacosa kein Unrecht thun
3240 3028 3359 3092 Der
279 3016 1289 3085 Ardere, da setzte sie sich hin und schrieb ihm: „Ich
1351 3069 3362 3122 An der Klippe dieses Entrüstungsschreies wird möchten. Dem Fremden wird der Beifall ausschließlich aus
285 3070 1302 3126 liebe meinen Mann“, schrieb ihm damit das Todes¬
282 3118 3351 3186 urtheilt Eine Stunde später war er todt. All das hat allerdings jeder Versuch, die gläubigen Anhänger der nach dem Eindruck seires Werkes zugemessen, der ford
1115 3185 1860 3425 ## 11 F
682 3231 1136 3437 sedlen
