3484 4320
476 172 830 243 Liebele
317 164 1437 254 5.— box 12/7
664 692 1132 784 Hambuiger
912 756 1460 857 Demt
361 988 1642 1088 Cheaterse Mulik e Kunft e Leben.
460 1078 1356 1165 ### Deutiches Schgülelbaue.
420 1145 1635 1209 Heut, wo die Revolutionswilven uns babrücken und Duell¬
354 1193 1637 1246 fragen und Liebesgeschichten uns höchst nebensächlich und klein
353 1256 1620 1311 erscheinen, mag Arthur S#h „Liebelei" manchem Theater¬
361 1294 1635 1321 besucher veraltet und nicht me##tgemäß vorkommen. Aus
361 1313 1633 1372 solchen Augenblicksstimmungen heraus läßt sich selbstverständlich
358 1374 1628 1410 Wert oder Unwert eines Kunstwerks nicht bemessen. Das eine
352 1397 1630 1452 aber ist gewiß: in diesem Stück, das nun bald fünfundzwanzig
353 1441 1628 1489 Jahre alt ist, glüht der Funke göttlichen Feuers, der einer Dich¬
361 1480 1635 1533 tung auf lange hinaus Leben verbürgt. Möglich, daß das Wien
357 1518 1632 1564 von 1893, dem Schnitzler die Anregung zur „Liebelei“ entnahm,
357 1563 1634 1627 durch den Weltkrieg für immer begraben wurde. Möglich, daß
356 1604 1643 1664 es im neuen Wien, das nun entstehen soll, keine gesellschaftlichen
357 1644 1664 1697 Unterschiede, keinen Reichtum und keine Armut, keine Ehebrüche
357 1685 1637 1743 und keine Duelle mehr geben wird. Deshalb werden die Menschen
361 1727 1629 1776 dort doch immer dieselben bleiben. Und immer wird es so ent¬
365 1777 1632 1817 gegengesetzte Charaktere geben, wie Christine und die Schlager¬
380 1812 1650 1854 Mizi, Fritz und Theodor, Hans Weiring und die Katharine
405 1852 1625 1897 inder. In diesen Charakteren spiegelt sich die bleibende Gegen
364 1882 1635 1941 sätzlichkeit des Lebens. Und sie aufgefangen zu haben, sie nicht
358 1934 1630 1981 in scharfer dramatischer Herbigkeit, sondern in weicher lyrischer
354 1966 1645 2025 Dumpfheit wiedergegeben zu haben, ist das bleibende Verdienst
353 2008 926 2074 des Schnitzlerschen Stückes.
440 2035 1639 2107 Herr Dr. Eger hat sich bei der Wiederaufnahme der Dich¬
361 2091 1629 2143 tung in den Spielplan ihrer selbst angenommen und eine fein ab¬
982 2143 1639 2189 n Grundzug gestellte Aufführung
367 2142 866 2202 gestimmte, ganz auf den I
991 2176 1643 2233 Schärfen waren vermieden, Ecken
360 2181 901 2239 herausgebracht. Naturalisti
351 2226 1632 2269 und Kanten abgeschliffen, alles eingestimmt in den weichen, me¬
361 2262 1639 2319 lancholischen Gesamtton. Die Bitterkeit der Frau Binder war
355 2290 1627 2342 ebenso gedämpft worden, wie die Derbheit der Schlager=Mizi und
350 2354 1638 2403 bei beiden Gestalten die weicheren, reflektierenden Momente leicht
363 2382 1624 2435 unterstrichen. Nur der „Herr“ — die Verkörperung des Unheils,
359 2424 1636 2473 das in das Idyll hereinbricht — war schroff und grell als Disso¬
362 2461 1630 2518 nanz in die Harmonie hineingejagt: ganz im Sinne des Dichters.
363 2511 1632 2561 Und so ergab sich eine einheitliche, stilgerechte Aufführung, für
358 2543 1632 2588 die in den beiden scharf unterschiedenen Zimmern der sachent¬
362 2590 1130 2651 sprechende Hintergrund geschaffen war.
437 2630 1638 2678 Die beiden Freunde Fritz und Theodor wurden in ihrer
351 2668 1627 2726 Gegensätzlichkeit durch die Herren Gebhardt und Lang gut
362 2704 1632 2756 vertreten. Auch das entspricht ja dem Sinn des Stücks, daß der
353 2746 1641 2801 Langsche Theodor geistig bedeutender erscheint, als Gebhardts
366 2782 1640 2847 Fritz. Fräulein Wessely ist ein rührende, ergreifende Chri¬
359 2826 1644 2869 stine, die nur den einen Fehler har, daß sie sich zu bedeutend, zu
367 2872 1621 2922 schwer nimmt. Es handelt sich ja um keine schottische Königi##
361 2896 1631 2963 sondern um ein Wiener Geigerstöchterchen, das sein Leben woh¬
374 2959 1626 3002 in Schmerz, aher nicht in Tgik lebt. Lustig und fesch war die
360 2987 1640 3047 Mizi des Frl. Bauer, sehr fein in der reichen Schattierung die
490 3030 1647 3101 erafrau der Frau Hachmann. Besonders inter¬
363 3044 437 3111 St
426 3068 1687 3178 essant war der alte Weiring des Herrn Wagner. Der Künstler
410 3122 1685 3216 gab diese Figur, die der Dichter zu seinem Mundstück gemacht hat,
411 3149 1689 3251 nicht so alt und nicht so theatralisch, als man sie gewöhnlich zu
415 3182 1686 3295 seben bekommt, sondern als reisen, klugen Mann, der mit seinen
406 3226 1671 3324 Lebensträumen abgeschlossen hateund zu einer resignierten Welt¬
402 3274 1663 3360 anschauung vorgedrungen ist, die er gütig und ohne Aufdring¬
400 3310 1669 3409 schkeit seiner Umwelt mitteilt. Daß die wichtige Evisodenrolle
413 3344 1673 3460 des „Herrn bei Herr Rhil in besten Händen war, versteht sich
404 3390 621 3454 von selbst.
1362 3452 1589 3542 C. M-R.
2474 851 2719 943 SFEB1919
2123 941 2877 1056 Ramburge Pensenpian
2027 1066 2979 1202 Theater, Kunst und Wissenschaft.
2108 1163 2979 1239 Das Deutsche Schanspielhaus machte
2021 1216 2972 1268 gestern abend eine Unterlassungssünde gut, in¬
2563 1250 2982 1318 hlerserstes und
2016 1262 2239 1314 dem es A
2027 1296 2806 1345 dichterisch wärmstes Schaufpfel „ Lieb
2025 1320 2987 1385 dem Spiekplan einfügte. Das Stück versehlte in
2027 1373 2886 1436 seiner schlichten und reizvollen Gestaltung,
2024 1407 2987 1463 durch die Inszenierung Dr. Egers aufs beste
2018 1452 2985 1500 zur Geltung kam, seine Wirkung nicht; das
2022 1493 2982 1546 Schicksal der warmblütigen Christine, die in so
2025 1532 2982 1579 vielen Zügen an Goethesche Mädchenbilder, wie
2029 1584 2983 1627 etwa an das Clärchen im „Egmont“, erinnert,
2022 1615 2975 1656 verbreitete allgemeine Rührung und nur die
2021 1647 2984 1699 letzte Szene, in der sie plötlich zu einer abge¬
2022 1691 2984 1738 blaßten Luise Millerin wird, brachte die Ge¬
2019 1721 2990 1781 radheit der Linie etwas ins Schwanien. Plötz¬
2025 1768 2997 1815 lich sängt hier das gans aufs Gesühl gestellte
2028 1806 2990 1852 Kind des Volkes, das seiyer Artung nach in
2033 1854 2982 1899 ungemessenen und haltungslosen Schmerz ver¬
2022 1881 2984 1952 fallen müßte, zu reflektieren an, indem es sich
2024 1924 3001 1978 gegen die bisher ohne Kritik hingenommene
2036 1977 2995 2023 Ordnung der Dinge auflehnt. Hier ließen sich,
2032 1999 2996 2064 wenn uns das nicht zu weit führen woülrde,
2027 2036 2995 2094 mancherlei Befrachtungen einfügen, die das Stück
2009 2084 3000 2163 in Nerhinhune mit den beuligen holitischen Er¬
2029 2148 2995 2193 eignissen brächten; es enthält in dieser letzten
2029 2183 2984 2232 Szene gleichsam ein blasses Wetterleuchten, das
2049 2229 2991 2293 als Ankündigung des heutigen Weltgewitters
2029 2264 3001 2342 gelten kann und das dem Stuck den Cyarakter
2040 2304 2989 2371 einer neuen Aklualität gibt. Die Inszeuierung
2041 2337 2979 2399 war sein und sorgsam. Die Wiener Note in
2039 2380 2994 2439 der graziösen Ausstattung des vornehmen Jung¬
2040 2423 2993 2483 gesellenheims im ersten Alt war scharf, wean
2032 2464 2994 2527 auch ohne Aufdringlichkeit zum Ausdruck gebracht,
2041 2494 2979 2560 und die Wiener Gemütlichkeit des kleinhürger¬
2039 2542 2977 2596 lichen Helms der beiden übrigen Aufzüge hatte
2040 2582 3003 2646 etwas anheimelnd Treuherziges. Die Darstellung
2038 2611 2291 2671 mit Trude 2
2472 2618 2950 2670 y und Olla Bauer
2031 2646 2958 2704 Konrab Gebhardt und Heinrich Lang in
2034 2690 2995 2751 den Hauptrollen wurde allen Anforderungen des
2036 2727 2098 2780 Di
2229 2732 2972 2782 zerecht; Frl. Wessely zeichnete die Hin¬
2034 2775 2080 2820 0
2236 2777 2990 2831 d Wärme ihrer Christine mit den über¬
2024 2814 2089 2858 ze
2219 2815 2993 2870 en Mitteln; Herrn Gebhardts Wiener¬
2040 2858 2915 2908 tum behielt freilich etwas Aeußerliches, um
2030 2887 2896 2954 echter brachten dafür Herr Heinrich Lang
2039 2928 2991 2981 Frl. Olla Baner die Leichtblütigkeit und Leicht¬
2029 2970 2993 3009 mütigkeit ihres ganz auf den Augenblicksgenuß
2037 3012 2989 3069 gestellten Verhältnisses zum Ausbruck. Als Vater
2021 3052 2665 3102 Christinens sand Carl Wagn
2720 3051 2990 3108 die über¬
2029 3080 2904 3150 zeugendsten Töne und die Kleinbürgerfrau
2036 3123 2492 3177 Frau Hachmann=
2631 3124 2885 3186 r war von
2026 3163 2996 3238 ter Echtheit. Der Aufführung folgte der wärmste
2015 3193 2205 3251 Reifall.
2763 3211 2942 3267 J. f.
2779 3251 2997 3319 # m
