<?xml version="1.0" encoding="UTF-8" standalone="yes"?>
<PcGts xmlns="http://schema.primaresearch.org/PAGE/gts/pagecontent/2013-07-15" xmlns:xsi="http://www.w3.org/2001/XMLSchema-instance" xsi:schemaLocation="http://schema.primaresearch.org/PAGE/gts/pagecontent/2013-07-15 http://schema.primaresearch.org/PAGE/gts/pagecontent/2013-07-15/pagecontent.xsd">
    <Metadata>
        <Creator>prov=University of Rostock/Institute of Mathematics/CITlab/Gundram Leifert/gundram.leifert@uni-rostock.de:name=ONB_Newseye_GT_M1+(htr_id=10810)::::v=2.4.2
prov=University of Rostock/Institute of Mathematics/CITlab/Tobias Gruening/tobias.gruening@uni-rostock.de:name=de.uros.citlab.module.baseline2polygon.B2PSeamMultiOriented:v=2.4.2
prov=University of Rostock/Institute of Mathematics/CITlab/Tobias Gruening/tobias.gruening@uni-rostock.de:name=/mnt/transkribus/LA/DEA/URO/LA_news_onb_att.pb:de.uros.citlab.segmentation.CITlab_LA_ML:v=2.4.2
Transkribus</Creator>
        <Created>2019-10-07T11:50:53.946+02:00</Created>
        <LastChange>2019-10-09T01:56:20.690+02:00</LastChange>
        <TranskribusMetadata docId="223992" pageId="9506970" pageNr="305" tsid="16618641" status="IN_PROGRESS" userId="40391" imgUrl="https://files.transkribus.eu/Get?id=GLNKMJQDCJFJMDCHJRDRYBLC&amp;fileType=view" xmlUrl="https://files.transkribus.eu/Get?id=XRMFDKFIVEANVEAXKSJCFFMM" imageId="6196778"/>
    </Metadata>
    <Page imageFilename="223992_0305.jpeg" imageWidth="3484" imageHeight="4224">
        <ReadingOrder>
            <OrderedGroup id="ro_1711445767161" caption="Regions reading order">
                <RegionRefIndexed index="0" regionRef="r1"/>
                <RegionRefIndexed index="1" regionRef="r2"/>
            </OrderedGroup>
        </ReadingOrder>
        <TextRegion orientation="0.0" id="r1" custom="readingOrder {index:0;}">
            <Coords points="330,200 330,4163 1655,4163 1655,200"/>
            <TextLine id="r1l1" custom="readingOrder {index:0;}">
                <Coords points="1013,233 1070,253 1095,235 1189,244 1216,231 1333,250 1369,229 1452,241 1451,189 1370,162 1293,154 1229,185 1188,177 1160,195 1060,174 1013,192"/>
                <Baseline points="1021,233 1047,233 1073,232 1100,232 1126,232 1152,232 1179,233 1205,233 1232,233 1258,233 1284,233 1311,233 1337,232 1363,231 1390,229 1416,227 1443,224"/>
                <TextEquiv>
                    <Unicode>box 10/4</Unicode>
                </TextEquiv>
            </TextLine>
            <TextLine id="r1l2" custom="readingOrder {index:1;}">
                <Coords points="510,246 874,243 874,177 839,172 784,202 745,177 679,197 639,183 611,193 562,179 509,185"/>
                <Baseline points="518,239 544,237 571,237 598,236 625,235 652,234 679,234 705,233 732,233 759,233 786,233 813,233 840,234 867,234"/>
                <TextEquiv>
                    <Unicode>iebelei</Unicode>
                </TextEquiv>
            </TextLine>
            <TextLine id="r1l3" custom="readingOrder {index:2;}">
                <Coords points="323,239 382,262 575,265 622,291 687,293 791,263 884,264 885,231 517,240 457,231 370,178 324,189"/>
                <Baseline points="330,237 357,242 384,247 411,250 439,253 466,255 493,257 521,259 548,260 575,260 603,261 630,261 657,260 684,260 712,260 739,259 766,258 794,257 821,257 848,256 876,256"/>
                <TextEquiv>
                    <Unicode>5. J annen nene e </Unicode>
                </TextEquiv>
            </TextLine>
            <TextLine id="r1l4" custom="readingOrder {index:3;}">
                <Coords points="1033,582 1052,579 1061,570 1078,565 1083,558 1101,560 1116,570 1135,570 1130,511 1111,511 1097,521 1088,518 1085,522 1073,513 1054,513 1042,506 1035,515 1027,516"/>
                <Baseline points="1040,564 1068,562 1097,560 1126,556"/>
                <TextEquiv>
                    <Unicode></Unicode>
                </TextEquiv>
            </TextLine>
            <TextLine id="r1l5" custom="readingOrder {index:4;}">
                <Coords points="624,719 1175,677 1357,695 1462,673 1457,570 1296,549 1106,589 618,605"/>
                <Baseline points="631,697 672,695 713,693 754,691 795,689 836,687 877,685 918,684 959,682 1000,680 1042,679 1083,677 1124,674 1165,672 1206,671 1247,668 1288,666 1329,663 1370,660 1411,657 1453,653"/>
                <TextEquiv>
                    <Unicode>Teatri e Notizie Artistiche</Unicode>
                </TextEquiv>
            </TextLine>
            <TextLine id="r1l6" custom="readingOrder {index:5;}">
                <Coords points="754,805 836,818 864,791 1327,783 1324,724 751,754"/>
                <Baseline points="761,795 788,794 816,792 844,792 872,790 900,787 928,786 956,784 984,782 1012,781 1040,779 1067,777 1095,775 1123,774 1151,772 1179,770 1207,769 1235,768 1263,767 1291,766 1319,765"/>
                <TextEquiv>
                    <Unicode>AMOREGGIAMENTT</Unicode>
                </TextEquiv>
            </TextLine>
            <TextLine id="r1l7" custom="readingOrder {index:6;}">
                <Coords points="661,853 825,849 853,871 926,839 1410,832 1414,743 1325,784 659,818"/>
                <Baseline points="668,848 705,846 742,843 779,841 816,839 853,838 890,836 927,835 964,833 1001,832 1039,829 1076,828 1113,827 1150,824 1187,822 1224,820 1261,818 1298,816 1335,813 1372,810 1410,806"/>
                <TextEquiv>
                    <Unicode>Dramma in tre atti di A. Seiterrzirn</Unicode>
                </TextEquiv>
            </TextLine>
            <TextLine id="r1l8" custom="readingOrder {index:7;}">
                <Coords points="887,907 922,891 943,901 967,888 1032,896 1080,880 1092,891 1106,882 1129,892 1211,867 1212,851 1176,835 1036,853 1016,836 919,853 883,848"/>
                <Baseline points="893,883 919,883 945,882 971,881 997,880 1023,879 1049,877 1075,875 1101,874 1127,872 1153,870 1179,869 1205,866"/>
                <TextEquiv>
                    <Unicode>al Manzoni:</Unicode>
                </TextEquiv>
            </TextLine>
            <TextLine id="r1l9" custom="readingOrder {index:8;}">
                <Coords points="644,961 708,986 799,954 849,979 1208,937 1450,943 1521,901 1403,866 1215,905 1044,886 980,915 831,900 642,928"/>
                <Baseline points="652,961 695,960 738,958 781,956 824,955 867,952 910,950 953,948 996,945 1039,943 1083,940 1126,937 1169,935 1212,932 1255,930 1298,928 1341,926 1384,923 1427,921 1470,919 1514,918"/>
                <TextEquiv>
                    <Unicode>Questo dramma non ha intreccio. Quando</Unicode>
                </TextEquiv>
            </TextLine>
            <TextLine id="r1l10" custom="readingOrder {index:9;}">
                <Coords points="606,1028 1510,967 1486,924 604,987"/>
                <Baseline points="614,1009 658,1008 702,1007 747,1006 791,1004 836,1003 880,1001 924,999 969,997 1013,994 1058,992 1102,990 1146,988 1191,985 1235,982 1280,979 1324,976 1368,973 1413,971 1457,968 1502,965"/>
                <TextEquiv>
                    <Unicode>vi ho detto che la giovane figlia di un povero</Unicode>
                </TextEquiv>
            </TextLine>
            <TextLine id="r1l11" custom="readingOrder {index:10;}">
                <Coords points="613,1069 1489,1045 1549,1011 1544,937 1436,991 611,1034"/>
                <Baseline points="620,1062 666,1061 712,1059 758,1057 804,1054 850,1052 896,1050 942,1048 988,1045 1034,1042 1080,1040 1126,1037 1172,1034 1218,1031 1264,1029 1310,1026 1356,1023 1402,1020 1448,1017 1494,1014 1540,1011"/>
                <TextEquiv>
                    <Unicode>quonatore di violino ama appassionatamente“</Unicode>
                </TextEquiv>
            </TextLine>
            <TextLine id="r1l12" custom="readingOrder {index:11;}">
                <Coords points="621,1123 1270,1100 1488,1076 1498,1027 619,1092"/>
                <Baseline points="628,1110 671,1109 714,1107 757,1105 800,1103 843,1101 886,1099 930,1096 973,1094 1016,1092 1059,1088 1102,1086 1145,1084 1188,1080 1232,1078 1275,1074 1318,1072 1361,1070 1404,1067 1447,1064 1491,1061"/>
                <TextEquiv>
                    <Unicode>un bellimbusto, il quale, tenendosi lei come</Unicode>
                </TextEquiv>
            </TextLine>
            <TextLine id="r1l13" custom="readingOrder {index:12;}">
                <Coords points="626,1175 1571,1111 1569,1077 1498,1055 1271,1099 623,1123"/>
                <Baseline points="634,1161 680,1158 726,1155 773,1153 819,1151 866,1149 912,1147 958,1145 1005,1142 1051,1141 1098,1138 1144,1135 1190,1133 1237,1130 1283,1127 1330,1123 1376,1119 1422,1114 1469,1109 1515,1104 1562,1097"/>
                <TextEquiv>
                    <Unicode>un capriccio, ha poi una tresca con una si¬P</Unicode>
                </TextEquiv>
            </TextLine>
            <TextLine id="r1l14" custom="readingOrder {index:13;}">
                <Coords points="627,1220 1581,1166 1474,1120 626,1184"/>
                <Baseline points="635,1211 681,1210 728,1208 775,1206 822,1203 869,1201 916,1198 963,1194 1010,1191 1057,1188 1104,1185 1150,1182 1197,1179 1244,1177 1291,1175 1338,1173 1385,1172 1432,1172 1479,1172 1526,1173 1573,1175"/>
                <TextEquiv>
                    <Unicode>gnora, dal cui marito é ucciso in duello, iog.</Unicode>
                </TextEquiv>
            </TextLine>
            <TextLine id="r1l15" custom="readingOrder {index:14;}">
                <Coords points="639,1277 1502,1218 1451,1169 1309,1204 1056,1189 636,1227"/>
                <Baseline points="646,1261 688,1259 730,1257 773,1254 815,1252 857,1249 900,1247 942,1245 984,1242 1027,1240 1069,1237 1111,1234 1154,1232 1196,1230 1238,1227 1281,1224 1323,1221 1365,1219 1408,1216 1450,1214 1493,1212"/>
                <TextEquiv>
                    <Unicode>vi he detto tutto. Poiché e l’amica di lei, fri¬</Unicode>
                </TextEquiv>
            </TextLine>
            <TextLine id="r1l16" custom="readingOrder {index:15;}">
                <Coords points="624,1317 1469,1284 1503,1270 1500,1217 622,1288"/>
                <Baseline points="631,1312 674,1310 717,1308 760,1306 803,1303 847,1300 890,1297 933,1295 976,1292 1019,1289 1063,1286 1106,1284 1149,1281 1192,1279 1235,1276 1279,1272 1322,1270 1365,1268 1408,1265 1451,1263 1495,1261"/>
                <TextEquiv>
                    <Unicode>vola e civettuola, e l’amico di lui, scetticoed</Unicode>
                </TextEquiv>
            </TextLine>
            <TextLine id="r1l17" custom="readingOrder {index:16;}">
                <Coords points="625,1355 1595,1328 1420,1272 623,1322"/>
                <Baseline points="633,1358 680,1357 728,1356 776,1354 823,1351 871,1348 919,1345 966,1342 1014,1338 1062,1335 1110,1331 1157,1328 1205,1324 1253,1322 1300,1320 1348,1319 1396,1318 1443,1318 1491,1319 1539,1322 1587,1325"/>
                <TextEquiv>
                    <Unicode>allegro, e il vecchio padre, ci entrano nel la¬</Unicode>
                </TextEquiv>
            </TextLine>
            <TextLine id="r1l18" custom="readingOrder {index:17;}">
                <Coords points="630,1409 1510,1369 1508,1328 1476,1323 1318,1357 1261,1333 1155,1366 1000,1344 629,1379"/>
                <Baseline points="638,1408 681,1406 724,1404 767,1402 810,1399 854,1396 897,1395 940,1392 983,1390 1026,1387 1070,1385 1113,1382 1156,1380 1199,1378 1242,1375 1286,1373 1329,1371 1372,1368 1415,1366 1458,1364 1502,1362"/>
                <TextEquiv>
                    <Unicode>voro piu per un’ esigenza scenica, che per</Unicode>
                </TextEquiv>
            </TextLine>
            <TextLine id="r1l19" custom="readingOrder {index:18;}">
                <Coords points="625,1459 1281,1460 1390,1420 1617,1455 1614,1390 1541,1347 624,1437"/>
                <Baseline points="633,1455 681,1455 730,1453 779,1451 827,1449 876,1446 925,1443 973,1441 1022,1437 1071,1434 1120,1431 1168,1428 1217,1425 1266,1423 1314,1421 1363,1420 1412,1419 1460,1419 1509,1419 1558,1420 1607,1423"/>
                <TextEquiv>
                    <Unicode>una ragione logica ed essenziale allo svolgi-I,</Unicode>
                </TextEquiv>
            </TextLine>
            <TextLine id="r1l20" custom="readingOrder {index:19;}">
                <Coords points="638,1515 689,1521 773,1505 814,1518 1024,1498 1021,1461 1004,1466 976,1448 944,1463 853,1453 793,1467 756,1453 721,1472 683,1458 635,1480"/>
                <Baseline points="645,1503 671,1503 697,1502 724,1501 750,1499 777,1497 803,1495 830,1492 856,1490 882,1489 909,1487 935,1485 962,1484 988,1483 1015,1483"/>
                <TextEquiv>
                    <Unicode>mento dell'azione.</Unicode>
                </TextEquiv>
            </TextLine>
            <TextLine id="r1l21" custom="readingOrder {index:20;}">
                <Coords points="661,1543 741,1572 1532,1507 1529,1457 1500,1449 1443,1484 660,1521"/>
                <Baseline points="669,1550 711,1549 754,1548 797,1546 839,1545 882,1543 925,1541 967,1540 1010,1537 1053,1535 1096,1533 1138,1530 1181,1528 1224,1525 1266,1522 1309,1520 1352,1517 1394,1514 1437,1511 1480,1509 1523,1506"/>
                <TextEquiv>
                    <Unicode>Mi correggo. Propriamente anche l azione</Unicode>
                </TextEquiv>
            </TextLine>
            <TextLine id="r1l22" custom="readingOrder {index:21;}">
                <Coords points="636,1600 868,1622 1109,1579 1382,1583 1518,1560 1516,1523 634,1573"/>
                <Baseline points="643,1603 686,1601 729,1600 773,1598 816,1595 860,1593 903,1591 946,1588 990,1586 1033,1582 1077,1580 1120,1577 1163,1575 1207,1571 1250,1569 1294,1567 1337,1565 1380,1562 1424,1561 1467,1560 1511,1558"/>
                <TextEquiv>
                    <Unicode>non c’é. Nei primi due atti l’ autore non ar¬</Unicode>
                </TextEquiv>
            </TextLine>
            <TextLine id="r1l23" custom="readingOrder {index:22;}">
                <Coords points="1522,1641 1554,1647 1562,1643 1585,1643 1590,1639 1595,1642 1604,1640 1602,1572 1591,1574 1573,1567 1555,1582 1539,1582 1529,1576 1520,1576"/>
                <Baseline points="1529,1617 1562,1615 1595,1615"/>
                <TextEquiv>
                    <Unicode>L.</Unicode>
                </TextEquiv>
            </TextLine>
            <TextLine id="r1l24" custom="readingOrder {index:23;}">
                <Coords points="640,1665 1510,1612 1499,1565 639,1633"/>
                <Baseline points="648,1654 690,1651 733,1648 775,1646 818,1643 861,1641 903,1639 946,1637 989,1635 1031,1632 1074,1630 1117,1629 1159,1626 1202,1624 1245,1622 1287,1619 1330,1617 1373,1615 1415,1612 1458,1609 1501,1606"/>
                <TextEquiv>
                    <Unicode>riva che a presentarci dei personaggi, i quali</Unicode>
                </TextEquiv>
            </TextLine>
            <TextLine id="r1l25" custom="readingOrder {index:24;}">
                <Coords points="649,1702 1522,1674 1519,1627 1400,1620 648,1671"/>
                <Baseline points="658,1702 700,1699 743,1697 786,1695 829,1692 871,1690 914,1688 957,1685 1000,1682 1042,1680 1085,1678 1128,1675 1171,1672 1213,1671 1256,1668 1299,1666 1342,1665 1384,1663 1427,1661 1470,1660 1513,1659"/>
                <TextEquiv>
                    <Unicode>non hanno nemmeno dei tratti caratteristici,</Unicode>
                </TextEquiv>
            </TextLine>
            <TextLine id="r1l26" custom="readingOrder {index:25;}">
                <Coords points="652,1752 827,1766 1530,1719 1528,1684 1413,1670 1356,1694 650,1712"/>
                <Baseline points="660,1751 703,1748 746,1746 789,1744 832,1741 875,1739 918,1736 961,1734 1004,1732 1047,1729 1090,1727 1133,1725 1176,1722 1219,1720 1262,1717 1305,1715 1348,1713 1391,1710 1434,1708 1477,1706 1521,1703"/>
                <TextEquiv>
                    <Unicode>ca farli parlare in un dialogo poco interes¬</Unicode>
                </TextEquiv>
            </TextLine>
            <TextLine id="r1l27" custom="readingOrder {index:26;}">
                <Coords points="650,1810 1532,1771 1528,1715 1447,1715 1332,1745 992,1739 648,1777"/>
                <Baseline points="658,1802 701,1800 744,1798 787,1795 831,1793 874,1790 917,1788 960,1785 1004,1782 1047,1780 1090,1778 1133,1775 1177,1772 1220,1769 1263,1766 1306,1763 1350,1761 1393,1758 1436,1755 1479,1753 1523,1750"/>
                <TextEquiv>
                    <Unicode>sante; solo al terzo, da una scena, assai buo¬</Unicode>
                </TextEquiv>
            </TextLine>
            <TextLine id="r1l28" custom="readingOrder {index:27;}">
                <Coords points="658,1850 1478,1809 1537,1835 1599,1803 1597,1772 655,1810"/>
                <Baseline points="665,1851 711,1849 757,1847 803,1844 850,1841 896,1838 942,1836 989,1833 1035,1830 1081,1828 1128,1825 1174,1823 1220,1819 1266,1816 1313,1814 1359,1811 1405,1809 1452,1806 1498,1804 1544,1801 1591,1799"/>
                <TextEquiv>
                    <Unicode>nae sentita, vien fuori d’ un tratto il con-ci</Unicode>
                </TextEquiv>
            </TextLine>
            <TextLine id="r1l29" custom="readingOrder {index:28;}">
                <Coords points="658,1923 1316,1886 1534,1838 1600,1865 1598,1823 1532,1798 1337,1837 654,1850"/>
                <Baseline points="665,1899 711,1897 757,1893 803,1891 850,1888 896,1885 942,1883 989,1880 1035,1878 1081,1876 1128,1874 1174,1872 1220,1869 1266,1867 1313,1865 1359,1862 1405,1860 1452,1857 1498,1855 1544,1852 1591,1850"/>
                <TextEquiv>
                    <Unicode>cetto del dramma e insieme T’espressione ori-o</Unicode>
                </TextEquiv>
            </TextLine>
            <TextLine id="r1l30" custom="readingOrder {index:29;}">
                <Coords points="662,1964 1473,1911 1537,1933 1545,1837 1479,1876 984,1908 858,1889 660,1922"/>
                <Baseline points="669,1949 712,1946 756,1943 799,1941 843,1938 887,1935 930,1932 974,1929 1017,1927 1061,1924 1105,1921 1148,1919 1192,1917 1235,1914 1279,1912 1323,1910 1366,1909 1410,1907 1453,1905 1497,1903 1541,1902"/>
                <TextEquiv>
                    <Unicode>ginale e sincera di un momento psicologico.</Unicode>
                </TextEquiv>
            </TextLine>
            <TextLine id="r1l31" custom="readingOrder {index:30;}">
                <Coords points="688,2008 1604,1959 1601,1916 1530,1912 686,1962"/>
                <Baseline points="695,1995 740,1993 785,1990 830,1988 875,1985 920,1982 965,1980 1010,1977 1055,1974 1100,1972 1145,1970 1190,1967 1235,1964 1280,1962 1325,1960 1370,1958 1415,1955 1460,1954 1505,1952 1550,1950 1595,1948"/>
                <TextEquiv>
                    <Unicode>L'amante era venuto una sera a trovare</Unicode>
                </TextEquiv>
            </TextLine>
            <TextLine id="r1l32" custom="readingOrder {index:31;}">
                <Coords points="665,2057 1555,2001 1548,1942 1397,1985 999,1982 663,2018"/>
                <Baseline points="673,2047 716,2045 760,2042 804,2040 847,2037 891,2035 935,2032 978,2029 1022,2026 1066,2024 1110,2021 1153,2018 1197,2016 1241,2013 1284,2012 1328,2008 1372,2006 1415,2004 1459,2002 1503,2000 1547,1998"/>
                <TextEquiv>
                    <Unicode>questa povera fanciulla, di cui aveva sentito</Unicode>
                </TextEquiv>
            </TextLine>
            <TextLine id="r1l33" custom="readingOrder {index:32;}">
                <Coords points="671,2107 1565,2059 1539,1997 1469,2027 669,2064"/>
                <Baseline points="678,2098 724,2095 770,2092 816,2089 863,2086 909,2084 955,2080 1001,2078 1048,2075 1094,2072 1140,2069 1186,2066 1233,2064 1279,2061 1325,2059 1371,2057 1418,2055 1464,2053 1510,2051 1557,2050"/>
                <TextEquiv>
                    <Unicode>all’ultimo tutta la grazia e la bontä. L’aveva</Unicode>
                </TextEquiv>
            </TextLine>
            <TextLine id="r1l34" custom="readingOrder {index:33;}">
                <Coords points="660,2144 753,2166 1173,2117 1566,2118 1562,2049 659,2116"/>
                <Baseline points="668,2146 712,2144 756,2143 801,2141 845,2139 890,2136 934,2134 979,2131 1023,2128 1068,2125 1112,2122 1156,2119 1201,2116 1245,2113 1290,2110 1334,2108 1379,2106 1423,2103 1468,2102 1512,2100 1557,2099"/>
                <TextEquiv>
                    <Unicode>lasciata ed era andato a farsi uccidere dal</Unicode>
                </TextEquiv>
            </TextLine>
            <TextLine id="r1l35" custom="readingOrder {index:34;}">
                <Coords points="677,2202 1502,2168 1555,2160 1552,2111 675,2171"/>
                <Baseline points="684,2194 727,2192 770,2190 813,2188 856,2186 899,2184 942,2182 986,2179 1029,2177 1072,2175 1115,2173 1158,2170 1201,2168 1244,2165 1288,2162 1331,2160 1374,2157 1417,2155 1460,2152 1503,2149 1547,2146"/>
                <TextEquiv>
                    <Unicode>marito, che aveva oltraggiato. Sono passati</Unicode>
                </TextEquiv>
            </TextLine>
            <TextLine id="r1l36" custom="readingOrder {index:35;}">
                <Coords points="673,2247 1572,2206 1568,2144 1328,2186 1271,2165 671,2214"/>
                <Baseline points="681,2241 725,2240 769,2238 813,2236 857,2235 901,2232 945,2231 989,2228 1033,2225 1077,2223 1122,2220 1166,2218 1210,2215 1254,2212 1298,2209 1342,2207 1386,2205 1430,2202 1474,2200 1518,2198 1563,2196"/>
                <TextEquiv>
                    <Unicode>due giorni: lei non sa nulla, non sospetta di</Unicode>
                </TextEquiv>
            </TextLine>
            <TextLine id="r1l37" custom="readingOrder {index:36;}">
                <Coords points="681,2293 1555,2269 1551,2199 679,2252"/>
                <Baseline points="689,2294 731,2292 774,2289 817,2287 860,2285 903,2283 945,2280 988,2279 1031,2276 1074,2275 1117,2272 1159,2270 1202,2268 1245,2266 1288,2263 1331,2260 1373,2257 1416,2255 1459,2251 1502,2249 1545,2245"/>
                <TextEquiv>
                    <Unicode>nulia. Ma il vecchio padre che é al fatto del¬</Unicode>
                </TextEquiv>
            </TextLine>
            <TextLine id="r1l38" custom="readingOrder {index:37;}">
                <Coords points="678,2362 1391,2310 1568,2331 1565,2271 1511,2263 676,2319"/>
                <Baseline points="685,2346 728,2345 772,2344 816,2342 859,2340 903,2338 947,2336 990,2334 1034,2332 1078,2329 1122,2327 1165,2324 1209,2322 1253,2320 1296,2317 1340,2314 1384,2312 1427,2309 1471,2307 1515,2304 1559,2302"/>
                <TextEquiv>
                    <Unicode>l’accaduto le prende la testa fra le mani, le</Unicode>
                </TextEquiv>
            </TextLine>
            <TextLine id="r1l39" custom="readingOrder {index:38;}">
                <Coords points="1574,2765 1603,2765 1615,2778 1620,2773 1642,2776 1642,2724 1628,2724 1612,2716 1598,2722 1590,2716 1589,2718 1574,2715"/>
                <Baseline points="1582,2755 1608,2752 1634,2755"/>
                <TextEquiv>
                    <Unicode></Unicode>
                </TextEquiv>
            </TextLine>
            <TextLine id="r1l40" custom="readingOrder {index:39;}">
                <Coords points="659,2839 1285,2814 1560,2846 1567,2738 1384,2745 1288,2787 1031,2793 921,2752 657,2782"/>
                <Baseline points="667,2832 711,2831 756,2830 801,2829 845,2828 890,2827 935,2826 979,2825 1024,2824 1069,2823 1114,2823 1158,2822 1203,2821 1248,2820 1292,2819 1337,2818 1382,2817 1426,2816 1471,2814 1516,2813 1561,2811"/>
                <TextEquiv>
                    <Unicode>parla amorosamente, le dice: Tu non pnoi</Unicode>
                </TextEquiv>
            </TextLine>
            <TextLine id="r1l41" custom="readingOrder {index:40;}">
                <Coords points="562,2886 635,2914 923,2874 1565,2889 1647,2882 1647,2836 562,2861"/>
                <Baseline points="570,2874 623,2876 676,2877 730,2877 783,2878 837,2878 890,2877 944,2877 997,2876 1051,2875 1104,2874 1157,2873 1211,2872 1264,2870 1318,2869 1371,2869 1425,2868 1478,2868 1532,2868 1585,2869 1639,2869"/>
                <TextEquiv>
                    <Unicode>44 esser felice con quell’nomo, quello non é perj sit</Unicode>
                </TextEquiv>
            </TextLine>
            <TextLine id="r1l42" custom="readingOrder {index:41;}">
                <Coords points="655,2932 1641,2937 1640,2877 1462,2869 655,2910"/>
                <Baseline points="664,2932 712,2931 760,2929 809,2928 857,2927 906,2926 954,2925 1003,2924 1051,2923 1100,2922 1148,2921 1196,2920 1245,2919 1293,2919 1342,2918 1390,2918 1439,2917 1487,2917 1536,2917 1584,2917 1633,2918"/>
                <TextEquiv>
                    <Unicode>fte, lo devi dimenticare! Ma perché questi di- di:</Unicode>
                </TextEquiv>
            </TextLine>
            <TextLine id="r1l43" custom="readingOrder {index:42;}">
                <Coords points="573,2976 724,3003 1648,2977 1648,2934 1586,2924 573,2931"/>
                <Baseline points="581,2969 636,2972 692,2975 748,2976 803,2977 859,2978 915,2978 971,2977 1026,2976 1082,2975 1138,2974 1194,2973 1249,2971 1305,2970 1361,2969 1417,2968 1472,2968 1528,2967 1584,2968 1640,2969"/>
                <TextEquiv>
                    <Unicode>rono scorsi? La povera fanciulla sospetta, inter-Im</Unicode>
                </TextEquiv>
            </TextLine>
            <TextLine id="r1l44" custom="readingOrder {index:43;}">
                <Coords points="582,3013 617,3017 634,3011 655,3013 663,3019 685,3017 683,2974 669,2978 647,2977 635,2970 628,2978 623,2975 614,2982 606,2978 580,2981"/>
                <Baseline points="590,3012 619,3008 648,3007 677,3007"/>
                <TextEquiv>
                    <Unicode>che</Unicode>
                </TextEquiv>
            </TextLine>
            <TextLine id="r1l45" custom="readingOrder {index:44;}">
                <Coords points="692,3048 1607,3035 1643,3024 1643,2976 691,3000"/>
                <Baseline points="699,3028 745,3028 792,3028 839,3028 886,3028 933,3027 980,3026 1026,3026 1073,3024 1120,3023 1167,3022 1214,3021 1261,3020 1308,3019 1354,3019 1401,3018 1448,3017 1495,3017 1542,3017 1589,3017 1636,3018"/>
                <TextEquiv>
                    <Unicode>roga angosciata, vuolluscire, ma sulla portaj ur</Unicode>
                </TextEquiv>
            </TextLine>
            <TextLine id="r1l46" custom="readingOrder {index:45;}">
                <Coords points="585,3051 595,3049 612,3054 620,3050 633,3057 652,3050 664,3056 677,3048 688,3047 685,3011 671,3012 665,3019 655,3013 643,3014 636,3010 619,3020 608,3019 600,3013 591,3024 583,3024"/>
                <Baseline points="593,3047 622,3047 651,3044 680,3040"/>
                <TextEquiv>
                    <Unicode>ren¬</Unicode>
                </TextEquiv>
            </TextLine>
            <TextLine id="r1l47" custom="readingOrder {index:46;}">
                <Coords points="582,3086 1500,3062 1645,3091 1644,3039 1515,3019 581,3058"/>
                <Baseline points="589,3083 641,3082 693,3081 746,3079 798,3078 851,3077 903,3075 955,3074 1008,3073 1060,3071 1113,3070 1165,3069 1217,3068 1270,3067 1322,3067 1375,3066 1427,3066 1479,3066 1532,3066 1584,3067 1637,3067"/>
                <TextEquiv>
                    <Unicode>sul-compare l'amico del morto che le rivela la de</Unicode>
                </TextEquiv>
            </TextLine>
            <TextLine id="r1l48" custom="readingOrder {index:47;}">
                <Coords points="579,3128 1453,3133 1551,3118 1551,3066 579,3096"/>
                <Baseline points="587,3126 634,3126 682,3126 730,3126 778,3125 826,3125 873,3125 921,3125 969,3124 1017,3124 1065,3123 1112,3123 1160,3122 1208,3121 1256,3120 1304,3119 1351,3118 1399,3116 1447,3115 1495,3113 1543,3110"/>
                <TextEquiv>
                    <Unicode>arló verità. Per una donnal grida leie allo, stra¬</Unicode>
                </TextEquiv>
            </TextLine>
            <TextLine id="r1l49" custom="readingOrder {index:48;}">
                <Coords points="590,3176 609,3178 621,3172 636,3176 644,3168 662,3173 665,3177 676,3168 684,3168 685,3142 671,3139 666,3143 660,3138 653,3140 646,3133 639,3138 628,3130 620,3136 615,3131 606,3134 592,3130"/>
                <Baseline points="598,3167 624,3166 650,3165 676,3171"/>
                <TextEquiv>
                    <Unicode>jun¬</Unicode>
                </TextEquiv>
            </TextLine>
            <TextLine id="r1l50" custom="readingOrder {index:49;}">
                <Coords points="685,3180 1551,3174 1555,3120 684,3143"/>
                <Baseline points="693,3173 735,3173 778,3173 821,3173 864,3172 906,3172 949,3172 992,3171 1035,3171 1077,3171 1120,3170 1163,3170 1206,3169 1248,3169 1291,3168 1334,3167 1377,3166 1419,3165 1462,3164 1505,3163 1548,3162"/>
                <TextEquiv>
                    <Unicode>zio d’aver perduto l’amante s’aggiunge, nello</Unicode>
                </TextEquiv>
            </TextLine>
            <TextLine id="r1l51" custom="readingOrder {index:50;}">
                <Coords points="1569,3176 1603,3178 1605,3174 1619,3181 1631,3177 1624,3119 1616,3120 1609,3125 1600,3124 1594,3133 1582,3139 1575,3148 1565,3148"/>
                <Baseline points="1576,3172 1622,3166"/>
                <TextEquiv>
                    <Unicode>ge</Unicode>
                </TextEquiv>
            </TextLine>
            <TextLine id="r1l52" custom="readingOrder {index:51;}">
                <Coords points="603,3207 629,3204 643,3212 657,3207 664,3213 673,3212 679,3217 687,3217 687,3174 676,3172 664,3175 646,3169 616,3190 603,3191"/>
                <Baseline points="611,3203 645,3203 679,3203"/>
                <TextEquiv>
                    <Unicode>da</Unicode>
                </TextEquiv>
            </TextLine>
            <TextLine id="r1l53" custom="readingOrder {index:52;}">
                <Coords points="695,3226 1639,3225 1638,3185 1489,3167 694,3185"/>
                <Baseline points="703,3218 749,3218 795,3219 842,3219 888,3219 935,3218 981,3218 1027,3217 1074,3217 1120,3216 1167,3215 1213,3215 1259,3214 1306,3213 1352,3213 1399,3212 1445,3212 1491,3212 1538,3212 1584,3212 1631,3212"/>
                <TextEquiv>
                    <Unicode>stesso momento, quello di scoprirlo infedele.1R</Unicode>
                </TextEquiv>
            </TextLine>
            <TextLine id="r1l54" custom="readingOrder {index:53;}">
                <Coords points="601,3254 611,3254 619,3260 628,3251 655,3257 661,3250 669,3250 674,3255 682,3248 691,3248 691,3213 675,3213 670,3218 656,3220 648,3212 632,3206 616,3218 600,3216"/>
                <Baseline points="609,3243 634,3243 659,3242 684,3242"/>
                <TextEquiv>
                    <Unicode>he</Unicode>
                </TextEquiv>
            </TextLine>
            <TextLine id="r1l55" custom="readingOrder {index:54;}">
                <Coords points="601,3292 1353,3264 1432,3290 1579,3257 1579,3208 1482,3234 725,3227 601,3260"/>
                <Baseline points="609,3279 657,3276 705,3274 753,3272 801,3270 849,3269 897,3268 945,3267 993,3266 1041,3266 1090,3266 1138,3266 1186,3266 1234,3266 1282,3266 1330,3265 1378,3265 1426,3265 1474,3264 1522,3264 1571,3263"/>
                <TextEquiv>
                    <Unicode>troE morto per un' altra, lo hanno portato nie¬</Unicode>
                </TextEquiv>
            </TextLine>
            <TextLine id="r1l56" custom="readingOrder {index:55;}">
                <Coords points="666,3360 762,3323 1595,3338 1644,3327 1644,3287 1560,3253 1433,3290 1353,3263 665,3286"/>
                <Baseline points="673,3327 721,3326 769,3324 817,3322 865,3321 914,3320 962,3319 1010,3318 1058,3317 1106,3317 1155,3316 1203,3316 1251,3316 1299,3316 1347,3317 1396,3317 1444,3318 1492,3319 1540,3320 1588,3321 1637,3322"/>
                <TextEquiv>
                    <Unicode>1e sepolto seue#nure lasch###elo vedere: di</Unicode>
                </TextEquiv>
            </TextLine>
            <TextLine id="r1l57" custom="readingOrder {index:56;}">
                <Coords points="694,3383 759,3403 828,3373 936,3400 980,3369 1525,3383 1539,3334 693,3331"/>
                <Baseline points="701,3370 742,3368 784,3366 825,3365 867,3364 908,3363 950,3363 991,3363 1033,3362 1074,3363 1116,3363 1157,3363 1199,3363 1240,3363 1282,3364 1323,3364 1365,3364 1406,3363 1448,3363 1489,3363 1531,3361"/>
                <TextEquiv>
                    <Unicode>per lu## non era nients! Cosi nel suo a¬</Unicode>
                </TextEquiv>
            </TextLine>
            <TextLine id="r1l58" custom="readingOrder {index:57;}">
                <Coords points="973,3420 1645,3428 1629,3382 1553,3391 1485,3369 974,3379"/>
                <Baseline points="981,3414 1013,3414 1046,3413 1079,3413 1112,3413 1145,3413 1177,3413 1210,3413 1243,3414 1276,3414 1309,3415 1341,3415 1374,3415 1407,3416 1440,3416 1472,3416 1505,3416 1538,3416 1571,3416 1604,3415 1637,3415"/>
                <TextEquiv>
                    <Unicode>dolore Paver perduto l'aman-#re</Unicode>
                </TextEquiv>
            </TextLine>
            <TextLine id="r1l59" custom="readingOrder {index:58;}">
                <Coords points="984,3469 1148,3490 1243,3467 1521,3477 1550,3498 1635,3468 1636,3422 1552,3442 1534,3425 1320,3435 1151,3409 985,3431"/>
                <Baseline points="993,3465 1024,3463 1056,3462 1088,3462 1119,3461 1151,3461 1183,3461 1214,3461 1246,3462 1278,3462 1310,3463 1341,3463 1373,3464 1405,3464 1436,3464 1468,3464 1500,3464 1531,3464 1563,3463 1595,3462 1627,3461"/>
                <TextEquiv>
                    <Unicode>pill crudele di non averlosce</Unicode>
                </TextEquiv>
            </TextLine>
            <TextLine id="r1l60" custom="readingOrder {index:59;}">
                <Coords points="954,3526 967,3526 975,3533 980,3528 988,3527 1008,3529 1004,3450 993,3451 988,3448 983,3450 975,3444 970,3448 965,3446 959,3451 950,3452"/>
                <Baseline points="962,3511 1000,3509"/>
                <TextEquiv>
                    <Unicode></Unicode>
                </TextEquiv>
            </TextLine>
            <TextLine id="r1l61" custom="readingOrder {index:60;}">
                <Coords points="587,3642 833,3612 1567,3622 1566,3532 1429,3527 1280,3582 586,3560"/>
                <Baseline points="595,3635 643,3628 691,3622 739,3617 787,3614 836,3611 884,3609 932,3608 980,3607 1028,3607 1077,3607 1125,3608 1173,3609 1221,3610 1269,3610 1318,3611 1366,3611 1414,3611 1462,3610 1510,3608 1559,3605"/>
                <TextEquiv>
                    <Unicode>ue. E, come ho dettó, una scena sola, ma di</Unicode>
                </TextEquiv>
            </TextLine>
            <TextLine id="r1l62" custom="readingOrder {index:61;}">
                <Coords points="596,3669 1615,3677 1651,3624 596,3636"/>
                <Baseline points="605,3669 656,3667 708,3665 760,3664 812,3662 864,3661 916,3660 968,3658 1020,3657 1072,3657 1124,3656 1175,3655 1227,3655 1279,3654 1331,3654 1383,3654 1435,3655 1487,3655 1539,3656 1591,3657 1643,3658"/>
                <TextEquiv>
                    <Unicode>idouna efficacia retrospettiva. Si direbbe che co</Unicode>
                </TextEquiv>
            </TextLine>
            <TextLine id="r1l63" custom="readingOrder {index:62;}">
                <Coords points="586,3729 1549,3724 1559,3677 694,3659 585,3694"/>
                <Baseline points="593,3709 640,3709 688,3709 736,3708 784,3708 832,3707 880,3707 928,3707 976,3706 1024,3706 1072,3705 1119,3705 1167,3704 1215,3704 1263,3703 1311,3703 1359,3702 1407,3702 1455,3702 1503,3701 1551,3701"/>
                <TextEquiv>
                    <Unicode>tire l’autore abbia sentito solamente questa eche</Unicode>
                </TextEquiv>
            </TextLine>
            <TextLine id="r1l64" custom="readingOrder {index:63;}">
                <Coords points="688,3780 1259,3751 1556,3784 1555,3723 1520,3706 687,3726"/>
                <Baseline points="695,3759 737,3758 780,3757 822,3756 865,3756 908,3755 950,3755 993,3755 1035,3755 1078,3754 1121,3754 1163,3754 1206,3754 1248,3754 1291,3754 1334,3753 1376,3753 1419,3753 1461,3752 1504,3751 1547,3750"/>
                <TextEquiv>
                    <Unicode>le precedenti non gli abbiano servito che co¬</Unicode>
                </TextEquiv>
            </TextLine>
            <TextLine id="r1l65" custom="readingOrder {index:64;}">
                <Coords points="684,3816 1102,3818 1173,3806 1173,3768 903,3768 764,3786 728,3771 683,3790"/>
                <Baseline points="691,3808 717,3807 743,3807 770,3806 796,3806 822,3805 849,3805 875,3804 901,3804 928,3803 954,3803 980,3803 1007,3802 1033,3802 1059,3802 1086,3802 1112,3802 1138,3802 1165,3801"/>
                <TextEquiv>
                    <Unicode>me mezzo per arrivarci.</Unicode>
                </TextEquiv>
            </TextLine>
            <TextLine id="r1l66" custom="readingOrder {index:65;}">
                <Coords points="716,3866 1646,3866 1646,3810 716,3816"/>
                <Baseline points="724,3850 769,3852 815,3854 861,3855 906,3856 952,3856 998,3856 1043,3856 1089,3855 1135,3854 1181,3853 1226,3853 1272,3851 1318,3851 1363,3850 1409,3850 1455,3850 1500,3850 1546,3851 1592,3852 1638,3854"/>
                <TextEquiv>
                    <Unicode>Che se con questa scena lo Schnitzler hai 1g</Unicode>
                </TextEquiv>
            </TextLine>
            <TextLine id="r1l67" custom="readingOrder {index:66;}">
                <Coords points="689,3913 1461,3902 1561,3926 1643,3904 1643,3864 688,3865"/>
                <Baseline points="696,3902 743,3904 790,3905 837,3906 884,3906 931,3905 978,3905 1025,3904 1072,3903 1119,3902 1166,3900 1213,3899 1260,3898 1307,3898 1354,3897 1401,3898 1448,3898 1495,3900 1542,3902 1589,3904 1636,3907"/>
                <TextEquiv>
                    <Unicode>voluto dirci: Vedete come vanno le cose di di</Unicode>
                </TextEquiv>
            </TextLine>
            <TextLine id="r1l68" custom="readingOrder {index:67;}">
                <Coords points="594,3902 602,3902 619,3910 630,3907 643,3915 654,3910 664,3917 676,3918 676,3871 660,3874 641,3871 638,3874 621,3868 608,3874 605,3871 594,3872"/>
                <Baseline points="602,3903 635,3904 668,3903"/>
                <TextEquiv>
                    <Unicode>1on</Unicode>
                </TextEquiv>
            </TextLine>
            <TextLine id="r1l69" custom="readingOrder {index:68;}">
                <Coords points="595,3949 1556,3973 1556,3899 832,3934 595,3914"/>
                <Baseline points="603,3945 650,3949 697,3951 744,3953 792,3955 839,3956 886,3956 933,3956 981,3956 1028,3956 1075,3955 1122,3954 1170,3953 1217,3953 1264,3952 1311,3951 1359,3951 1406,3951 1453,3951 1500,3951 1548,3952"/>
                <TextEquiv>
                    <Unicode>ra-questo mondo? Un giovanotto si crede in di¬</Unicode>
                </TextEquiv>
            </TextLine>
            <TextLine id="r1l70" custom="readingOrder {index:69;}">
                <Coords points="1556,3955 1563,3956 1578,3973 1595,3972 1602,3978 1632,3958 1645,3957 1650,3963 1657,3964 1660,3942 1649,3942 1646,3938 1641,3942 1622,3920 1613,3915 1608,3918 1599,3912 1587,3915 1574,3906 1563,3905"/>
                <Baseline points="1564,3957 1592,3960 1620,3965 1648,3969"/>
                <TextEquiv>
                    <Unicode>Ilg</Unicode>
                </TextEquiv>
            </TextLine>
            <TextLine id="r1l71" custom="readingOrder {index:70;}">
                <Coords points="604,3993 615,3993 624,3987 629,3990 630,3988 635,3987 638,3983 647,3982 644,3959 636,3960 630,3956 622,3957 619,3954 615,3960 609,3964 600,3965"/>
                <Baseline points="610,3982 638,3978"/>
                <TextEquiv>
                    <Unicode></Unicode>
                </TextEquiv>
            </TextLine>
            <TextLine id="r1l72" custom="readingOrder {index:71;}">
                <Coords points="582,4022 1552,4014 1552,3971 835,3958 581,3999"/>
                <Baseline points="589,4023 636,4019 684,4014 732,4011 780,4009 828,4006 875,4005 923,4004 971,4003 1019,4003 1067,4003 1114,4003 1162,4003 1210,4003 1258,4003 1306,4002 1353,4002 1401,4001 1449,4000 1497,3998 1545,3995"/>
                <TextEquiv>
                    <Unicode>ido ritto di scherzare colla prima bella ragazza</Unicode>
                </TextEquiv>
            </TextLine>
            <TextLine id="r1l73" custom="readingOrder {index:72;}">
                <Coords points="644,4067 1456,4064 1549,4052 1549,4004 643,4027"/>
                <Baseline points="651,4054 695,4055 740,4055 784,4055 829,4055 873,4055 918,4055 962,4054 1007,4054 1051,4053 1096,4053 1140,4052 1185,4051 1229,4051 1274,4050 1318,4049 1363,4048 1407,4048 1452,4047 1496,4047 1541,4047"/>
                <TextEquiv>
                    <Unicode>i, che incontra, di farla innamorare di sée di</Unicode>
                </TextEquiv>
            </TextLine>
            <TextLine id="r1l74" custom="readingOrder {index:73;}">
                <Coords points="1551,4061 1559,4061 1581,4074 1598,4066 1606,4070 1619,4057 1635,4070 1648,4060 1663,4061 1664,4013 1651,4016 1640,4005 1604,4005 1588,4017 1572,4017 1559,4030 1551,4030"/>
                <Baseline points="1559,4054 1591,4053 1623,4054 1655,4054"/>
                <TextEquiv>
                    <Unicode>sid</Unicode>
                </TextEquiv>
            </TextLine>
            <TextLine id="r1l75" custom="readingOrder {index:74;}">
                <Coords points="592,4104 1487,4112 1554,4102 1554,4060 592,4071"/>
                <Baseline points="601,4098 648,4099 695,4100 742,4101 790,4101 837,4101 884,4102 931,4102 979,4102 1026,4102 1073,4101 1120,4101 1168,4101 1215,4100 1262,4099 1309,4099 1357,4098 1404,4098 1451,4097 1498,4097 1546,4096"/>
                <TextEquiv>
                    <Unicode>llol compiacersene, di piantarla poi o di andare</Unicode>
                </TextEquiv>
            </TextLine>
            <TextLine id="r1l76" custom="readingOrder {index:75;}">
                <Coords points="599,4150 1530,4153 1554,4107 599,4110"/>
                <Baseline points="607,4141 654,4144 701,4146 748,4148 795,4150 842,4151 889,4152 936,4153 983,4153 1030,4153 1077,4153 1124,4152 1171,4152 1218,4151 1265,4150 1312,4150 1359,4149 1406,4148 1453,4147 1500,4147 1547,4146"/>
                <TextEquiv>
                    <Unicode>ta-a farsi ammazzare per un'altra, 0 intanto get¬</Unicode>
                </TextEquiv>
            </TextLine>
            <TextEquiv>
                <Unicode>box 10/4
iebelei
5. J annen nene e 

Teatri e Notizie Artistiche
AMOREGGIAMENTT
Dramma in tre atti di A. Seiterrzirn
al Manzoni:
Questo dramma non ha intreccio. Quando
vi ho detto che la giovane figlia di un povero
quonatore di violino ama appassionatamente“
un bellimbusto, il quale, tenendosi lei come
un capriccio, ha poi una tresca con una si¬P
gnora, dal cui marito é ucciso in duello, iog.
vi he detto tutto. Poiché e l’amica di lei, fri¬
vola e civettuola, e l’amico di lui, scetticoed
allegro, e il vecchio padre, ci entrano nel la¬
voro piu per un’ esigenza scenica, che per
una ragione logica ed essenziale allo svolgi-I,
mento dell'azione.
Mi correggo. Propriamente anche l azione
non c’é. Nei primi due atti l’ autore non ar¬
L.
riva che a presentarci dei personaggi, i quali
non hanno nemmeno dei tratti caratteristici,
ca farli parlare in un dialogo poco interes¬
sante; solo al terzo, da una scena, assai buo¬
nae sentita, vien fuori d’ un tratto il con-ci
cetto del dramma e insieme T’espressione ori-o
ginale e sincera di un momento psicologico.
L'amante era venuto una sera a trovare
questa povera fanciulla, di cui aveva sentito
all’ultimo tutta la grazia e la bontä. L’aveva
lasciata ed era andato a farsi uccidere dal
marito, che aveva oltraggiato. Sono passati
due giorni: lei non sa nulla, non sospetta di
nulia. Ma il vecchio padre che é al fatto del¬
l’accaduto le prende la testa fra le mani, le

parla amorosamente, le dice: Tu non pnoi
44 esser felice con quell’nomo, quello non é perj sit
fte, lo devi dimenticare! Ma perché questi di- di:
rono scorsi? La povera fanciulla sospetta, inter-Im
che
roga angosciata, vuolluscire, ma sulla portaj ur
ren¬
sul-compare l'amico del morto che le rivela la de
arló verità. Per una donnal grida leie allo, stra¬
jun¬
zio d’aver perduto l’amante s’aggiunge, nello
ge
da
stesso momento, quello di scoprirlo infedele.1R
he
troE morto per un' altra, lo hanno portato nie¬
1e sepolto seue#nure lasch###elo vedere: di
per lu## non era nients! Cosi nel suo a¬
dolore Paver perduto l'aman-#re
pill crudele di non averlosce

ue. E, come ho dettó, una scena sola, ma di
idouna efficacia retrospettiva. Si direbbe che co
tire l’autore abbia sentito solamente questa eche
le precedenti non gli abbiano servito che co¬
me mezzo per arrivarci.
Che se con questa scena lo Schnitzler hai 1g
voluto dirci: Vedete come vanno le cose di di
1on
ra-questo mondo? Un giovanotto si crede in di¬
Ilg

ido ritto di scherzare colla prima bella ragazza
i, che incontra, di farla innamorare di sée di
sid
llol compiacersene, di piantarla poi o di andare
ta-a farsi ammazzare per un'altra, 0 intanto get¬</Unicode>
            </TextEquiv>
        </TextRegion>
        <TextRegion orientation="0.0" id="r2" custom="readingOrder {index:1;}">
            <Coords points="1663,2651 1663,2842 3057,2842 3057,2651"/>
            <TextLine id="r2l1" custom="readingOrder {index:0;}">
                <Coords points="1700,2704 2909,2719 2981,2703 2981,2653 2321,2626 2216,2671 1960,2637 1700,2666"/>
                <Baseline points="1708,2704 1771,2704 1834,2704 1897,2705 1961,2705 2024,2705 2087,2705 2151,2706 2214,2706 2277,2706 2341,2706 2404,2706 2467,2706 2530,2706 2594,2705 2657,2705 2720,2704 2784,2702 2847,2701 2910,2699 2974,2696"/>
                <TextEquiv>
                    <Unicode>LA PERSEVERANZA DI MARTEDT, 6 OTTOBRE 1896</Unicode>
                </TextEquiv>
            </TextLine>
            <TextLine id="r2l2" custom="readingOrder {index:1;}">
                <Coords points="1656,2852 1845,2827 1874,2850 1961,2833 2001,2846 2027,2821 2077,2840 2136,2807 2208,2819 2256,2802 2255,2775 1860,2768 1653,2787"/>
                <Baseline points="1663,2817 1692,2817 1721,2817 1750,2816 1780,2816 1809,2816 1838,2815 1867,2815 1897,2815 1926,2814 1955,2813 1984,2812 2014,2811 2043,2810 2072,2808 2101,2806 2131,2804 2160,2802 2189,2800 2218,2797 2248,2794"/>
                <TextEquiv>
                    <Unicode>Nella riniste b</Unicode>
                </TextEquiv>
            </TextLine>
            <TextLine id="r2l3" custom="readingOrder {index:2;}">
                <Coords points="2513,2843 2547,2849 2586,2824 2786,2847 2938,2823 3064,2852 3065,2768 3048,2765 2989,2776 2941,2755 2903,2777 2834,2765 2791,2784 2717,2761 2620,2781 2587,2759 2514,2763"/>
                <Baseline points="2522,2818 2548,2816 2575,2814 2602,2813 2629,2812 2655,2812 2682,2812 2709,2813 2736,2814 2762,2814 2789,2816 2816,2816 2843,2817 2869,2818 2896,2818 2923,2818 2950,2818 2976,2818 3003,2816 3030,2814 3057,2811"/>
                <TextEquiv>
                    <Unicode>nel salon</Unicode>
                </TextEquiv>
            </TextLine>
            <TextEquiv>
                <Unicode>LA PERSEVERANZA DI MARTEDT, 6 OTTOBRE 1896
Nella riniste b
nel salon</Unicode>
            </TextEquiv>
        </TextRegion>
    </Page>
</PcGts>
