3436 4224
407 146 642 244 Liebe
222 158 1344 275 5ei box 11/3
1978 93 2763 152 derfor ikke noget Indtryk af dets
1985 137 2756 212 Veerd, naar Handlingens lose Traade
1978 196 2756 269 samles af kyndige og staerke Hander
1992 257 2754 320 i en skon Enhed. Hovedpersonen paa
1987 307 2757 375 Mandssiden er ung og forelsket i en
1995 361 2773 440 Musikers billedskonne Datter. Men
1993 419 2769 489 hans samtidige Forhold til en Frue
2002 475 2761 548 hindrer ham i helt al nyde Lykken
2000 531 2767 617 ved sin nye Kerlighed. Angst hviler
2000 589 2770 656 over ham, Uro og Hvileloshed for¬
1998 640 2771 716 folger ham, og en Aften, da han for
2001 704 2778 772 nogle Ojeblikke skyder det altsammen
1995 759 2772 839 til Side og fester med sin Ven og
2002 806 2778 898 Veninde, treder en uhyggelig Skik¬
2006 872 2767 944 kelse ind til ham. Det er den be¬
2005 932 2771 994 dragne Wgtemand, der kreever ham
2003 980 2774 1056 til Regnskab. En Duel folger, og
1993 1033 2779 1115 den unge Mand drabes. Musiker¬
2001 1091 2773 1162 Datteren, der intet anede om sin
1998 1149 2775 1223 Elskedes Forhold til den anden
2006 1203 2779 1272 Kvinde og om Duellen, der forestod,
1997 1261 2778 1331 venter og venter. Men han kommer
2008 1312 2770 1385 ikke. Saa treder hans Ven ind
2001 1369 2776 1447 sortkleedt og stille, og forteeller om
1999 1424 2790 1507 det tunge, der er sket. Og Slut¬
2009 1489 2785 1570 ningsscenen bliver da til et Billede
2007 1545 2787 1615 af dyb Fortvivlelse og gribende
2008 1610 2158 1685 Sorg.
2045 1665 2795 1727 Her naaede Fru Anna Lars¬
2017 1710 2788 1796 sen til helt at udfolde sin Kunst.
2009 1789 2791 1846 Bed enkle Midler skabte hun et
2014 1833 2788 1908 uforglemmeligt Indtryk af den unge
2019 1898 2780 1972 Piges stigende Sorg, da hun horer,
2023 1942 2786 2022 at hendes Elslede er dod for en
2022 1999 2791 2083 anden Kvindes Skyld, og at han
2017 2052 2794 2137 allerede er lagt i Jorden, uden at
2019 2109 2794 2189 hun fik ham at se endnu en Gang.
2024 2170 2789 2252 Medens saaledes det starke Indtryk,
2015 2228 2795 2291 man fik af Fru Larssens Kunst,
2029 2278 2799 2348 samledes i en Sum i sidste Akt, fik
2031 2339 2804 2418 Hr. Adam Poulsen i den mand¬
2026 2394 2791 2461 lige Hovedrolle Tag i Publikum
2021 2452 2804 2533 strals han viste sig. Hans gennem¬
2027 2507 2807 2582 kultiverede og aandfulde Spil, saa
2023 2566 2804 2648 rigt nuanceret som det var, fangs¬
2018 2623 2809 2698 lede sterk og umiddelbart. Men
2026 2681 2800 2755 ogsaa de andre Skuespillere bidrog
2031 2746 2803 2818 med en veegtig Indsats til den
2029 2799 2818 2868 smutke Helhedsvirkning. Hr. Wieth
2035 2852 2803 2926 var saaledes fortraeffelig som Vennen,
2036 2925 2814 2985 Hr. Psilander meget sympatetisk
2020 2969 2821 3037 som den gamle Musiker og Fru Oda=
2020 3034 2817 3095 Rostrup helt udmarket som den
2028 3081 2535 3156 letlevende Ekspeditrice.
2069 3116 2818 3212 Efter de forste Akter var der sterkt
2035 3195 2806 3261 Bifald, medens Publikum efler sidste
2040 3251 2813 3318 Akt viste sin Forstagelse af den
2029 3309 2810 3387 sorgmodige Alvor, der hvilede over
2031 3364 2812 3446 de sidste Optrin og af den store
2039 3425 2810 3504 Kunst, disse forlenedes med, ved i
2042 3483 2691 3565 Tavshed at hylde Kunstnerne.
2075 3543 2812 3607 Paa agte Tournévis var Musiken
2040 3600 2821 3660 sparet; ligeledes havde man fundet
2049 3650 2827 3723 for godt at angive Tiden for Siyk¬
2037 3712 2827 3785 keis Varighed fra 8¼ til ca. 111
2046 3773 2828 3835 Man burde have meddelt, at det
2044 3824 2827 3895 sluttede for halvelleve, naar Forholdet
2037 3887 2322 3966 var saadant.
2669 3917 2778 4002 W.
