3344 4256
402 167 656 244 Liebe
223 161 1368 287 5ei box 10/6
824 747 1205 830 Telefon 12801.
545 832 1479 929 Unternehmen für Zeitungs-Ausschnitte
1526 848 1747 924 Ausschnitt
1468 918 1728 1022 Nr. 52
668 909 1306 1025 „OBSERVER
302 957 398 1045 10
355 1011 400 1056 2
284 1008 1735 1088 I. österr. behördl. concess. Bureau für Zeitungsberichte und Personalnachrichten
588 1085 1448 1192 Wien, IX/1 Türkenstrasse 17.
534 1176 1517 1268 Filiale in Budapest: „Figyelö“, VIII. Josefsring .31 a. —
283 1336 1436 1447 Ausschnitt aus: Neue Freie Passe
1416 1402 1751 1600 8472
289 1502 841 1602 vom 5 - JUl 1898
555 1616 1627 1698 — Man schreibt uns ans Berlin, 3. Juli: Fräulein
442 1666 1622 1746 Hansi Niese, die lustige und originelle Wiener Soubrette, die
433 1721 1616 1783 jetzt mit dem früher Graselli'schen Ensemble die Berliner im
449 1761 1621 1850 Thalia=Theater erheitert, wollte ihnen partout einmal ernst kommen.
469 1812 1630 1876 Sie trat daher heute in einer von der Sommer=Direction Janus
458 1858 1632 1919 im Residenz=Theater veranstalteten Mittagsvorstellung zum Besten
456 1895 1638 1963 leidender Bühnenkünstler als Christine in Schnitzler's herbem
473 1945 1631 2013 Schauspiel „Liebelei“ auf. Die ausgezeichnete Künstlerin hat damit
457 1976 1642 2051 zwar allerdings den Beweis geliefert, daß sie auch ernsten
469 2021 1638 2092 Charakter=Rollen gewachsen ist und wirklich tragische Töne anzu¬
471 2064 1635 2141 schlagen versteht. Wer sie aber in dem darauf folgenden „Abschieds¬
461 2105 1643 2189 Souper“ desselben Verfassers sah und dann hörte, welche aus¬
459 2151 1648 2233 gelassenen Töne ursprünglichsten Humors sie anzuschlagen versteht,
461 2193 1645 2261 wird ihr nur rathen können, sich mit dem Rufe zu begnügen, ene
473 2249 1098 2320 geniale Wiener Sonbrette zu sein.
698 2783 1393 2866 Bezugs-Bedingungen.
1349 2835 1539 2911 fl. 7.50
318 2849 1270 2928 Für 50 Zeitungsausschnitte (Artikel oder Notizen)
1542 2887 1727 2935 inclusive
1407 2892 1534 2958 14.—
412 2908 513 2954 100
1570 2922 1710 2958 Porto.
1385 2933 1511 2986 25.—
1552 2945 1722 2989 Zahlbar
398 2947 518 3000 200
1400 2948 1534 3040 55.—
1534 2977 1750 3037 im Voraus
415 2985 522 3030 500
1385 3008 1511 3071 100.—
367 3020 524 3082 „ 1000
453 3042 1781 3111 Im Gegensatze zu anderen Bureaux für Zeitungsausschnitte ist das
1410 3083 1781 3147 auch steht es den
340 3097 1364 3159 Abonnement durch keine bestimmte Zeitdauer begrenzt:
332 3139 1693 3201 Abonnenten frei die aufgegebenen Themen zu ergänzen oder zu ändern.
2372 361 2701 426 Teision 12801.
2056 448 2977 538 Unternehmen für Zeitungs-Ausschnitte
3023 499 3244 556 Ausschnitt
1750 470 2061 583 9103
2977 549 3251 655 Nr. 53
2192 531 2823 655 „OBSERVER“
1774 633 3237 695 I. österr. behördl. concess. Bureau für Zeitungsberichte und Personalnachrichten
2081 703 2952 808 Wien, IX/, Türkenstrasse 17.
2021 778 3015 875 Filiale in Budapest: „Figyelö“, VIII. Josefsring 31 a. —
1769 946 2972 1057 Ausschnitt aus: Norddeutsche Allgesjeine Zig.
2727 1037 2837 1145 ∆
1772 1090 2293 1191 vom 5— JUl. 1898
2877 1143 3040 1229 24—
2195 1199 2803 1325 Theater und Musik.
3099 1288 3137 1333 —
1993 1307 3115 1387 G. Z. Frl. Niese hat mit ihrer Christine in Schnitzlers
1885 1357 3126 1435 1„Liehelei“, die sie am Sonntag in einer Wohlthätigkeits¬
1901 1408 3117 1467 Matinée des Residenz=Theaters spielte, bewiesen, daß sie mehr
1898 1464 3123 1518 kann, als lachen und lachen machen, daß sie auch Thränen
1910 1502 3119 1563 vergießen und zu Thränen rühren kann, mit einem Worte:
1911 1538 3117 1611 daß sie eine ganze und echte Künstlerin ist. Cine von jenen
1898 1591 3112 1655 glücklichen Darstellerinnen, die nicht den langen Weg durch
1912 1629 3128 1676 Kunst zur Natur zurückzulegen brauchen, sondern bereits be¬
1906 1665 3114 1737 sitzen, was andere mühsam erringen mussen, und nur noch
1912 1724 3128 1770 nöthig haben, der Natur durch ein wenig Kunst zu Hülfe zu
1904 1764 3124 1833 kommen. Denn technisch war die Christine Frl. Nieses noch
1901 1809 3122 1854 mancher Verbesserung, manchen Ausgleichs fähig. Das
2191 1844 2472 1908 noch nicht
1901 1844 2190 1914 Organ ist
2466 1854 3116 1922 geeignet, alle Modulationen
1908 1885 2485 1953 der Leidenschaft fügsam
2511 1898 3127 1961 wiederzugeben, aber was
1907 1937 3114 1996 will das sagen gegenüber der hinreißenden Wahrheit
1898 1986 3125 2047 =dieser Leidenschaft. Fraulein Niese sucht nicht lange nach dem
1898 2015 3121 2100 richtigen angemessenen Ton, denn sie geht vollständig in ihrem
1913 2069 3121 2145 Spiele auf, und daher trifft sie immer den rechten Ton, bleibt
1909 2116 3128 2195 immer wahr, gestaltet immer aus der Situation heraus. Wie
1916 2160 3133 2213 kalt ließ Fräulein Sandrock mit all ihren glänzenden Mitteln,
1907 2208 3119 2267 und wie mächtig ergriff Fräulein Niese mit ihrer un¬
1916 2248 3117 2303 gekünstelten Art. All die bange Stimmung, die vom ersten
1915 2288 2695 2353 Akte an über den Szenen liegt, all de
2796 2289 3120 2358 ahnungsvolle
1911 2332 3125 2409 Empfinden, das in dem liebenden Herzen des armen Mädels
1904 2373 3122 2425 kein rechtes Glück aufkommen läßt, und all die hingebende
1915 2423 3120 2477 Zärtlichkeit, die in den wenigen Augenrlicken des Alleinseins
1769 2455 3124 2513 Far 5 mit dem geliebten Manne überwältigend aus ihr hervor¬
1859 2502 3165 2575 10 bricht und sie Welt und Menschen vergessen läßt, und¬
1859 2555 3129 2638 20 endlich der maßlose Schmerz, in dem sich die lange,
3117 2598 3195 2655 18
1851 2590 3108 2664 50 bange Spannung löst: wie wunderbar echt und ergreifend
1787 2619 1915 2694 „ 100
1908 2636 3126 2707 klang das Alles aus jenem Munde, der uns sonst nur lachend!
1909 2683 3125 2759 schelmische, kecke Kouplets sang! Es ist gewiß der Wunsch
1766 2705 1908 2763 Abonn
3124 2726 3217 2788 den
1925 2736 3121 2797 Vieler, daß Fräulein Niese es nicht bei diesem einen Auftreten
1767 2753 1913 2804 Abonn
1910 2779 3121 2817 als Christine läßt, und daß die Vorstellung recht bald noch
1923 2825 3137 2880 einmal wiederholt wird. Auch sonst konnte sich diese wohl
1914 2871 3141 2927 sehen lassen. Namentlich Herr Jarno als Theodor, Herr!
1918 2912 3119 2967 Marx als alter Weiring und Frau Pagay (Frau Binder)
1911 2957 3118 3015 waren vortrefflich. Herr Reusch (Fritz) war etwas eintönig,
1912 2995 3123 3075 und Fräulein Wirth als flotte Schlager=Mizi traf nicht
1923 3039 3130 3113 immer den Ton des leichtlebigen, allzeit vergnügten Mädels.
1920 3091 3129 3153 Ihre Lustigkeit war zu nervos, zu bewußt, zu sehr gespielt.
1924 3134 3120 3189 Ganz unmöglich war Herr Froböse als gekränkter Gatte.
1922 3165 3127 3236 In „Abschiedssouper“, das auch diesmal wieder auf
1912 3232 3128 3289 „Liebelei“ folgte — im ersten Stück die Liebelei, wie sie sein
1913 3268 3121 3309 kann, im zweiten, wie sie sein soll, eine Liebelei nach dem
1921 3308 3123 3362 Herzen der Schlager=Mizi — war Fräulein Niese ganz das
1924 3352 3125 3393 Mädchen, an dem ein Anatol wohl einige Zeit Gefallen finden
1915 3384 3123 3440 kann. Ein flottes Ding von unglaublicher Urwüchsigkeit,
1917 3442 3127 3503 naiv und schlau zugleich, immer zum Lachen geneigt und ernst¬
1916 3477 3130 3558 haft verliebt im Grunde nur in den „Schampus“ und die
1908 3520 3120 3578 Austern. Keinen Augenblick war sie ordinair, was Schnitzler
1914 3569 3124 3626 an einer Stelle übrigens seltsamer Weise vorschreibt, sondern
1920 3621 3129 3682 eben nur vollständig formlos. Herr Jarno war ein flotter,
1924 3655 3129 3718 aber doch nicht der richtige Anatol, wie man ihn sich nach der
1915 3697 3112 3745 Lektüre des Buches vorstellt: ein Genußmensch mit raffinirt
1939 3754 3142 3821 usgebildeten Sinnen, in Allem immer noch Aesthetiker und,
1946 3787 2738 3867 otz aller Blasirtheit, noch genußfähig.
