3484 4224
313 178 854 277 5. Liebelei
563 178 1448 308 — box 12/6
365 507 802 609 Ausschnitt aus:
511 540 1252 663 Sste zs re Wimg baichten
382 644 547 694 vom:
535 761 1377 851 Dem rühmenswerten Spieleife: des
364 820 1378 890 Deutschen Volkstheater=Ensembles ver¬
362 858 1380 917 dankte man gestern als Neustudierung einen
353 901 1369 974 Schnützberx Abend. Zuerst die „Lievelei“,
355 945 1387 1006 in der jetzt Frau Wagnec die Christine
571 986 1380 1062 mit jener zührenden Innigtei und
366 998 508 1061 spielt,
361 1023 1384 1089 mit ihrem ergreifenden. natürlichen Pathos,
360 1072 1391 1155 das den wertvollsten Teil ihrer sympathischen
366 1117 1386 1182 künstlerischen Persönlichkeit bildet. Als Mizzi assistiert
361 1160 1390 1229 Fräulein Waldow mit gewohntem Temperament
370 1201 1400 1261 und Charme. Herr Edthoser traf als Fritz den
363 1236 1390 1302 ahnungsvollen, Herr Huber als Theoder den
375 1276 1402 1353 ahnungslosen, Herr Kutschera als W##ng, wie
373 1343 1402 1396 stets, den rührenden Ton seiner Kolle. Frau Thaller und
368 1367 1397 1430 Herr Klitsch ergänzten den starken Eindruck, den
375 1410 1403 1477 die „Liebelei“, die in ihrem vollendeten Eimisch von
369 1448 1401 1516 wienerischer Heiterkeit und Sentime talität — mit
366 1498 1403 1556 dem tragischen Ausklang im Prospekt — sozusagen
379 1540 1403 1600 als die dramatische keimzelle des Schnitzlerischen
380 1593 1397 1644 Schaffens bezeichnet verden kann, auch gestern aus¬
368 1624 1406 1698 löste. — Die darau; folgende Komödie „Kom¬
384 1678 1406 1744 tesse Mizzi“ rückt die erwähnte Mischung
382 1717 1405 1768 um eine soziale Stufe höher ins fröhliche
371 1754 1417 1800 Ende gut, alles gut“. Den alten Grafen giht Herrn
380 1794 1405 1848 Lackner mil köstlicher Jovialität und überzeugender
1244 1837 1404 1896 Herrn
375 1849 439 1888 *#
420 1839 1201 1894 emütlichkeit, während Fürst Egon b
382 1875 1421 1941 Kramer verbneb, dessen Spieleifer zuliebe wohl
380 1919 1421 1982 die Satire wirder hervorgeholt wurde. Seine
389 1960 1415 2028 prächtige Leistung lohnt allerdings die Mühe,
377 2026 1418 2067 und seiner bezaubernden Liebenswürdigkeit
392 2063 1421 2113 konnte man auch gestern nicht widerstehen. Die Damen
386 2099 1412 2154 Wuldow und Glöckner, die Herren Edi¬
384 2127 1421 2188 hofer (sehr drollig in seiner bärenhaften Jugend¬
395 2168 1429 2248 lichkeit), Klitsch und Hubertrugen mit den Ge¬
401 2230 1344 2299 nannten zu dem starken Erfolge des Abends bei.
808 2656 1312 2732 (Juellenangabe oune Gewum!
1034 2724 1484 2822 #ier-Zeitung, Wien
571 2730 995 2819 Ausschnitt ausrit
763 2791 1033 2854 aSel. 1915
586 2840 747 2915 vom:
546 2887 1588 2972 Deutsches Volkstheater. Arthur Schmte#s
433 2945 1565 3002 „Liebelei" und „Komtesse Mizzi“ wurden gestern, neu einstudiert,
425 3000 1573 3042 wieder in den Spielplan ausgenommen. Die Vorstellung unter¬
421 3042 1575 3096 schied sich nicht sehr wesentlich von früheren Aufführungen der
428 3095 1577 3165 beiden Stücke. Bloß einige Neubesetzungen waren zu ver¬
432 3136 1560 3201 zeichnen: in „Liebelei“ gab Frau Erika v. Wagner die
431 3194 1575 3253 früher von Fräulein Hannemann gespielte Rolle der Christine
434 3247 1576 3290 und in „Komtesse Mizzi“ Fräulein Waldow eine
440 3281 1574 3342 Rolle, die vor ihr Fräulein Galafrés dargestellt hat.
427 3331 1575 3393 Neu war in dem Einakter auch noch Herr Lackner in der
436 3381 1578 3446 Rolle des ungarischen Grafen. Sein Vorgänger war hier Herr
434 3423 1582 3485 Thaller. Im ganzen kann man sagen, daß sich die Darstellung
434 3483 1582 3541 auf der alten Höhe erhalten hat. Die Stimmung war denn
438 3534 1577 3587 auch den ganzen Abend über ausgezeichnet und der Beifall für
427 3567 1201 3644 alle Mitwirkenden außerordentlich lebhaft.
2043 316 2551 387 Praneisto, Stöekiiolin, El.
2276 353 3098 436 (Geetangsbe jenne Heri“tung
2593 416 2772 509 Wien.
2025 428 2455 509 Ausschnitt aus:
2480 520 2553 594 137
2041 536 2244 616 vom:
2553 556 2631 636 1
2625 622 2972 753 Kunst.
2037 655 2618 771 Theater und
2087 734 3014 816 Deutsches Volkstheater. Dem gestrigen
2009 805 2999 880 Schnitzlerabend („Liebelei“ — „Komtesse Mizzi“)
2016 823 3019 915 leüchteie in seinem ersten Teil ein freuidlicher
2008 875 3016 965 Stern. Viktor Kutscheras alter Musikus ist
2003 924 3022 998 ein wahres Kabinettstück von Menschlichkeit erfüllter
2018 977 3005 1038 Darstellungskunst. Aus allen Quellen der Liebe und
2015 1011 3024 1098 Güte entströmen seine Worte, tief aus dem Gemüte
2551 1059 3012 1126 Frau Wagners
2019 1074 2551 1138 quillt sein Schmerz.
2017 1091 3031 1184 Christine hält gleichen Schritt; das kleine
2895 1143 3020 1205 zwar
2664 1152 2839 1216 nimmt
2446 1148 2608 1213 Mädl“
2274 1162 2392 1221 „süße
2020 1167 2216 1226 Wiener
2023 1189 3021 1267 bei ihr etwas aristokratische Linien an, aber die
2018 1225 3022 1307 weiche Anmut der Wienerin und deren warmblütige
2025 1266 3029 1341 Leidenschaftlichkeit kommen eindringlich zum Aus¬
2027 1320 3028 1388 druck. Köstlicher Humor ist in Frau Thallers
2034 1366 3032 1430 alter Binderin und Fräulein Waldows spitze
2038 1407 3031 1479 und g'schnappige Schlagermizzi ist bis in die stets
2036 1429 3044 1517 nervösen Fingerspitzen echt. Die Herren Edthofer
2036 1490 3043 1587 und Klitsch geben ihre nichtigen Nebenrollen in
2035 1538 3037 1627 guter Haltung. Das ausverkaufte Haus sparte nicht
2036 1585 3033 1646 mit Beifall. Den Abend schloß „Komtesse
2037 1623 3038 1699 Mizzi“ seinerzeit mit der Galafres, Thaller,
2050 1683 3036 1745 Kramer und Edthofer, eine der abgerundetesten und
2044 1717 3045 1781 harrsonischesten Darbietungen dieser Bühne. Von
2051 1756 3035 1827 diesem Quartett sind nur Kramers fein¬
2053 1799 3041 1881 stilisierter Fürst und Edthofers urkomischer
2048 1840 3051 1920 Gymnasiast übriggeblieben. Herr Lackner ist als
2048 1875 3059 1962 Graf Parmandy zu derb=rustikal und Fräulein!
2073 1985 3068 2050 Waldow gibt statt der zart instrumentierten Gräfi
2878 2027 3045 2104 L. F.
2064 2042 2776 2124 Mizzi, eine Komtesse Schlagermizzi.
2455 2271 2970 2338 (Gachenangabe Onne Gewanr.)
2554 2324 3311 2426 ner Montags Journal, Wien
2137 2323 2585 2426 Ausschnitt auf
2146 2432 2302 2502 vom:
2393 2433 2679 2501 -6 SEP 1975
2292 2475 2387 2552 1
2157 2597 3207 2715 Theater, Kunst und Literatur.
2157 2692 3285 2788 (Denisches Volkstheater.) Schnitzler bei vollem Haus
2070 2733 3276 2841 in „Liebelei“. Die Kriegsumwertung macht sich auch in der
2075 2791 3288 2891 Kunst geltend. Einige Umbesetzungen bringt die Zeit mit sich,
2068 2837 3284 2926 den älteren Theaterbesuchern sind sie vielleicht etwas beein¬
2067 2877 3284 2977 trächtigend in der Wirkung. Herrn Edihofers Fritz ist
2073 2921 3279 3025 etwas gar zu monoton, seine tiefinnerliche Einfachheit wirkt
2061 2997 3278 3056 auch hier. Fr. v. Wagner ist eine gemütvolle Christine, aber
2069 3024 3273 3093 ohne wienerischen Einschlag, Herr Klitsch als Fremder etwas
2062 3066 3281 3178 zu steif, zu wenig eindringlich. Herr Huber ist als Theodor
2068 3119 3267 3205 gut, nur stört seine Art, die Sätze wie die Getreidesäcke aus¬
2055 3184 3268 3261 zuschütten. Herr Kutschera gibt den alten Musikus voll
2062 3207 3263 3301 Güte und Seelenanel, Fr.k Thaller die Binder wirksam¬
2057 3266 3264 3351 humoristisch. Frl. Waldow ist köstlich. Das spitze Zünglein
2059 3315 3253 3388 der Künstlerin steht mit ihrem beweglichen Geschäftsausdruck
2043 3338 3258 3444 in innigem Kontakt. Das ergibt Gesten, die an sich sprechen.
2053 3394 3261 3470 Die junge Dame wird viel zu wenig ausgenüßt, da ist ein
2046 3449 3263 3521 kkomisches Talent von seltener Wirkung. In der „Komtesse
2040 3486 3251 3564 Mizzi“ wirkt dieselbe Künstlerin durch diese Mimik förmlich
2041 3552 3257 3630 aufklärend. Die charakteristische Art, sich zu bewegen und mit
2036 3583 3260 3675 den Augen ganze Kommentare zu geben, ist ein Requisit, über
2045 3627 3254 3718 das nur wenige Schauspielerinnen verfügen. Herr Lackner
2044 3688 3247 3770 gibt jetzt den Pazmany im Dialekt, mit totsicherer Wirkung,
2044 3732 3246 3806 Herr Kramer den Fürsten sehr elegant, Fr. Glöckner die
2026 3778 3244 3861 „Lolo wirksam wie früher, und Herr Edthofer den Philipp
2030 3831 3249 3906 mit dem Charm seiner jungenhaften Natürlichkeit. Die (beiden
2035 3875 3255 3960 Stücke gesielen wie gute Premieren; sie werden voraussichtlich
2022 3904 2542 4005 sim Repertoir bleiben.
