3436 4224
187 196 700 273 5. Liebelei
867 194 1318 287 box 13/8
314 251 839 308 A
274 346 636 517 RRATIS
445 576 979 676 Rane Freie Wien
809 660 1210 763 12 AUG. 1838
290 808 1373 879 (Schnitzlers „Liebelei“ als Operette.) Oskar Straus
220 863 1377 932 hat nach der Müsik zür Operette „Zwei lachende Augen“ die, wie
224 922 1376 971 gemeldet, als Weihnachtsnovität des Theaters an der Wien
215 962 1367 1014 herauskommt, auch seine zweite Operette, eine Bearbeitung von
220 1001 1376 1053 Arthur Schnitzlers Drama „Liebelei“, soeben beendet. Das
213 1041 1374 1112 Libretto schrieben Hugo Knepler und der Berliner Theater¬
218 1109 1389 1201 direktor Saltenburg. Die Uraufführung dieses Werkes, das
224 1182 1372 1228 von dem englischen Verleger Robinson bereits für London er¬
227 1216 1378 1275 worben wurde, wird voraussichtlich mit Elisabeth Bergner in
227 1262 1384 1321 der Hauptrolle im Winter stattfinden. Gleichzeitig ist die öster¬
220 1308 1385 1360 reichische Erstaufführung im Deutschen Volkstheater in Aussicht
227 1355 1378 1404 genommen. Die Regie wird der Sohn des Dichters, Heinrich
222 1392 1379 1449 Schnitzler, führen, der auch in der kommenden Saison im
220 1427 1385 1475 Deutschen Volkstheater tätig sein wird. Es besteht also die Mög¬
231 1470 1374 1521 lichkeit, daß in der kommenden Saison sämtliche Wiener Sprech¬
444 1517 1389 1578 das Josefstädter Theater bringt eine Abraham¬
227 1519 393 1573 bühnen
229 1559 884 1632 Operette — Operette spielen werden.
545 1662 737 1791 IIs
522 1833 1022 1944 SLRZEà PAGESFGS!
655 1986 1083 2109 9 2 AUG, 7033
445 2064 1222 2266 Theater und Kunst.
417 2289 1278 2352 Schnißzlers „Liebelei“ als Opereite. Oskar
361 2314 1282 2397 Strausshar nach der Musik zur Operette „Zwei
361 2355 1277 2428 lachende Augen, die als Weihnachtsnovität des
370 2403 1278 2487 Theaters an der Wien herauskommt, auch seine
360 2433 1279 2515 zweite Operette eine Bearbeitung von Artur
368 2476 1277 2545 Schnitzlers Drama „Liebelei“, soeben beendet. Das
356 2518 1266 2576 Libretto schrieben Hu## Knepler und der Ber¬
367 2550 1266 2627 liner Theaterdirektor Saltenburg. Die Urauffüh¬
363 2600 1275 2677 rung dieses Werkes wird voraussichtlich mit Elisa¬
359 2623 1263 2702 beth Bergner in der Hauptrolle im Winter statt¬
364 2678 1253 2749 finden. Die Regie wird der Sohn des Dichters,
347 2713 1260 2776 Heinrich Schnitzler, führen, der auch in der kom¬
358 2752 1257 2818 menden Saison im Deutschen Volktheater tätig
363 2783 1254 2859 sein wird. Es besteht also die Möglichkeit, daß
362 2823 1249 2905 in der kommenden Saison sämtliche Wiener
348 2863 731 2922 Sprechbühnen
786 2879 1255 2944 das Josefstädter Theater
348 2891 1258 2997 bringt eine Abraham=Operette — Operette
345 2943 729 3020 spielen werden.
378 3081 570 3207 GR
493 3196 867 3299 B. N. am Milias.
569 3315 869 3439 14.A06.
297 3441 1196 3601 KeineTheater-3.2.
304 3566 512 3645 Liebelei
454 3594 933 3658 als Operette.—
334 3640 1181 3713 Der Librettist Hugo Knepler und der
290 3669 1167 3747 frühere Berliner Theaterdirektor Salten¬
293 3732 1168 3802 burg haben das Buch zu einer Operette von
287 3778 1182 3836 Oscar Straus geschrieben, die Schnitzlers
283 3824 1167 3885 Drama zur Unterlage hat. Der englische Ver¬
287 3863 1174 3928 leger Robinson hat das Werk bereits erworben
286 3909 1170 3974 und will es mit Elisabeth Bergner in der
282 3938 1175 4012 Hauptrolle aufführen. In Wien soll es im
279 3996 1160 4060 Deutschen Volkstheater unter der Regie von
283 4023 1169 4116 Arthur Schnitzlers Sohn, Heinrich Schnitzler,
275 4074 589 4135 herauskommen.
2105 1100 2505 1209 oa Volksbiatt, Wie
1911 1185 2325 1295 2 #. 406, 1833
1907 1268 2743 1364 Den Uebergang von der Oper zur Operette
1860 1336 2741 1421 bilden neben der mit Musik versehenen „Lie¬
1868 1369 2749 1441 belei“ Schnitzlers (von Oscar Straus) im
1876 1419 2750 1491 Volkskheater und den von Mackeben musi¬
1875 1456 2754 1534 kalisch illustrierten „Journalisten“ Gustav Frey¬
1880 1492 2753 1571 tags im Akademietheater und Robitschek und
1881 1531 2748 1650 seine „Bühne des Lachens“ in den Kammer¬
1877 1577 2743 1693 spielen. Eine Revue beginnt hier, die sich
1878 1619 2756 1729 „Wiener Illustrierte Zeitung" (Witz) nennt.
1883 1678 2748 1769 Die Zeitung als Spiegel des Alltags. Kein
1885 1717 2760 1811 schlechter Einfall, der nur eins verlangen wird:
1893 1794 2105 1843 eben Witz.
1516 2248 1894 2415 GRATIS
1741 2315 2411 2475 w. Hlgemeige Zestung Wien
1911 2512 2329 2615 7. AUG. 1933
1560 2596 2897 2755 „Liebelei“ mit neuem Schluß
2285 2703 3097 2799 diesem Punkte wird nun ein lyrisch¬
1421 2747 2236 2822 Wie bereits gemeldet, arbeiten gegen¬
2294 2780 3101 2849 resignierter Ausklang gewählt, da Chri¬
1337 2798 2239 2867 wärtig Saltenburg und Knepler
2289 2811 3144 2900 stine ungefähr die Worte spricht: „Und
1344 2844 2263 2928 mit Oskar Straus (Texte Beda) in der
2285 2881 3115 2948 wenn er wieder gesund wird — bin ich
1336 2900 2244 2977 Umarbeitung von Schnitzlers
2334 2915 3049 3007 für ihn doch nur eine Liebelei.“
1347 2937 2245 3017 „Liebelei“ zu einer Opererte. Die
2340 2970 3149 3054 Auch sonst hat das Schnitzlersche Buch
1349 3010 2239 3068 Arbeiten sind in Ischl soweit fortgeschrit¬
2256 3033 3142 3101 einige Aenderungen erfahren, da es
1346 3038 2231 3114 ten, daß die Umarbeitung, die unter Hinzu¬
2249 3074 3149 3143 nunmehr sieben Bilder hat und ope¬
1350 3084 2241 3180 ziehungen des Sohnes Schnitzlers, Hein¬
2250 3126 3144 3185 rettenmäßig ausgeweitet wurde. Um die
1346 3149 2235 3213 rich Schnitzler, durchgeführt wurde, so
2263 3171 3155 3250 Erstaufführung dieses äußerst interessanten
1348 3199 1775 3277 gut wie beendet ist.
2269 3229 3149 3294 Experiments, die „Liebleei“ nicht einfach
1391 3250 2210 3331 Da sich der Schnitzlersche Schluß natur¬
2263 3275 3149 3349 mit Operettentexten zu versehen, sondern als
1389 3301 2200 3375 gemäß als unoperettenmäßig erwiesen
2252 3319 3152 3401 Operette nachzugestalten, bewerben sich be¬
1387 3348 2210 3429 hat, haben die Autoren einen vollkom¬
2273 3376 3159 3443 reits einige ausländische Thea¬
1391 3406 2208 3470 men neuen Schluß geschaffen: Fritz Lob¬
2279 3415 3157 3491 terdirektoren, die Unterhandlungen
1397 3456 2220 3513 heimer wird bei dem Duell nicht getötet,
2275 3460 3156 3546 sind bereits weit vorgeschritten, so daß ins¬
1403 3494 2211 3569 sondern in das Haus Weyrings kommt
2277 3508 3158 3590 besondere mit einer baldigen Erstauffüh¬
1403 3542 2225 3613 die Nachricht, daß Fritz sehr schwer ver¬
1402 3567 2936 3677 lent ist. aber gesund werden wird. Anrung in London zu rechnen ist.
