3532 4352
458 290 721 375 Liebe
303 291 1448 416 5. ###lei box 12/5
1685 2420 1950 2502 die Annäherung
1638 2577 2001 2709 Liebelei
1524 2696 2101 2810 Von Eusebius Bronner
646 2831 3011 2919 Terthur Schnitzler, der Verfasser unseres Filmstücks, ist angestrengter Arbeit, sehr bewußten Kombinierens und
620 2902 1811 2964 4 alles eher denn ein Schriftsteller für's Volk und für
1812 2894 2159 2963 Ausprobierens.
1820 2915 3003 2993 Nun werde ich mich hüten zu sagen, daß Schnitzler
626 2943 1812 3010 den rohen Alltag. Zwar in Wien, wo er daheim ist
626 2987 1811 3053 und wo man ihm zum voraus Verständnis entgegen¬
1815 2991 2994 3059 es anders machen, seine Bücher anders, d. h. frischer, un¬
633 3039 1810 3092 bringen muß, weil er seine Geschichten, Romane,
1819 3035 3001 3108 bekümmerter, unmittelbarer schreiben sollte, um ins Volk
626 3081 1811 3148 Dramen meistens auf dem Wiener Boden ent¬
1826 3091 3003 3155 vorzudringen. Auch derlei Feinschriftstellerei muß es
628 3130 1813 3198 stehen läßt, in Wien sage ich, kennen und lieben
1823 3138 3000 3212 geben; immer werden sich die Geschmacksrichtungen nach
637 3176 1822 3245 ihn wahrscheinlich auch die kleinen Mädels der Konfek¬
1822 3192 3014 3279 verschiedenen Gruppen teilen; allen kong es keiner recht
1818 3229 2704 3313 machen und soll es keiner recht machen.
624 3238 1812 3309 tionsgeschäfte und die Stutzer des Kolonialwarenver¬
627 3290 1807 3358 triebs. Bei uns beschränkt sich der Leserkreis auf die so¬
1815 3279 3004 3353 Der Meister scheint aber doch das Bedürfnis zu haben,
1821 3336 2995 3400 näher an die breite Masse der Lebenden heranzukommen.
627 3340 1813 3396 genannten literarischen Feinschmecker, auf die Müssig¬
639 3391 1812 3453 gänger und gelangweilten Damen der großen Gesellschaft.
1811 3389 2994 3440 Seine Stücke gehören zwar zu denen, die den Spiel¬
635 3443 1809 3511 Nein, Schnitzler wird nie volkstümlich werden — in dem
1818 3436 3003 3518 plan vieler deutscher Theater beherrschen, und die sich
634 3484 1813 3557 Sinne, wie es sein Landsmann R. H. Bartsch oder der
1814 3483 2946 3557 als sehr zugkräftig noch in jedem Falle erwiesen. .
633 3531 1815 3601 alte liebe Meister Rosegger ist. Dafür ist namentlich seine
1816 3533 3010 3598 Aber man weiß ja, und Schnitzler weiß es auch, daß
1821 3585 2992 3644 vor dem Eingang des Theaters für Viele unübersteig¬
637 3587 1813 3643 Sprache nicht natürlich und einfach genug. Gewiß, sie liest
1807 3634 3004 3699 liche Schranken aufgebaut sind, die darin bestehen,
635 3637 1811 3708 sich leicht; sie rollt dahin in einem flinken, lockeren, lusti¬
628 3684 1817 3757 gen Geplauder; es scheint ganz, als ob Mann wie Weib
1808 3683 3005 3751 daß der Eintrittspreis zu hoch ist. Und darum ist
1819 3736 2996 3796 es doch etwas anderes, wenn Schnitzler auf die feine
639 3746 1815 3801 so rede, als ihm der Schnabel gewachsen sei. Aber ein un¬
1810 3787 2996 3834 Kunst seiner Sprache verzichtet, wenn er auf das
627 3779 1818 3850 verbildeter Instinkt merkt bald, wie die Dinge liegen.
1816 3840 3004 3896 lebensvolle Auftreten wirklicher Schauspieler verzichtet
630 3836 1810 3901 Gerade in dieser anscheinenden Leichtigkeit liegt eine aller¬
1821 3885 3006 3952 und sich nun zur dunklen Bühne des Kinotheaters
629 3870 1814 3940 höchste Kunst; das wie zufällige Hin und Her der Ant¬
632 3929 2993 3984 worten, die sich Schnitzlers Personen im fast gedankenlosen wendet. Er weiß, was er aufgibt; aber er weiß, was
621 3984 3000 4068 Plauderton geben und nehmen, ist das Ergebnis sehr er gewinnt: nämlich die Aufmerksamkeit, das Staunen,
