3436 4192
868 176 1322 276 box 12/4
173 177 768 276 5. Liebelei
343 209 884 299 ZTeDerer
2854 1187 2921 1255 — —
2076 1185 2525 1281 — 2.—
1458 1235 3303 1326 Der Komponist Franz Neumann ist trotz der dessen geniale Lösung im Ausgleich
1384 1299 3302 1378 zwei Opern, die er' bereits schrieb, „Peri“ und „Braut= satzes zwischen dem nüchternen Spi
2561 1343 3296 1400 Melos strebenden Musik bestünde. H
344 1292 1118 1451 Jeuilleton.
1387 1340 2574 1418 werbung“ betitelt, in Wien io gut wie unbekannt, wenn
2567 1385 3299 1445 tisch kritische Bewertung einzusetz
1387 1381 2569 1454 sich nicht etwa einer erinnert, daß er vor zirka zwanzig
2566 1421 3305 1499 Standpunkte aus betrachtet, kann
266 1415 541 1502 G
1385 1425 2567 1522 Jahren bei einer Wiener Selcherfirma die Wurstfabrika¬
987 1430 1357 1530 Nachdruck verbotcy.
2563 1458 3196 1550 nicht als gelungen bezeichnen.
1393 1477 2575 1548 tion erlernte und daneben privat musikalische Studien
506 1477 626 1568 0
649 1491 977 1580 Liebelei.
2640 1495 3296 1580 Die Absicht, das Tempo der R
1396 1509 2586 1591 trieb. Nach seiner eigenen Aussage führten bereits damals
2560 1545 3303 1617 wirklichte sich nur in wenigen Fälle
355 1565 1403 1623 in drei Akten von Franz Neumann, Tert von Artur
1397 1565 2579 1640 Militärkopellen Kompositionen von ihm auf, „während
192 1564 311 1629 (Op
2567 1596 3311 1669 diesem Sprechsingen größtenteils ei
381 1612 1388 1688 Fr. — Erstaufführung in der Volksoper 14. Oktober 1913.)
1389 1599 2575 1679 er selbst in alle größeren Hotels und Gasthäuser Wurst¬
2568 1637 3308 1700 an. Besonders auffallend ist die
1389 1641 2582 1733 waren zustellen mußte“. Es erging ihm also ähnlich wie
294 1655 1392 1731 Die Vollsoder läßt im Reigen der diesjährigen. Nosi¬
2569 1682 3309 1761 silben, die dem Ganzen ein fremd
189 1699 2578 1767 täten an erster Stelle eine dem Tertbuche nach spezifisch einem der größten böhmischen Komponisten Anton
2559 1734 3299 1800 leihen. Natürlichkeit sollte hier obs
166 1737 2567 1824 wienerische Oper vorbeischweben, ich wähle diesen Ausstuck Dvorak, der ebenfalls Fleischergehilse war, allerdings
2573 1769 3294 1845 gerade dagegen ist in erster Linis
151 1779 2579 1863 mit Bedacht, denn die Muse ist hier etwas leichter geschürzt wenig brauchbar. Wenn er eine Dorfmusik hörte, band er
2566 1811 3305 1879 glaubt man den fremdländischen A
185 1833 2575 1881 Syls ihre gemessener auftretenden Schwestern, in deren Adern die Kälblein, die er zur Schlachtbank führen sollte, an
2566 1865 3302 1935 pernehmen. Oft hat man die Emp
1385 1875 2582 1950 einen Baum, und lief stundenlang den bestrickenden Tönen
206 1870 1403 1945 das schwerflüssigere Blut der dramatischen Tragodie fließt. Es
2566 1901 3180 1980 gesprochene Rede wirksamer.
219 1919 2590 1984 handelt sich um eine Vertonung des gleichnamigen Schauspiels nach. Später ließ er sie überhaupt in Stich und wurde
2644 1940 3295 2001 Neumanns Musik entbehrt im
1386 1957 2583 2033 ein großer Musiker. So hing auch Neumann seine Wurst¬
219 1976 1397 2032 von Artur Schnitzler. Die Persönlichkeit des Text¬
2570 1977 3301 2046 matischen Kraft und des dramatisch
1390 2010 2576 2071 waren an den Nagel und rang sich mit großer Zähigkeit
200 2008 1401 2082 Adichters und sein Werk ist dem Wiener wohlbekannt. Letz¬
2558 2024 3306 2093 haupt. Nicht der Text oder die a
1388 2048 2574 2116 und eisernem Fleiße zu seiner heutigen angesehenen Stel¬
222 2044 1404 2120 ####tes erfuhr zu dem in diesen Blättern anläßlich der Auf¬
2567 2077 3311 2146 mung scheint bei ihm der Vater des
203 2084 2578 2179 Iührung im Burgtheater einer eingehenden Würdigung. lung durch. Er ist Opernkapellmeister in Frankfurt. Von
2558 2125 3298 2187 kens zu sein. Der Instrumentalsatz
216 2133 2575 2209 Füglich kann eine nochmalige Aufzählung seiner Licht. Geburt ist er Oesterreicher, zu Proßnitz in Mähren ge¬
2567 2151 3292 2215 in die bereits fertiggestellte geschlos
205 2173 1569 2247 und Schattenseiten entfallen. Bekanntlich spielt das Stück boren.
2568 2201 3304 2271 der Text mehr oder minder geschickt
1471 2208 2577 2281 Bei der Komposition eines als Schauspiel gedachten
218 2228 1408 2286 in den Wiener Gesellschaftskreisen, d. h. es befaßt sich mit
2566 2249 3298 2313 Dadurch ergibt sich an vielen Steile
206 2266 2577 2339 dem Verhältnis junger Lebemänner aus feineren Fami= Textes hat sich Neumann an ein Problem gewagt und
2571 2285 3303 2350 Kontrast zwischen Ausdrucksform ##
214 2308 2577 2377 lien mit Damen der Halbwelt. Die Devise dieser Bozie= dieses erregt hier zunächst unser besonderes Interesse.
2569 2318 3309 2406 schen Momenten erklingt im Orch
217 2347 2584 2430 hung spricht der Leichtere der beiden jungen Herren aus. Einer musikalischen Empfindung steht das unmusikalische,
2575 2373 3308 2449 wie zu Worten nüchternster Prosa.
210 2392 2581 2465 Sie gipfelt in dem etwas merkwürdigen von verzwickter poetisch überhaupt indifferente Wort gegenüber, wie es
2572 2426 3311 2493 sich dies bei Textbüchern wie sie
1390 2422 2580 2495 ja in Schauspieldialogen ganz am Platze ist. Es ist voraus¬
205 2443 1413 2498 Psychologie triefenden Satz: „Wir hassen nämlich die
2556 2473 3300 2543 „Liebelei“ typisch sind, als die ein
212 2475 2582 2556 Frauen, die wir lieben — und lieben nur die Frauen, die zuschicken, daß der Komponist das ganze Schauspiel mit
1393 2512 3296 2589 Haut und Haar komponiert hat, ohne jede textliche Ver= tionsform darstellt. Bei Puccini fi
200 2536 1405 2616 uns gleichgültig sind“ Hol's der Fuchs! Entweder ist dies
2570 2557 3303 2623 Untermalung nur mit dem Unter
1390 2570 2583 2629 änderung. Einer solchen Vertonung muß natürlich die
208 2572 1398 2628 etwas Neues, oder die Variation einer alten Wahrheit,
2570 2592 3295 2652 das musikalische Gemälde aus der
1388 2601 2570 2671 Musik in ihrer reinsten Erscheinungsform widerstehen.
205 2591 1375 2672 daß nämlich „vom Haß zur Liebe nur ein Schritt ist“
2567 2637 3272 2704 Textes herauswächst, während
205 2647 2572 2739 Wenn der junge Theodor das meint, dann möchte ich ihm Des Rätsels Lösung bestünde also in der Schaffung einer
2569 2663 3306 2750 Oper die Tertstimmung neben de
210 2695 2581 2777 doch das Studium von Psychologie und Logik empfehlen, Kompositionsweise, deren Gestaltung von ästhetischen,
2566 2715 3310 2793 geht, vielfach ohne innere Berühru
203 2726 2581 2815 Der langen Rede kurzer Sinn ist Ehebruch und tödliches einheitlich zusammenschließenden Prinzipien ausgehen
2553 2770 3301 2827 Vereinigung gibt natürlich eine bös
1398 2786 2576 2840 müßte. In unserm Falle darf also die Kompositionsart
206 2796 1403 2857 Duell. Daneben eine „harmlose“ Liebelei. Fritz läßt sich
2563 2811 3303 2887 jedoch dramatisch wird, so übersteig
1392 2819 2578 2887 wohl auf dem Sprechgesang beruhen, sich aber nicht das
213 2832 1414 2899 einer verheirateten Frau wegen, die er liebt, im Zwei¬
2564 2849 3292 2917 gegenstandslosen Szenen leicht das
1389 2868 2578 2929 hohe Pathos des Wagnerdramas zum Vorwurf nehmen,
205 2876 1402 2952 kampf erschießen und seine „Freundin“ Christine, die ihn
1392 2902 3291 2981 sondern eben den leichteren Konversationsstil unserer Man schwört doch nicht sofort bei #
205 2909 1398 2986 wahrhaft liebt, begeht Selbstmord. Die dazwischen liegen¬
2565 2946 3278 3009 ruft Himmel und Hölle an, um
207 2959 2586 3021 den seelischen Konflikte füllen die Handlung aus. Das modernen Sittenstücke, deren Darsteller sich in Frack und
218 2981 3294 3066 Motiv ist also nicht besonders originell und nur die Dar= Claque präsentieren. Die Zwittergestalt des Melodrams, machen, daß man seinen Hut verge
215 3015 3295 3108 stellungskunst Schnitzlers macht das Schauspiel künstlerisch das von charakterisierender, vertiefender und steigernder diese dramatische Ausdrucksweise e
219 3069 3230 3161 einigermaßen genießbar. Von rein ideellen Werten abge¬ Instrumentalmusik begleiteie Sprechen zur singenden den gewönlichen Theatereffekt.
2645 3101 3290 3178 Vom musikdramatisch
209 3127 2580 3192 sehen ist manches hochdramatisch empfunden und von Rezitatzion oder zum sprechenden Singen auszubilden ist
210 3174 3297 3249 dementsprechender Wirkung. Vieles riecht nach Theater. der Hein der Aufgabe. Gewiß ein lohnender Versuch, läßt sich die Komposition also kaun
