3436 4320
292 158 685 232 Liebelei
275 220 698 278 Ssesese en teretietet eetetersesene
853 154 1273 250 box 13/1
743 582 1586 652 ule mehr als recht gegeben. Zwei Mitglie¬
1595 579 2489 665 stätten und stellten fest, daß 270 Jünglinge über¬
691 647 1583 699 ver der Kommission, die das Treiben der männ¬
1600 647 2495 705 haupt nicht wußten, wie man sich in Restaurants
678 677 1577 740 lichen Jugend in den Verkehrsgelegenheiten be¬
1591 690 2492 747 zu benehmen habe, 405 junge Herren nahmen den
687 729 1578 797 obachten sollten, konstatierten, daß 105 Jünglinge
1588 727 2502 779 Hut während des Essens nicht ab, und 360 steckten
696 775 1573 822 sich mehr als impertinent schutzlosen Frauen gegen¬
1602 776 2501 821 während des Speisens das Messer in den Mund.
692 819 1583 880 über benahmen. Von 100 Herren hatten kaum 39
1633 817 2504 873 Graf Condillas hat den Betrag der gewonnenen
695 866 1579 925 ihren Sitzplatz Damen überlassen. Diese Kava¬
1600 858 2503 908 Wette der Jugendfürsorge überwiesen mit dem Er¬
1601 903 2512 970 suchen, in zivilisatorischem Sinne der alten Schule
688 902 1587 968 liere befanden sich aber bereits in sehr gesetztem
689 945 2161 1016 Alter. Andere Rechercheure besuchten die Gast= auf die Zöglinge einzuwirken.
1812 1096 1939 1198 77
1250 1180 1861 1284 Medeiel.
1171 1270 2016 1374 Araufführung im Primus=Palast.
679 1342 1594 1420 V Im Dreivierteltakt hebt die Handlung an, um
1602 1328 2515 1425 Ensemble um sich scharte. Evelyn Holt ist
1609 1402 2511 1457 das blasse Wiener Kind, hold und innig, glückhaft
679 1408 1591 1463 In schmerzlicher Dissonanz zu verklingen. Aber
696 1443 1601 1499 auch die lebhafteren Akkorde sind gedämpft vone
1606 1450 2519 1492 und selig, immer schlicht und zurückhaltend —
691 1479 1592 1550 weicher Stimmung, von leiser Melancholie. Eng
1602 1481 2514 1532 Louis Lerch der Student Fritz Lobheimer, der
702 1529 1595 1573 verbunden ist alles: Holder Betrug, schluchzendes
1608 1532 2515 1586 junge, melancholisch angehauchte Elegant, der zwi¬
702 1572 1592 1642 Weh, zärtlicher Leichtsinn, sterbende Liebesworte.
1608 1576 2517 1624 schen den beiden Frauen einherpendelt. Ergrei¬
1616 1612 2513 1667 fend die Abschiedsszene, wo er erkennt, daß diese
696 1619 1601 1662 Zauberhaft ist diese Welt, das Wien von einst,
1606 1661 2523 1712 letzte Liebelei sein Glück sein konnte, wo er fühlt,
696 1654 1591 1713 dem die jungen Elegants und die süßen Mädels
1616 1698 2519 1749 daß er von dem Duell nicht mehr zurückkehrt.
1609 1744 2526 1793 Menschlich ungemein wahr und rührend Karl
1615 1785 2530 1842 Platen als Diener, Jaro Fuerth als alter
1619 1829 2524 1889 Cellist. Sympathisch Henry Stuart, der
1609 1869 2514 1915 lebenslustige, getreue Kamerad des Helden, scharf
1605 1916 2529 1975 charakterisiert der Bankier Velten von Robert
1612 1952 2517 2018 Scholz. Schauspielerisch wohl die stäxkste
1611 2007 2524 2054 Leistung aber ist Vivian Gibson, die die
1610 2040 2517 2086 schöne Bankiersgattin verkörpert, mit reizvollem
1617 2081 2539 2133 Raffinement und raubtierhaftem Instinkt, mit
1612 2128 2526 2188 heißer Leidenschaft und abweisender Kühle. Das
1612 2166 2527 2230 Künstlertum Vivian Gibsons zeigt klar erkennbare
1615 2194 2621 2283 Aufwärtsentwicklung. — Der Film fand wohl¬
1618 2253 2002 2320 verdienten Beifall.
2337 2245 2554 2335 hew.
1609 2320 2500 2454 Zum 25. Male „Meiseken“.
1647 2451 2528 2523 Im Theater in der Klosterstraße gestaltete sich die
1607 2494 2517 2559 25. Aufführung von Hans Alfred Kihns ergötz¬
1618 2537 2467 2591 licher Kleinstadtkomödie „Meiseken“ z
1620 2573 2523 2639 einem stürmischen Heiterkeitserfolg. Ein zahl¬
1615 2628 2516 2688 reiches Publikum folgte amüsieri den gewitter¬
1620 2669 2517 2711 schweren Ereignissen in Mückenwalde, bei denen
1617 2705 2514 2764 eine Torheit die andere ablöst, Rentenschiebung
1628 2764 2521 2814 gegen eine kleine eheliche Entgleisung ausgespielt
1624 2799 2527 2845 wind. Besonderen Beifall fanden Marie Bor¬
1618 2830 2520 2887 chardt als derb kokette Wirtin Karchow und
1620 2875 2519 2947 Max Bing als draufgängerischer Fabrikant
1625 2917 2510 2977 Bostelmann. Sehr gut im Spiel waren Franz
1620 2956 2513 3008 Sondinger als phisosophisch abgeklärter
1624 3007 2517 3081 Assessor Tetzen und Werner Gille als paragra¬
1622 3059 2341 3116 phenschnüfselnder Referendar Sanisil3.
857 3051 1448 3137 Robert Scholz und Bivian Gibson.
696 3149 1595 3221 das Gepräge gaben, wo Weltstadt und stiller
1781 3143 2342 3234 Der Amzug der Afa.
695 3212 1592 3266 Winkel beieinander waren, Raffinement und
1648 3215 2521 3273 Der seinerzeit angekündigte Umzug der
695 3252 1594 3314 Schlichtheit. Und ganz fern, kaum hörbar, erklin.
1616 3255 2525 3321 Ufa von der Köthener Straße nach der Kech¬
1609 3301 2525 3353 straße 6, 7 und 8 findet in diesen Tagen statt.
705 3290 1596 3371 gen ein paar wiegende Takte, die gewissermaßen
1612 3339 2523 3377 Der Umzug verfolgt den Zweck, die Ufa in das
703 3338 1240 3397 den Gründrhythmus geben.
1619 3377 2524 3417 Herz des Berliner Filmviertels zu verlegen und
724 3366 1593 3449 So ist Schnitzlers Bühnenwerk, und fast so ist
1618 3416 2526 3463 zugleich alle Betriebe der Ufa einheitlich an einer
686 3413 1596 3487 dieser Film. Bei Schnitzler liegen die Feinheiten
1616 3451 2529 3492 Stelle zusammenzufassen. Um durch die Ueber¬
694 3476 1595 3532 im Dialog, im Film wurde das rein Gegenständ¬
1623 3486 2532 3543 siedelung keine große Störung der laufenden Ar¬
696 3509 1598 3576 liche, die Handlung als solche betont. Aber es
1618 3519 2535 3579 beit herbeizuführen, werden die einzelnen Abtei¬
701 3558 1594 3608 gibt keine peinlichen Schärfen, keine Unwahr¬
1613 3571 2537 3625 lungen an verschiedenen Tagen umzlehen, und
1620 3601 2529 3653 zwar ist der Umzug wie folgt organisiert:
705 3603 1600 3654 scheinlichkeiten. Der Schimmer sentimentaler
1609 3633 2526 3689 17. März: Bauabteilung, 19 und 20. März: Ver¬
698 3641 1597 3703 Dämmerstunden ist auch im Film noch erkennbar,
1613 3680 2536 3739 leihabteilung, 21. März: Auslands= und Presse¬
700 3684 1599 3731 die zarten Schwingungen zittern immer noch leise
1625 3709 2530 3761 abteilung, 22. März: Theaterabteilung. 23. und
706 3729 1593 3801 herüber und greifen ans Herz, daß verstohlen die
1625 3755 2524 3810 24. März: Buchhaltung, 25. März: Personal= und
699 3769 991 3839 Träne kommt.
1611 3790 2523 3854 Produktionsabteilung, 26. März: Direktion,
727 3797 1600 3874 Ausgezeichnet das Manuskript Herbert Jutt¬
1618 3838 2522 3888 Rechtsabteilung, Sekretariat. Der Umzug wird
694 3863 1599 3926 kes und Georg Klarens, vortrefflich auch die
1616 3881 2532 3932 also am 26. März beendet sein. Die Telephon¬
1604 3908 2406 3955 nummern bleiben die gleichen wie bisher.
683 3908 1604 3960 Regie J. und L. Flecks, die ein glänzendes
695 4000 1609 4054 brüll, ein wütendes ebelle — danngeht uns
1621 3998 2555 4052 nach der besten Gelegenheit zum Stoß — beide
676 4005 2304 4114 I das Tier dovon. Estinkt tief in den Schnee ein, schwarz, sottie einanbes Rhalf4 „
