3484 4224
243 91 795 174 5. Liebelei
390 162 803 216 „
236 3475 313 3592 0
356 3461 1105 3609 Theater und Musik.
320 3621 1209 3691 [„Liebelei.“ Von Arthur Schnitzler.] (Gast¬
239 3676 1212 3741 spiel Medelsky— Frank.) Seitdem namhafte
223 3738 1211 3785 Kunstkritiker als das Ausgezeichnete an der Kunst
238 3780 1217 3839 Voethes deren Anschaulichkeit gepriesen haben, haben
226 3825 1212 3893 wir uns gewöhnt, bei der Beutteilung künstlerischer
225 3890 1207 3940 Kräfte uns nach deren Fähigkeit zu fragen, Erschei¬
224 3933 1209 3980 nungen des Lebens anschaulich wiederzugeben. Wir
237 3973 1219 4046 verlangen nicht mehr, daß die Bedeutung einer Si¬
230 4015 1209 4094 tuation, die Qualen und Freuden einer Seele, die
941 82 1377 178 box 11/2
1203 850 2182 921 griffen und bewegt von der eindringlichen Darstel¬
1201 900 2171 957 lung wirklichen Lebens, von der Kunst, die den leb¬
1199 957 2178 1014 haftesten Ausdruck ihres seelischen Inhaltes in ein¬
1203 998 2187 1057 zelnen Stellungen des Körpers, im Augen= und Mie¬
1208 1050 2185 1108 neuspiel, in scheinbar flüchtigen Bewegungen, im
1209 1105 2183 1159 wechselnden Tonfalle des Sprechens und Lachens,
1198 1142 2187 1207 in einzelnen von Gefühl und Leidenschaft zitternden
1211 1198 2188 1251 Ausrufen sucht und findet, in jenen Geberden, welche
1205 1245 2186 1302 scheinbar die trivialen Gewohnheiten und Willkürlich¬
1208 1305 2184 1361 keiten des Körpers, in Wirklichkeit aber die knappsten
1203 1345 2185 1401 und konzentriertesten Ausdruckformen feelischer Be¬
1205 1389 2186 1464 wegungen sind. Weit mehr als durch die pathetische
1211 1440 2184 1502 Kunst einer Klara Ziegler werden wir durch die ein¬
1215 1492 2186 1557 fache naturwahre Kunst einer Else Lehmann oder
1212 1543 2192 1600 Karoline Medelsky ergriffen. Sie entspricht in
1212 1588 2195 1643 hohem Grade jenem Goethe'schen Ideale der An¬
1213 1636 2191 1697 schaulichkeit. Die Medelsky fügt ganz unauffällig
1215 1689 2192 1743 einen die darstellende Person und die Situation
1200 1733 2191 1804 scharakterisierenden Zug an den anderen, dabei zieht
1212 1790 2203 1858 sie uns durch die Echtheit und Ergriffenheit, mit der
1206 1843 2194 1899 sie gestaltet, unwiderstehlich in den Bannkreis ihrer
1205 1883 2199 1957 Seele. wir lieben und trauern, hangen und sehnen
1207 1927 2190 1997 uns mit ihr. Diese ganz unsagbare schlichte und
1209 1983 2198 2053 sympathische Schauspielerin beherrscht mittels einer
1220 2035 2197 2091 leisen Handbewegung oder eines Blicks ihrer Augen
1208 2086 2203 2140 die Situation, deren seelischen Inhalt sie restlos aus¬
1218 2132 2202 2201 schöpft. Wenn sie voll banger schmerzensvoller in¬
1224 2186 2200 2244 niger Liebe den Geliebten anblickt, ihn mit ihren
1210 2236 2199 2295 Blicken begleitet, umschmeichelt, durchforscht, wenn sie
1210 2274 2204 2339 mit linkischer Ausgelassenheit und halb hausmütter¬
1217 2326 2202 2388 licher, halb verliebter Geschäftigkeit bei den Vorbe¬
1215 2381 2197 2457 reitungen und Veranstaltungen des Junggesellen¬
1224 2426 2204 2484 abends mithilft, wenn sie in ihrer nicht durch die
1212 2488 2199 2545 Dirnenmanieren einer Schlager=Mizzi geglätteten
1212 2519 2220 2596 stoßweisen Art lacht, wenn sie in scheuer Inbrunst
1215 2571 2215 2644 einen Kuß auf des Geliebten Bild drückt, wenn sie,
1212 2619 2195 2699 bei dem klavierspielenden Freunde steht und die Hal¬
1215 2673 2208 2726 tung des Körpers den Wechsel der Stimmung im
1227 2723 2203 2780 Spiele mitmacht, dabei die innige Teilnahme für
1218 2787 2211 2835 die Kunst und die Launen des Geliebten ausdrückend,
1212 2838 2206 2891 wenn sie in jungfräulicher Verlegenheit und über¬
1222 2874 2217 2936 flutender Zärtlichkeit sich dem Glück des Augenblickes
1225 2923 2221 2985 hingibt, wenn sie endlich von Jammer und innerer
1223 2970 2210 3032 Verzweiflung durchbebt und zerstört wird, wenn sie
1223 3017 2217 3067 den Schmerz der Todeswunde, die ihre zarte Seele
1237 3070 2223 3125 verletzte, herausschreit, dann ist die Medelsky im
1239 3119 2218 3181 höchsten, im denkbar höchsten Grade erschütternd und
1237 3178 2219 3235 im höchsten, im denkbar höchsten Grade einfach wahr
1235 3221 2214 3273 und echt. Wir beugen uns in Demut und Ver¬
1235 3260 2213 3321 ehrung vor dieser großen Kunst lanterer Wahrheit
1233 3310 2216 3368 und Jnnigkeit, die ihr großes Können nur eigener
1244 3361 2217 3422 Ergriffenheit, ihre künstlerische Höhe nur mensch¬
1235 3412 2213 3471 licher Tiefe verdanken kann. Herr Frank zeichnete
1243 3464 2221 3524 geschickt die Zerfahrenheit und posierte Stimmungs¬
1236 3523 2220 3577 duselei des Fritz, er vermochte es aber nicht, die
1237 3558 2221 3621 Fülle an guter Beobachtung, die in diesem koketten
1234 3602 2206 3672 Melancholiker steckt, zu voller Wiedergabe zu beingen.
1232 3651 2207 3724 Sehr gut war Herr Huttig als Theodor, fesch,
1246 3703 2221 3775 fahrig und gewandt im ersten Akte, voll Haltung, aus
1243 3759 2223 3820 der doch Herzensrohheit in bestimmten Andeutungen
1232 3803 2214 3860 hervortrat, im letzten Akte. Auch seine Partnerin
1235 3852 2215 3914 Frl. Kern ist in der Rolle der Mizzi Schlager, die
1250 3913 2217 3966 sich allerdings fast von selbst spielt, zu loben. Sie
1237 3952 2221 4005 war degagiert und hatte den Humor der Rolle gut
1228 4000 2216 4066 erfaßt. Ein ernstes Streben nach Einfachheit zeigt
1394 4043 2218 4093 steller des alten Musikers Herr Lenhart.
2201 816 3189 916 Kraus (Berlin), Moest (Hannover), Reiß (New¬
2206 892 3178 956 York), van Rooy (New=York). Die musikalische Lei¬
2209 959 3182 1009 tung für den Ring des Nibelungen und die Mei¬
2201 989 3178 1062 stersinger von Nürnberg ist Herrn Generalmusik¬
2213 1040 3189 1098 direktor Felix Mottl und Herrn Hoftapellmeister
2215 1091 3193 1160 Fischer übertragen, diejenige für Tannhäuser dem
2208 1134 3191 1210 Herrn Hofkapellmeister Dr. Richard Strauß (Berlin).
2204 1192 3191 1241 Die musikalische Leitung der Mozart=Festspiele liegt
2208 1237 3188 1306 in den Händen der Herren Generalmusikdirektor
2210 1286 3198 1359 Mottl und Kgl. Hofkapellmeister Röhr. Programme
2211 1347 3194 1399 und Besetzungspläne sind durch die Generalagentur
2201 1395 3190 1452 Reisebureau Schenker & Ko., München, Promenade¬
2210 1433 3195 1496 platz 16, zu beziehen, wohin auch die Billettbestel¬
2211 1487 2654 1564 lungen zu richten sind.
2389 1619 3039 1713 Theater-Spielpläne.
2439 1705 2950 1781 Teplitzer Stadttheater.
2521 1767 2866 1839 (Anfang 7 Uhr.)
2211 1843 3192 1914 Mittwoch den 11. d.: 1. Gastspiel der kleinen
2296 1889 3194 1963 Tänzerin Rubi Friese. Dazu: „Unter 4 Au¬
2293 1948 2653 2038 gen. „In Zivil.“
2223 2007 3198 2082 Donnerstag den 12. d.: Letztes Gastspiel Rudi
2299 2080 2945 2154 Friese. Dazu: „Wien bei Nacht.“
2229 2141 2883 2218 Freitag den 13. d.: Geschlossen.
2233 2209 3193 2278 Samstag den 14. d.: „Im bunten Rock.“ (Gast¬
2305 2258 3197 2339 spiel Josefine Glöckner — Leopold Kramer vom
2303 2316 2938 2394 Deutschen Volkstheater in Wien.
2227 2371 3216 2467 Sonntag den 15. d.: „Drei Erlebnisse eines
2314 2443 3207 2531 englischen Detektivs". (Letztes, Gastspiel Glöck¬
2301 2510 2644 2577 ner — Kramer.)
