3484 4256
356 168 731 245 Liebelei
206 178 745 291 5. Jin en aen
876 143 1305 237 box 13/3
629 1308 1464 1405 „OBSERVER
733 1403 1417 1446 I. österr. behördl. konzessioniertes
685 1439 1446 1508 Unternehmen für Zeitungs-Ausschnitte
766 1493 1372 1568 WIEN, I., WOLLZEILE 11
833 1559 1304 1610 TELEPHON R-23-0-43
631 1660 1490 1750 Ausschnitt aus: Ariiellerzeitung, Wien
918 1821 1378 1947 23 FEB.1333
635 1896 793 1968 vom:
648 2064 1496 2201 Kunst und Wissen
707 2209 1494 2326 Schnitzler=Abend im Theater :
871 2294 1297 2376 in der Tasefstadt.
674 2337 1518 2424 Von der Aufführung des Puppenspiels
628 2409 1521 2468 „Der tapfere Cassian“ in der Josefstadt, unter
619 2448 1524 2527 der Spielleitung Paul Kalbecks, durfte man
628 2502 1508 2558 erwarten, daß die dunkle Unheimlichkeit des in
631 2558 1510 2608 den dämmerigen Grenzgebieten zwischen Schein
621 2597 1518 2661 und Sein gespensternden Gelenkfigurenspiels
621 2641 1512 2704 stark und bezwingend zum Ausdruck gebracht
630 2706 1518 2751 würde. Diese Erwartung wurde nicht erfüllt, die
619 2741 1514 2806 Aufführung haftete lediglich am Grotesken; das
629 2791 1100 2858 war eine Enttäuschung.
679 2823 1524 2898 Die Tragik von Artur Schnitzlers „Liebelei“
636 2882 1535 2969 die die Hauptgabe des Abends war, ist die Tragik
627 2934 1534 3001 Fritz Lobheimers, der über der schmerzhaften Liebe
623 2982 1546 3048 zur verhängnisvollen Dame, die er nicht mehr
635 3025 1530 3085 besitzt, den reserveoffizierlichen Duelltod erleiben
628 3072 1542 3152 muß, bevor er auch nur recht zur bewußten
630 3132 1533 3189 Ahnung kommt, welch ein Schatz ihm in der
634 3168 1540 3244 echten Liebe des einfachen Mädels Christine, die
635 3227 1545 3289 nur so als Ersatz= und Trost=„Liebelei“ dienen
642 3276 1036 3342 sollte, geboten würde.
689 3298 1549 3369 Die Tragik der „Liebelei“ ist eben auch das
631 3345 1540 3428 tragische Schicksal dieser Christine, die dem
632 3380 1544 3460 kurzen Liebestraum ihr ganzes reiches Herz auf¬
644 3448 1548 3527 opfert. So wenig Hans Thimig diesen Fritz
641 3498 1508 3572 Lobheimer plastisch zu gestalten vermag, si
634 3553 1538 3614 wunderbar erschütternd erfüllte Paula Wessely
635 3589 1559 3673 das aus der Liebelei zum Weib erwachte Mädel
648 3634 1544 3718 aus dem Volk mit allen Weihen glückseliger Hin¬
649 3680 1549 3757 gabe und unendlichen Schmerzes. Paula Wessely,
643 3739 1541 3808 die eigentlich das Ereignis des Abends bot, hatte
647 3776 1538 3845 in dieser Rolle ein paar ganz große Augenblicke.
646 3806 1560 3902 Hugo Thimig war ein sehr liebevoller und
1817 461 2662 560 „OBSERVER
1928 551 2607 605 I. österr. behördl. konzessioniertes
1878 596 2638 672 Unternehmen für Zeitungs-Ausschnitte
1951 660 2570 720 WIEN, I., WOLLZEILE 11
2032 716 2502 773 TELEPHON R-23-0-43
1835 843 2212 914 Ausschnitt aus:
1950 946 2483 1027 Preiheit, zien,
2200 1049 2579 1134 23.2.1933
1836 1069 1982 1134 vom:
1987 1231 2674 1319 Theater in der Josefstadt
1964 1297 2710 1377 „Liebelei“ und „Der tapfere Kassian“.
1823 1343 2940 1413 Man kennt und schätzt diese zwei echten köstlichen jung ge¬
1749 1389 2948 1465 bliebenen, Theaterstücke des bedauerlicherweise viel zu selten
1755 1461 2950 1519 aufgeführten wundervollen Wiener Dichters Arthur Schnitzler.
1755 1508 2942 1563 Die alte Residenzstadt an der Donau ist so ganz anders gewor¬
1756 1559 2939 1639 den, aber die herrliche, Kunst eines Schnitzler ist leuchtend zärl¬
1758 1606 2431 1657 lich geblieben, wie am ersten Tag.
1826 1646 2959 1713 Die erschütternde einfache „Liebelei“ ein dramatischer
1752 1697 2959 1785 Traum aus der Vorkriegszeit,##dmehr an dieser Stätte
1763 1756 2948 1833 eine vorbildliche, gute Darstellung. Paula Wessely ist das herb¬
1761 1803 2953 1867 süße Mädel, das immer mehr an ihre unvergeßliche Tanie,
1757 1858 2944 1937 die vergötterte Burgschanspielerin, Wessely erinnerte, Nehen
1754 1910 2939 1982 ihr wäre noch der nunmehr in die erste Schauspielerreihe auf¬
1748 1966 2925 2022 gerückte Heinrich Schnitzler zu erwähnen, der als „Theodor“
1743 2013 2945 2059 einzigartig die Inientionen seines großen Vaters zu sprühen¬
1741 2054 2928 2146 dem Leben erweckt. Hier wächst siegessicher eine ganz große
1750 2100 2094 2175 Begabung heran.
1822 2140 2939 2238 Die Herren Hugo Thimig, Hans Thimig, Hübner, Neuge¬
1753 2209 2936 2291 bauer, ferner die Damen Czepa, (die ganz besonders talentiert
1759 2261 2936 2351 ist) und Rosar spielten förmlich ideal ihren Arthur Schnitzler.
1745 2297 2153 2379 wie er zu spielen ist.
2703 2322 2906 2403 L. Ein.
1532 2503 2419 2572 gütiger, aber wenig wienerischer Vater. Der
1524 2560 2421 2609 Sohn des Dichters, Heinrich Schnitzler, traf
1525 2594 2425 2654 als Freund Theodor die resigniert gehaltene,
1531 2640 2435 2691 etwas elegisch blasierte Lebemännlichkeit der
1537 2689 2427 2752 Wiener bürgerlichen Jugend um die Jahrhundert¬
1523 2742 2382 2825 wende mit nahezu vollkommener Einfühlung.
2231 2781 2397 2853 O. K.
