3436 4224
383 84 466 149 4
798 114 1248 228 C
1281 126 1557 217 S
1679 143 1777 209 u r 5
2224 164 2286 219 44
3116 178 3271 253 de
653 180 1226 299 S
843 202 1682 349 S
360 247 809 371 K
609 301 863 389 M
2744 344 3104 427 SOf
3170 338 3241 442 X
442 386 738 478 E
822 405 898 484 #1
368 437 414 484 *
2896 487 3364 577 Vienne ha
812 518 1273 649 S
1647 540 1793 617 40
2716 553 3333 638 Timagination
2281 643 3296 740 searistes
2848 699 3365 784 la choisiss
867 732 1092 820 W
2948 775 3366 858 pour ca
1033 785 1140 856 S
1720 793 1853 874 4
1068 830 1222 891 „
3051 845 3361 931 de le
1081 890 1217 946 S
986 869 1096 929 T#
3285 922 3348 991 11
3113 907 3274 996 ist
358 1089 461 1166 1
1728 1111 2186 1189 S
523 1165 1132 1216 des villes predestinees. Venise
360 1171 1127 1252 P„blige les poctes à rivaliser de lyrisme.
347 1232 1131 1275 #eine demeurera jusqu'à la fin des siecles
354 1266 1135 1320 in Ville Eternelle, histoire de justifier son
345 1312 1124 1355 nom. Paris, en depit de tontes les erises,
341 1338 1136 1386 reste la Ville-Lumière. Et Vienne hante
336 1376 1124 1416 Pimnagination des scénaristes, qui la choi¬
359 1405 1053 1457 siesent pour cadre de leurs histoires.
1393 1395 1542 1473 A
393 1435 1124 1483 Vienne doit à son clegance, à son ama¬
349 1460 1138 1524 Tulite souriante, a ses valses et a ses lemmes
347 1511 1128 1548 cette reputation de gräce legère, de hin
343 1532 1127 1586 epieurisme. i faut entendre quiconque a
355 1573 1132 1615 vovage murmürer: eAh! les Viennoises!„
341 1610 1136 1649 ##vec la componction extasiée d'un gourmet
3006 1573 3083 1689 1
346 1651 1127 1697 aus evoque un dessert de choix. Elles
347 1674 1130 1717 aiment lamour, la danse, la gaité. A unc
349 1716 1126 1748 epoque on la mode universelle imposait
347 1747 1127 1796 anx femmes de tout pavs une maigreur
344 1780 1132 1821 uniforme et un teint d’ocre on de manda¬
349 1818 1132 1866 rine, elles eurent la sagesse de demeurer
356 1851 1119 1896 üdeles à leur blancheur rosee, à leur blon¬
348 1888 1120 1936 deur dorée, à leurs rondeurs harmonieuses.
1140 1882 1629 1940 lavandières chantant un
348 1916 1121 1967 Lt ceux qui les cherirent à cause de ccla
1144 1923 1621 1970 lied autour d’une fon¬
373 1953 979 1987 Den sonviennent avec gratitude.
1145 1955 1647 2007 taine, lautre aristocra¬
400 1986 1119 2028 Vienne est toute bruissante de musique
2281 1960 2364 2043 800
1147 1994 1289 2039 tique,
1340 1992 1669 2040 les salons de la
339 2018 1118 2064 mousseuse, bien rythmée, qui agit sur les
1142 2020 1686 2073 princesse Kinsky, miroitants,
2198 2014 2267 2073 650
343 2054 1124 2101 etres comme un bain sonore d’optimisme.
1142 2059 1691 2112 imposants, dorés sur tranche.
2203 2079 2259 2122 8500
2101 2086 2180 2130 W
2017 2085 2084 2128 8
353 2091 1125 2133 Crovez-vons que le famenx Congrès de 1815
1149 2095 1746 2141 Chanson d’mour nous montre
351 2123 1121 2172 se füt tant amuse s’ils’était tenn dans unc
1144 2130 1782 2179 encore, mais cette fois sous des
346 2156 665 2206 autre capitale?
1149 2161 1824 2200 traits plus admissibles, le genial
1939 2179 2140 2246 S
390 2184 1125 2228 Et voici poindre, des 1823, la dvnastie
1140 2191 1928 2253 Viennois qui devait mourir si jeune, en
335 2202 429 2267 dle:
430 2226 1129 2274 Strauss, dont les valses endiablées
1140 2227 1750 2279 laissant un bel héritage musical.
338 2263 1119 2304 courent encore le monde, sans jamais
1181 2258 1913 2309 C’est à Vienne que le pauvre Hugo
351 2297 1117 2335 vieillir. Johann Strauss ie Père, vons lavcz
1139 2293 1912 2350 Wolf, si méconnn de son vivant, ecrivait
2029 2281 2824 2384 — „
347 2324 1119 2376 tons vu débuter dans l’orchestre de Lanner,
1145 2337 1918 2376 ses lieder enfiévrés... C’est à Vienne aussi
339 2362 1116 2404 ##t rivaliser avec son maitre, dans Zn
1138 2376 1918 2416 (mais elle n’aime guère qu’on le lui rap¬
350 2400 1114 2435 Guerre des Pulses, d’on il devait sortir
1139 2394 1915 2447 pelle...) que l’étincelant Mozart mourut
349 2433 1121 2476 einquenr. En peuple qut se passionne
1143 2442 1913 2476 pauvre et fut jeté à la fosse commune.
345 2467 1115 2510 ainsl pour ou contre un chef d’orchestre
1145 2470 1917 2510 Vienne, ville legere, inconsciemment cruelle
341 2499 1126 2545 est un peuple heurenx.,, II méritait bien
1137 2501 1501 2552 et parfois ingrate
348 2529 1120 2585 gue ce Johann Strauss lni donnät un file
1179 2528 1919 2580 Bientôt, les bosquets du Prater et les
350 2570 1113 2618 Fapable de composer ce Beau Banube Bien,
1137 2569 1920 2621 deux fleches de Saint-Etienne nous seront
342 2608 1123 2656 hommage durable au grand fleuve vien¬
1136 2609 1917 2653 aussi familiers que les Champs-Elysées ou
338 2631 875 2680 hois, orgueil de la viellle eite.
1133 2639 1911 2675 les tours de Notre-Dame. Le Prater... C’est
385 2654 1120 2721 Depuis, c’est de Vienne qu'accourent les
1140 2670 1921 2720 la, sonvenez-vous, que le bel Alekandre de
349 2700 1114 2750 operettes les plus famenses. Franz Lchar,
1141 2716 1906 2753 Russie, entre deux séances du Congrés,
341 2735 1122 2782 sperialiste du genre, inonde la terre de ses
1137 2735 1918 2775 recevait les acclamations des Viennoises
340 2775 1107 2822 vales langonreuses, faciles. Miel, suere,
1139 2775 1920 2822 enamourées. C’est la, un pen plus tard, que
337 2807 1111 2854 Scoalitures et bonbons fondants. Chachn
1136 2813 1918 2859 caracolait le duc de Reischtadt, brillant
349 2841 1125 2877 salt que les conßiseurs ont une clientele
1141 2851 1915 2894 officier qui tournait toutes les tétes fémi¬
345 2874 1124 2920 nombreuse. Franz Lehar aussi. Sa Peupe
1134 2879 1911 2926 hines et composait des valses, lui aussi,
353 2905 1123 2952 Jovense a tous les attraits superficiels et
1140 2917 1845 2952 avant que la maladie ne vint l'abattre..
340 2942 1121 2993 Scharmants de la Viennoise, bien qulil en
1185 2943 1906 2991 Partout, ich, la musique est mélee a
332 2977 1129 3031 #nit kait une étrangere. Et Vienne est la
1145 2983 1909 3027 Tamour. La petite amoureuse de Liebelet, si
342 3003 1098 3052 #rie capitale de tons ces petits royäumes
1137 3020 1892 3063 joliment incarnée par Magda Schneid¬
2534 3007 2744 3065 I WIENA
343 3041 1102 3091 #maginaires et danubiens d’opérettes qu'il
2685 3030 2795 3086 .
1137 3055 1877 3103 ctait fille de musicien d’orchestre et s
2705 3081 2807 3124 7
347 3085 1117 3132 #mis à la mode. Ou situer ailleurs qu'a
1141 3082 1913 3125 préparait à devenir cantatrice. C’est un bal
338 3110 1112 3161 Vienne ce #e#e de Palse d’Oscar Strauss,
1136 3116 1915 3171 masqué qui declenchera toute l'’intrigue de
345 3143 1113 3192 tont seintillant d’uniformes chamarrés, de
1142 3163 1914 3200 Masearade; et, quand le héros de ce film
344 3184 1116 3240 sentimentalité romanesqjue, on Taccent
1142 3178 1916 3234 sera blesse par une maitresse jalouse, c’est
332 3213 1111 3277 parigot de Maurice Chevaler sonne comme
1126 3218 1910 3271 à lOpéra que la tendre Paula Wessely ira
337 3248 747 3300 un accent étranger?
1133 3258 1896 3302 chercher le medeein capable de le sauver..
373 3272 1118 3332 Mais Vienne n’est pas seulement pour
1178 3297 1911 3329 Car l’amour peut, à Vienne comme ail¬
339 3317 1110 3369 les musiciens la terre d’élertion de l’opé¬
1131 3319 1912 3368 leurs, devenir tragique. Dans Liebeler aussi
346 3354 397 3390 PO
414 3354 1112 3405 ##de la valse. Sans doute, aujour¬
1132 3360 1906 3401 bien que dans Muscarade, les maris trompés
373 3386 595 3427 Pili Lolliiit.
1169 3393 1898 3438 ie badinent pas avec Thonneur conjugal.
340 3411 711 3461 goüte encore la
706 3397 1107 3468 joie d’entendre les
1130 3427 1901 3471 lei, l’imprudent n’echappe au chätiment
332 3453 1117 3501 orchestres tziganes, tour à tour volup¬
2052 3436 3356 3510 Une des belles illuminations de la capitale autrichienne: 1’Hôtel de Ville.
1147 3459 1903 3496 que par un laborieux mensonge. La, le
340 3487 1124 3530 tnenx et farouches, tout en degustant des
1136 3485 1901 3535 jeune amant paie de sa vie une liaison dont
1925 3508 3354 3563 Au-dessus: Arletty ct Pierre Mingand, qui incarne johann Strauss, dans une sc
343 3521 1111 3559 chopes de biere.,. Mais ce memne public.
1134 3527 1908 3572 il éteit las, mais que l’éponx entend punir
2490 3546 2902 3607 La Guerre des Valses.
332 3544 1114 3607 qmi dodeline de la tôte pour marquer ja
1138 3562 1797 3611 avec une inflexibilité toute féodale.
332 3588 1113 3629 endence des valses, ira le meine jour6colter,
1176 3590 1893 3636 An lendemain de la guerre, Vienne a
334 3625 1048 3669 Freligiensement, de la grande inusique.
2707 3609 3354 3666 montré une Vienne déchirée pas la
1135 3623 1898 3678 soufiert plus terriblement qu'auchne ville.
1925 3619 2688 3682 beanx uniformes, des parades militaires,
375 3657 1110 3711 Car d’est à Vienne que Becthoven com¬
2718 3664 3336 3710 civile, avec ses maisons éventrées,
1139 3662 1899 3702 da Zue sans Joie nous brossa un äpre
1922 3668 2696 3708 des galas somptueng. Puisque de temps
348 3694 1110 3742 geen son tenvre gigantesque, immortelle.
2710 3697 3355 3742 dats en tenue de tranchées, ses pat
1138 3698 1903 3740 tablean de ses privations, de son desarror
1915 3700 2687 3745 Stait passé, pourquoi ne revivrait-il pas en
485 3728 1111 3777 Vienne que naquit ee von gros
2719 3725 3356 3769 (des soldats viennois sans brande
1128 3734 1900 3771 moral, de son attolement de grande dame
1925 3731 2697 3779 reve, noir et blanc, sur Técran: Les eine¬
341 3765 1116 3809 gargon naif de Schubert, qui, de son
2715 3760 3355 3814 ni pompons, ni bottes souples !). nd
1138 3763 1898 3813 Sürprise par un brusque revers de fortune.
1929 3760 2701 3802 graphistes ont done ressuseite Vienne, Ia
341 3790 1117 3840 #irant, wauratt certes jumais pu deviner
2711 3801 3137 3843 Tavons pas reconnue...
1141 3793 1902 3838 Maisil est bien ditticile d’alterer à jamais
1929 3802 2690 3847 belle capitale des jours heureng, la ville
332 3823 1105 3872 #il deviendrait un jour le heros G’idvlies
2749 3831 3352 3876 Pour les villes comme pour les
1139 3832 1913 3873 lechractere profond d’un peuple, et Vienne
1933 3834 2696 3880 accneillante et coquette, d’nne si seminine
335 3868 1107 3909 romancees! ha Sympäonte Wnacheeer ne
2724 3856 3356 3912 hommes, la legende est decidemen
1134 3864 1893 3904 Kaspirait qu'à renaitre à la joie de vivre..
1922 3874 2694 3921 nonchalance, la Vienne des cabarets, des
333 3885 1095 3946 bous donne que deng mmages de Vienne
2724 3898 3091 3960 forte que Thistoire!
1137 3902 1909 3941 Ln plus vieille dvnastie d’Europe, celle des
1920 3904 2427 3952 valses et des bals masques.
335 3931 846 3986 Pune, presque provineinle.
902 3936 1908 3997 de jennes Habsbeurg, imi avait donné le gont des
1964 3928 2693 3985 Et.quand, eetete, les actnalites nons ont
