3532 4224
496 164 834 240 iebelei
291 170 1419 284 5. L box 10/3
368 600 1480 699 Max Karfunkel's Nachrichten-Bureau„Argus“
448 674 1428 764 Berlin C., Poststrasse 29. Telephon V. 1227.
464 747 1097 820 London. New-York.
1224 748 1402 815 Paris.
398 802 1497 879 (Liest alle Zeitungen der Welt und liefert aus denselben
577 867 1289 932 Ausschnitte über jeden Gegenstand.)
543 953 1134 1066 Königsberg. Hartangsche Zig.
618 1169 1046 1272 Königsberg L. Pr.
718 1338 1072 1458 6-TEB. 96
463 1554 1691 1727 (Atentet- 1on Saisieriatene Geshmust Wine Sane
401 1617 1679 1782 stellers Artur Schnitzler, hat am Diens##g#im „Deuischen Theater“
416 1663 1691 1814 einen tiefgehenden Erfolg gehabt. Das drgaktigel Schaufpitl ist mit
398 1725 1618 1879 dem Geist des „Moderneu“ erfüllt, atmefeever eint Feine Persie.—
420 2356 1547 2477 Max Karfunkel's Nachrichten-Bureau, Argus“
499 2438 1495 2538 Berlin C., Poststrasse 29. Telephon V, 1227.
1286 2509 1464 2581 Paris.
880 2513 1158 2606 New-York.
520 2532 754 2611 London.
442 2589 1565 2676 (Liest alle Zeitungen der Welt und liefert aus denselben
644 2629 1352 2704 Ausschnitte über jeden Gegenstand.)
744 2805 1153 2927 Hamb. Nachrichtoh.
700 3043 1167 3144 Hamburg.
977 3220 1325 3333 6-TEB.96
698 3385 1305 3492 Theater und Musik.
567 3459 1471 3553 E. R. Berlin, den 5. Februar. Im „Deuschen
549 3525 1456 3587 Theater“ hat gestern Arthur Schnitzlers drei¬
540 3569 1456 3624 actiges Schauspiel „Liebelei“ großen Erfolg ge¬
547 3601 1457 3654 habt, der in mancher Beziehung für verdient gelten
537 3634 1462 3697 darf. Die Handlung ist etwas arg haut goüt.
540 3672 1456 3731 Die Vorzüge des Stückes best hen in talentvoller
540 3712 1462 3767 Stimmungsmalerei, in guter Charakteristik und in
541 3742 1455 3830 einer gewandten, zum Theil sogar poetisch ange¬
526 3767 1017 3888 wehten Sproche. „
2369 225 2483 356 3
1947 370 3071 503 Max Karfunkel's Nachrichten-Bureau, Argus“
2018 480 3005 571 Berlin C., Poststrasse 29. Telephon V, 1227.
2046 546 2284 621 London.
2394 536 2670 617 New-York.
2797 553 2976 626 Paris.
1962 608 3073 690 (Liest alle Zeitungen der Welt und liefert aus denselben
2151 670 2862 738 Ausschnitte über jeden Gegenstand.)
2203 761 2738 890 Praukiurter Oder-Zeitung.
2312 991 2667 1081 6• FEB. 96
1913 1410 2176 1488 #  reh as
2015 1463 3158 1587 Am Dienstag wurde im Deutschn Theater des Schauspiel
1902 1487 2433 1580 „Liebelei“ von Arthur
2597 1540 3138 1626 Wzum ersten male aufgeführt,
1911 1549 3148 1643 mit einem starken, warmen Erfglat; eder Beifall war nach dem
1913 1574 3141 1694 zweiten Akte am lebhaftesten, im# ##ten kühlte man sich an einiger
1906 1630 3151 1746 Moral etwas ab, war aber denerfasser für die lustige, rührende
1901 1664 2865 1779 und anregende Stunde schließlich von Herzen vankbar.
1890 2068 3012 2155 Max Karfunkel's Nachrichten-Bureau „Argus“
1976 2136 2947 2228 Berlin C., Poststrasse 29. Telephon V, 1227.
2745 2210 2925 2291 Paris.
2330 2193 2635 2290 Newv-Vork.
1996 2226 2212 2294 London.
1903 2268 3025 2343 (Liest alle Zeitungen der Welt und liefert aus denselben
2103 2327 2811 2401 Ausschnitte über jeden Gegenstand.)
2133 2562 2565 2669 Bresl. Morgen-Zig.
2353 2706 2650 2817 7-FEB.96
2318 2962 2756 3053 Theater=Nachricht.
2998 2986 3140 3049 rtn
1952 3021 2978 3108 Des Wiener Pocten, Arthur Schnitzler, Sitten¬
1889 3061 2757 3137 „Liebelei“, von drema#scher und psychologisch
1884 3120 2697 3179 sliner Deutschen Thäten in einer glänzen
2891 3100 2950 3180 au
1889 3161 2688 3210 Sorma, durch Reich#=d„Pittner, eine
1852 3186 2675 3248 I. Der „B. B. C.“ schrebt u. De über diese Pr.
1891 3228 2654 3280 der seinen interessanken Licratenkopf mit de
1873 3248 2675 3325 gestern Abend so häufig=dankend vor dem Pl
1883 3310 2725 3354 „Doctor gar“. Sohn eines berühmten Wiener
1885 3346 2770 3393 Haus den Künsten und den Künstlern stets offen
1875 3388 2760 3439 Mediciner, bis er von der Heilkunde zur Seelen
1876 3418 2776 3479 wissen nicht, ob die Medicin viel an ihm verloren
1878 3458 2855 3512 Bühnen=Literatur an ihm gewonner und darf sich vol
1884 3493 2793 3557 versprechen. Mit seinem dreiactigen Schauspiel „Lie
1877 3541 2787 3592 ein starkes Talent bekundet; es ist ein warm pulsit
1885 3572 2787 3625 es ist Race in diesem Werk. Worum es sich in dem
1876 3617 2830 3665 Oh, das ist eine ganz einfache, fast alltägliche Gescht
2913 3626 3145 3679 und da es ja
1852 3648 2817 3706 Unun einmal ohne die leidige Inhaltsangabe nicht ab
2931 3664 3158 3718 i's mit drei
1868 3677 2858 3743 Worten gesagt: Ein junger Mann aus der sogenannte
2925 3700 3161 3753 uten Gesell¬
1839 3729 2995 3787 schaft ist einem hübschen, herzigen Mädel aus den sogenannten
1834 3768 2897 3815 Kreisen begegnet und nimmt sie sich zu eigen, wie ein kecker!
1865 3814 2860 3860 so im Vorübergehen eine saftige Aprikose pflückt, die ih
1873 3847 2845 3896 entgegenlächelt. Der junge Mann aber ist der Geliebte
1877 3877 2853 3937 Welt, einer Ehebrecherin. Der betrogene Gatte knall
1876 3921 2896 3975 nieder und das hübsche herzige Mädchen aus dem Volke,
1868 3946 3207 4039 jungen Mannes letzte „Liebelei“ war, läuft schnurstracks ins Wasser. Die
1868 3991 2710 4070 Aermste — warum hatte sie auch so viel Herz?
