3436 4192
419 140 804 209 Liebelei
910 137 1382 224 box 12/4
256 144 812 244 5. Sen
260 369 665 458 usschnitt aus:
446 429 1395 519 Ochbtschte Heutsche Worte, Wien
278 492 383 544 I:
438 575 1208 658 Fränz Neumann, Liebelei. Oper
446 648 1207 706 3 Akten nach dem gleichnamigen
388 695 1202 775 Schauspiel von Schnitzler. Vollständiger
377 766 1196 891 Klavierallszugmit Textvom Komponisten
369 829 1183 934 Mk. 10.—. Verlag B. Schott's Söhne,
374 865 560 938 Mainz.
408 915 1178 1029 (uns leder Kriit über Schnitlers Schau¬
363 962 1172 1068 „piel enthaltend, fragen wir: welcher Grund
358 1011 1176 1096 lag vor, es zu vertonen? Die Freunde des¬
371 1042 1170 1141 selben sind gewohnt, es gesprochen zu hören;
349 1089 1175 1189 warum wirbt Herr Neumann um Freunde für
353 1121 1162 1225 eine musikalische „Liebelei“? Der Erfolg der
347 1164 1159 1269 Erstaufführung an der Wiener Volksoper
352 1197 1156 1308 war schwächer als die dort gewohnten Erfolge.
345 1237 1042 1336 Wir kommen gelegentlsch darauf zurück.
788 1727 1268 1819 (Quellenangabe onne Gen
486 1820 942 1895 Ausschnitt aus:
943 1851 1052 1934 M6
1162 1822 1597 1937 Mode, Wien
711 1904 1221 1992 L NUVEHDER 13/13
496 1937 660 1990 vom:
668 2051 1500 2149 Musikalische Streifzüge.
562 2115 1685 2193 Arthur Schuitz#=ab vor zwei Jahren einen jungen, bis
472 2179 1694 2238 dahin so ziemlich unbekannten Musiker, Franz Neumann mit
1121 2210 1697 2257 Namen, die Erlaubuis, seine
1112 2240 1686 2293 Dichtung „Liebelei“ in Musik
1113 2284 1687 2347 zu setzen. Er hatte anfänglich
1126 2328 1689 2384 dagegen Bedenken, doch als der
1121 2369 1687 2410 Komponist, der unbeirrt an die
1130 2407 1685 2459 Arbeit gegangen war, ihm den
1118 2439 1696 2500 ersten Akt vorspielte, ließ er alle
1119 2479 1685 2533 Einwände fallen und willigte
1119 2518 1683 2589 ein. Nun, da man die „Oper“
1128 2552 1699 2610 auch in Wien gehört hat, lernt
1128 2598 1691 2646 man beides verstehen, sowohl
1119 2635 1695 2687 die Weigerung als auch die Zu¬
1122 2669 1697 2734 stimmung. Denn prinzipiell ist
1123 2713 1686 2776 die Verquickung der „Libelei“
1128 2758 1692 2807 mit Musik ein Unding. Diese
1121 2791 1706 2853 Wiener Komödie mit tragischer
1135 2834 1696 2893 Untermalung hat ihren stärksten
1127 2873 1698 2927 Reiz und ihre besondere Lebens¬
1130 2912 1700 2972 art in dem leichten Teile des
1129 2954 1706 3004 nur andeutend und doch alles
1125 2982 1698 3039 sagenden Dialoges. Wird Musik
1124 3029 1701 3093 hinzugetan, und wäre es die
1135 3069 1714 3125 beste, so gibt es nur zwei
1133 3105 1700 3158 Möglichkeiten. Entweder der
1130 3146 1697 3209 Komponist schafft das Werk voll¬
1128 3184 1694 3248 ständig um und gestaltet auf
581 3200 1019 3268 Komponist Franz Neumann.
1124 3222 1705 3286 diese Art ein neues, das mit
474 3260 1699 3313 der Dichtung vor allem den künstlerischen Inhalt übernimmt, ob
472 3307 1700 3366 nun die Worte geändert werden oder nicht. Oder aber, der Komponist
474 3344 1702 3403 bemüht sich, nur den Worten des Dichters zu folgen, dann geschieht
476 3384 1714 3448 es auf Kosten der Musik ebenso, wie auf Kosten der Dichtung. Herr
467 3427 1712 3516 Franz Neumann, ein junger Kapellmeister (jetzt in Frankfurt am
1706 2012 2929 2078 Main), der sich durch imponierende Energie von einem Selcherlehrling
1709 2063 2926 2125 in einen Musiker verwandelt hat, geht den zweiten Weg, auch hier
1699 2100 2932 2170 ein Mann der stärksten Energie. Er kennt seine Aufgabe und zwingt
1707 2154 2927 2201 sie nieder, allein er löst sie nicht, weil dies der Natur der Dichtung
1707 2210 2941 2248 sowohl wie der Musik widerstreitet. Man kann weder sagen, daß
1713 2220 2937 2286 die „Liebelei“ jetzt eine andere oder gar bessere geworden ist, daß die
1712 2255 2936 2320 Musik hier etwas hinzugefügt hätte, was nicht ohneweiters entbehrt
1713 2295 2943 2358 werden könnte. Darum versteht man leicht, das Arthur Schnitzler
1708 2344 2939 2399 zunächst seine Einwilligung nicht geben wollte. Nun aber steckt in der
1713 2394 2940 2443 Musik Neumanns ein solcher Wille und ein so hübsches Können, daß Schnitzler
1714 2413 2945 2486 wiederum mit dem Künstler fühlte und ihm die Gelegenheit nicht
1713 2453 2932 2520 wehrte, das, was er innerlich gehört, nun auch erklingen zu lassen.
1719 2501 2947 2560 Das beste an der Musik ist ihr unaufhaltsamer Fluß, der durch bloße
1706 2525 2938 2586 Geschicklichkeit allein niemals erzielt werden könnte. Herr Neumann
1712 2577 2940 2646 ist auch als Komponist ein Theatermensch. Junge Kapellmeister haben
1705 2620 2938 2678 es heute sehr leicht, eine sozusagen moderne Musik zu modernen
1714 2648 2947 2707 Stoffen zu schreiben. Ueber diese bloße Kapellmeisterei hebt Neumann
1714 2690 2933 2751 seine unfehlbare Sicherheit, die mehr ist als Routine, weil sie auf
1713 2729 2948 2787 stärkeren, künstlerischen Voraussetzungen ruht, sein Sinn für dramatische
1715 2773 2945 2828 Steigerungen wohl hinaus. Er hat mit ganz geringen Kürzungen
1718 2807 2935 2885 jedes Wort der Dichtung stehen lassen. Das ist sehr lobenswert, aber
1710 2850 2946 2908 es macht nicht viel aus, da die Worte in der Musik verschwinden,
1722 2904 2947 2952 nicht akustisch, aber inhaltlich. Die wenigen Gelegenheiten, welche der
1706 2931 2946 2985 Dichter zur Ausmalung der Situation läßt, sind von Herrn Neumann
1715 2965 2948 3031 gut genützt worden. Das Werk, das draußen in Deutschland hübsche
1721 3000 2946 3065 Erfolge erzielt hat, wurde auch in Zien in der Volksoper sehr
1715 3068 2948 3107 freundlich aufgenommen. Die Aufführung war von Herrn Markovsky
1721 3094 2947 3150 geschmackvoll inszeniert, von Herrn Tittel voll Sicherheit und Tem¬
1718 3131 2949 3184 verament musikalisch geleitet. Die beste Leistung bot Herr Brand als
1723 3162 2939 3228 heodor. Die anderen-Hauptrollen gerieten zu sehr ins Opernhafte.
1714 3202 2951 3278 In kleineren Rollenbewährten sich die Herren Bandler und Klein
1723 3260 1939 3332 vorzüglich.
