3436 4192
464 120 812 198 Liebelei
278 111 847 238 5. L.maa4.
980 115 1423 214 box 12/5
1045 1276 2627 1377 as Leben bringt es mit sich: die Menschen von heute haben es verlernt
1072 1358 2631 1420 etwas ernst zu betrachten. Alles wird oberflächlich genommen, alle Gefühle
1069 1429 2632 1505 sind erheuchelt. Wenn einmal wirklich die alte Wahrheit durchbricht, gibt
915 1474 1439 1565 es Tränen und Trauer.
1040 1539 2628 1621 Fritz Lobheimer hat Glück bei den Frauen und zwei sind es gerade, deren
921 1597 2633 1685 Herzen in hellen Flammen für ihn brennen: die Gemal# n des Fabrikanten Schroll
924 1661 2625 1730 und Christine, die Tochter Weirings, des alten Violinspielers. Fritz selbst kann
918 1709 2634 1790 seine Neigungen wenig genau bemessen. Er schwankt zwischen diesen beiden
915 1782 2633 1852 Frauen. Reizt ihn bei dieser das Reife und das Erfahrene, so fühlt sich sein
922 1842 2612 1899 junges Herz doch zu der Jugend Christines hingezogen, deren mädchenhafte hin¬
912 1902 2618 1977 gebende Liebe im schärfstem Gegensatz zu Frau Schrolls Herzensregungen steht.
1036 1961 2627 2031 Fritz lernte Christine in einer Tanzstunde kennen. Sie war mit ihrer
917 2012 2625 2078 Freundin Mizzi da. Fritz wiederum war von seinem Freund Theodor, Kaiser
929 2078 2632 2146 dorthin geschleift worden, und Theodor kannte Mizzi schon längere Zeit. Die
922 2140 2624 2211 jungfräuliche, verschämte Erscheinung Christines machte auf Fritz entschieden
910 2202 2633 2289 Eindruck. Er fühlte sich in ihrer Nähe glücklicher, als neben jener Frau, die
928 2264 2356 2333 seine Sinne umfangen hielt und die ihn sich selbst vergessen ließ.
1033 2310 2632 2363 Christine pflegte ihren Vater jeden Abend ins Theater, wo er im Orchester
926 2389 2633 2463 geigte, zu begleiten. Am Abend, nachdem sie Fritz kennen gelernt hatte, traf
918 2433 2621 2499 sie ihn, gerade als sie wieder nach Hlause gehen wollte. Er sprach sie an und
922 2490 2630 2549 ging ein Stück mit ihr. Jetzt mußte er ins Theater, aber am anderen Tag
926 2544 2633 2605 wollten sie sich treffen. Jetzt hatte er eine Einladung in die Loge des Herrn
917 2611 2620 2684 Fabrikanten Schroll, der nebst seiner Frau Gemahlin ihn erwartete. Wenn
925 2670 2630 2736 Schroll bisher noch nicht gemerkt hatte, daß seine Frau ihn mit dem jungen
916 2725 2619 2796 Lobheimer betrog, so merkte er es an diesem Abend. Argwöhnisch beobachtete
918 2793 2615 2860 er die Frau und den jungen Cavalier, und als er nach einem kleinen Souper
913 2840 2622 2916 sich mit seiner Gemahlin von Lobheimer verabschiedete, wußte er, daß er einen
916 2902 1368 2991 Nebenbuhler hatte.
1026 2961 2629 3035 Am nächsten Nachmittag fuhren vier glückliche frohe Menschen in einem
933 3022 2625 3121 Wagen hinaus in den Wald, und das waren Mizzi und Theodor, Christine und
