3436 4352
373 137 735 209 Liebelei
893 140 1342 224 box 10/1
193 140 786 242 5. Kt. mmud
2417 462 2686 531 Nr. 11
1432 490 2009 553 14. Januar 1896
517 603 2675 658 igs=serwachten Sinne, ob nur ein unter tausend Schrecken ge=ausgearbeitete Figuren stellten Frl. König (Mizi Schlager)
1647 600 2677 665 und Herr Szika (Christel's Vater) auf die Bretter. Das
524 622 1646 674 den liebtes Folterwerkzeug ihres Gewissens — der Dichter verräth
1647 642 2691 708 Publikum bewahrte nach dem vorzüglichen ersten Act mit
905 666 1639 724 er zeigt uns nicht einmal diese Frau, er
512 676 630 728 lente
630 679 811 728 es nicht;
1645 682 2693 744 lauem Beifall eine abwartende Haltung und rief nach
626 696 1660 762 charakterisirt sie nicht. Wir wissen, daß sie ein schwarzes
516 721 629 768 hier
1646 719 2680 777 den weniger gelungenen beiden letzten mehrfach den
636 742 1650 797 Sammetkleid trug, als der Geliebte bei der letzten Première
499 756 625 809 inget
499 755 2689 826 elbst- himer ihr in der Loge saß, daß sie nervös, erschöpft, Verfasser vor die Rampen. — Das einactige Moser'sche
1373 806 2690 876 einen Gatten Lustspiel: „Die Versucherin“ folgte dem modernen
632 819 1387 895 müde, abgehetzt ist, wie er, daß sie
532 831 636 884 der
846 828 2695 929 in dem einzigen Augenblick, da wir ihn Dreiacter. Das hätte sie nicht thun sollen. — Die Damen
638 873 745 921 hat,
494 876 632 930 ndern
623 867 2699 958 seyen, sich nicht ohne Würde benimmt — voilà] Gündel und Bock und die Herren A. Meyer, Bauer
489 914 636 973 ie der
508 952 2690 1002 Don rönt. Der Freund des jungen Ma es durchschaut den und Strohecker versuchten, diesem verblaßten Unsinn,
514 949 2701 1037 zinne Kern dieses Verhältnisses, das im greuen Flackerfeuer einer der in seiner Oberflächlichkeit nach dem tiefgründigen
1650 986 2692 1052 Schnitzler'schen Stück doppelt verletzend wirkte, frische
525 1007 1656 1088 hrten Kkurzen Leidenschaft geschmiedet ist und nicht dauernd halten
2485 1030 2661 1084 R. P.
1651 1037 2358 1113 Farben zu leihen. Es wurde gelacht.
514 1055 1666 1109 Fal= kann und wird. Als ganz moderner, lebenslustiger und
1681 1057 2693 1137 = Mosaik. Um weiteren Mißverständnissen vorzubeugen,
1290 1095 1662 1148 will er Liebe durch
632 1098 1300 1151 lebenskundiger Mensch, der er ist,
508 1106 647 1169 #uten
1656 1110 2700 1171 machen wir darauf aufmerksam, daß das Quartett=Casemble
520 1134 1648 1183 elche Liebe austreiben; — similia similibus! Er macht den
1667 1146 2692 1206 der Herren Hock, Becker, Dippel und Müller fnicht
507 1175 1656 1229 eben=gefährlicher Verdüsterung langsam verfallenden Kameraden
1655 1166 2702 1240 zu verwechseln mit Bruck=Quartett, Loge Karl) seine Kammer¬
520 1208 1649 1280 unkte auf ein Kleines Mädchen“ aufmerksam. Es ist ein halbes
1666 1212 2692 1278 mufikabende im Saale des Dr. Hoch'schen Conservatoriums
516 1243 1652 1310 tore“! Kind noch, eine Freundin seines „kleinen Mädchens“, Tochter
1672 1262 1984 1317 abhalten wird.
524 1288 1654 1349 schen eines Violinspielers am „Josefstädter Theater“, ein echtes
1658 1284 1997 1353 29. Januar, Aben
1671 1326 1996 1378 uns von dort ges
515 1325 1665 1387 elche liebes Wiener Kind, jung und unerfahren, aber treu, zärt¬
1659 1364 2001 1419 Frühjahr nach bee
512 1360 1670 1442 lai's lich und anhänglich. Ihrer leichtfertigeren Freundin, der
1663 1402 2004 1447 „Gustav=Ado
652 1396 1661 1467 Mizi, hat die Christel bald gestanden, daß sie den
514 1418 644 1474 testen
1662 1433 2005 1485 Bürgerkreisen im
644 1432 1664 1498 Fritz liebt; wie sie ihn liebt, das kann sie der
521 1460 649 1505 dem
1670 1469 2017 1515 bringen. Die Ein
640 1474 1665 1529 Freundin freilich nicht begreiflich machen. Denn die
594 1497 651 1545 tet
1669 1506 2004 1549 Regisseur Victor
619 1519 1663 1571 fesche Mizi würde sie nicht verstehen; die hat ihre erste
1672 1535 1978 1593 Alfred Austin'
626 1558 1664 1635 „Enttäuschung“ längst hinter sich und macht sich nun keine
1661 1562 1989 1621 worden, ist ein:
1673 1603 2003 1662 auch unter die Ve
619 1591 1644 1657 , Illusionen mehr. Die Illusion, daß der Geliebte sie
609 1628 1664 1696 8zum Traualtare führen wird, hat sich freilich die Christel
602 1678 1673 1745 er, auch nie gemacht. Der vornehme, reiche Fritz mit seinen
582 1714 1672 1777 chö= eleganten Bekanntschaften „in den Logen“ steht für das
1699 1751 2007 1822 8 Verbands¬
532 1754 1674 1813 re von arme Mädel, das von seinem Freiplatz auf der Gallerie
1678 1800 2005 1855 der künstlichen E
568 1795 1668 1852 biete mit heißen Augen nach ihm ausschaut, viel zu hoch; aber
1668 1829 2013 1896 gestern das Verbe
656 1832 1670 1886 lieb haben soll er sie, so recht lieb haben, viel lieber, als
573 1849 660 1902 von
1674 1871 1939 1924 des deutschen
580 1870 1672 1927 per, die vornehme Dame im schwarzen Sammetkleid, in die er
1681 1901 1981 1953 Austrag kamen
575 1904 1671 1967 lischso eifrig hineingesprochen bei der letzten Première. Und
1672 1944 1990 1995 nur wenig Eisle
587 1952 1669 2013 ito,er hat sie lieb; das frische, anmuthige Kind bringt ihm aus
1681 1979 1984 2022 deshalb schwach,
594 1993 1667 2050 ert=seinen kleinen Stübchen und Verhältnissen einen weichen
1671 2007 1971 2058 Letzteres war al
593 2026 1686 2085 ser Duft mit von Jugend, Reinheit und Selbstlosigkeit und —
1669 2037 1973 2091 der Bahn, die
1669 2076 1978 2130 Curven hat. 2
604 2063 1672 2128 ke- hier hat der moderne Dichter einen Berührungspunkt mit
1676 2105 1972 2164 hatte, war nis
595 2113 1685 2168 ung dem großen Poeten, wenn er ihn auch nicht ausdrücklich
1679 2145 1971 2205 Davos gegen
596 2144 1686 2199 aus betont — es ist Duft von dem Duft, der über die lieblichen
1683 2177 1968 2226 Sensburg,
585 2185 1673 2245 olgt Gestalten Grethchens und Klärchens gebreitet ist, die als
1692 2207 1987 2272 aber vollkomr
524 2224 1679 2284 esenen die „kleinen Mädchen“ größerer Helden sich in ihrer
1678 2242 1908 2301 Rennen zu
517 2265 1555 2320 er sich Schlichtheit die geistige Welt erobert haben
1678 2279 1970 2338 die Münchener
1043 2295 1982 2362 zu der verheiratheten Frau ein theidigte die K
511 2306 1017 2381 achten War die Liebe
1435 2354 1982 2399 e Liebe zu sich ganz bedeu
517 2352 1399 2416 Gastelkur wildes Aufflackern, so ist
1685 2389 1962 2436 übungen wirk
570 2385 1690 2441 Sir dierem Kinde ein langsames, stetiges Erwärmen,
1684 2413 1968 2472 Rivglen Hügel
528 2428 1693 2480 handel das ihm die Ruhe, die Gesundung bringen kann; so fol¬
1687 2450 1972 2509 überhaupt ein
665 2456 1693 2509 gert der Freund und so denkt — wenn er ehrlich ist — er,
618 2471 677 2519 n=
640 2489 1943 2557 n selbst. Da ertönt mitten in einen vergnügten Abend, den startete nur
1694 2510 1968 2574 Mangels an T
667 2540 1684 2590 die Freunde in Fritzens Wohnung mit den beiden „kleinen
1695 2550 1979 2615 nicht intact) r
640 2583 1687 2632 hMädchen“ begehen, die Klingel auf dem Flur, diese Klingel,
1690 2580 1973 2643 gut und win
1687 2619 1961 2670 deren Abwickli
645 2616 1686 2675 s die er so oft gefürchtet hat, wenn er das Weib des Anderen
1686 2655 1969 2704 Resultate: In
512 2652 1697 2715 elchem hier in den Armen hielt. Ihr Mann weiß Alles; er ist
1692 2692 1968 2744 burg=Münd
658 2677 1694 2745 gekommen, die Briefe zurückzufordern und den Verführer
1693 2729 1969 2782 2 Min. 123
519 2733 1685 2785 ählung vor die Pistole. Fritz hat während der kurzen Auseinander¬
1697 2761 1940 2806 17 Sec. 3.
513 2764 1692 2836 Falsett=setzung mit dem Gegner die Mädchen und den Freund
1694 2784 1948 2850 1500 Meter.
523 2809 1697 2874 Jeniger entfernt; da der Fremde weg ist, kommen sie wieder; aber
1698 2823 1974 2879 v. Salzen=Hi
519 2849 1691 2928 andelt: der alte, heitere Ton will nicht mehr anklingen. Sie
1706 2862 1944 2909 3 Min. 16⅜
1695 2892 1966 2953 hofer=Müng
517 2880 1691 2951 ammengehen. Von der Straße herauf lassen ihre immer ferner
1700 2932 1960 2987 45⅝ Punkte, :
528 2927 1693 2982 die Be=tönenden Stimmen die Walzermelodie, die Fritz zuletzt
1703 2953 1964 3012 schweig, E.=:
588 2965 1700 3022 und gespielt, in das Zimmer klingen. Er aber brütet schweigend vor
629 3001 1947 3060 tet sich hin. Er weiß, daß er heute doppelt verspielt hat, daß Darmstadt,
631 3033 1962 3106 s= Alles verloren ist... Dieser erste Act, der hier endet, gehört Kunstlauf
644 3062 1972 3138 r=zweifellos zum Besten, was die moderne dramatische Lite=96¾ und 50
649 3098 1947 3184 leratur hervorgebracht hat. Was noch kommt reicht nicht 500 Meter.
1705 3131 1960 3184 1 Min. 32 S
642 3167 1967 3219 en mehr an den ersten Act; ja der Schluß des Stückes,Meter. Sen
1713 3200 1976 3257 Behne=Frank
646 3198 1712 3256 in der, viel zu breit, eine einzige Scene zu einem ganzen
1709 3237 1977 3296 13 Min. 196#
634 3249 1707 3302 nkt Act zerdehnt, verwischt manche zu Anfang schon
1848 3274 1976 3317 —
603 3275 1714 3338 itro= angelegte Linie. In der Wohnung des alten Musikers,
588 3316 1711 3372 einem des Vaters der Christel, spielen die beiden letzten Acte.
1767 3308 1983 3386 Mitth
528 3355 1715 3431 k seine Ihr Inhalt ist kurz erzählt: Man klatscht bereits über
528 3393 1720 3455 Unter= das Verhältniß Christel's zu Fritz, und eine gefällige
580 3427 1713 3488 Ehr= Freundin, die naturlich den „Mann mit reellen Absichten“
523 3446 1959 3518 Aus=schan irgendwo für die Christel kalk gestellt hat, trägt den Heutigenein
510 3491 1977 3569 selheiten. i Rtatsch an's Ohr des Vaters. Der aber ist ein seltsamer= Spazierftürre
1713 3531 1968 3602 Schirme wer
516 3548 1719 3607 us auf Kanz: er hat vor Jahren einmal eine hübsche, lebens¬
510 3581 1716 3655 one des freudige Schwester vor aller Gefahr und allem illegitimen
509 3622 1718 3680 ind das Glück „beschützt“, und als er sie viele, viele Jahre so ge¬
515 3637 1970 3717 eine der treulich „beschützt“ hatte, da war schließlich nichts mehr zu  Preuss. Le
1805 3685 1968 3735 Steb.=T.i
528 3696 1726 3779 schließen „beschützen“, da ist sie als kümmerliches altes Jüngferchen
1717 3716 1978 3791 Tüchtige Ver
698 3737 1720 3793 in seinen Armen gestorben. Er aber, der biedere, brüder¬
533 3756 706 3808 werden
524 3777 1714 3839 ehumorsliche Beschützer, hat in ihren brechenden Augen den grau¬
521 3819 1728 3872 Falstaff samen Vorwurf gelesen: „Warum hast Du mich nie jung
1737 3824 1997 3897 Das renoi
517 3851 1729 3934 orbscene sein lassen, nie glücklich?“ Den Vorwurf will er nicht
1724 3877 1972 3938 „Zum Bil
524 3894 1724 3953 andlung zum zweiten Mal in geliebten Augen lesen; die Christel
1729 3911 1965 3971 27 Neue
518 3934 1722 4009 Episode liebt, die Welt klatscht, er weiß beides und läßt's geschehen.
525 3973 1732 4034 aare, das Dann kommt Fritz, um Abschied zu nehmen. Er ahnt,
699 4011 1728 4065 daß er nie wiederkommt. Und er kommt nicht wieder. Er
515 4026 708 4078 rsüchtige
698 4048 1732 4106 ist draußen im Walde erschossen worden und sie haben
524 4067 707 4120 gefunden
