3436 4256
398 191 755 263 Liebelei
917 184 1357 274 box 10/7
209 181 770 300 5. L
730 908 1124 992 Telefon 12801.
472 1017 1455 1104 Unternehmen für Zeitungs-Ausschnitte.
152 1034 474 1147 . 105
1329 1082 1504 1148 Ausschnft!
612 1090 1615 1239 „OBSERVER“ Nr. 44
222 1226 1656 1296 I. österr. behördl. conc. Bureau für Zeitungs berichte u. Personalnachrichten
388 1296 1497 1373 Wien, IX/1. Türkenstrasse 17.
613 1381 1270 1476 Fillale in Budapest: „Figyelé“
320 1463 1575 1543 Vertretungen in Berlin, Chicago, London, Newyork, Paris, Stockholm.
215 1537 1397 1661 Ausschnitt aus: ###7 Keuue
1321 1607 1579 1684 W
218 1694 598 1818 vom 44 26
392 1826 1666 1929 * Unser Prager Correspondent schreibt: Im =Deut¬
305 1902 1654 1970 schen Volkstheateresorgt Director Kurz für ein ebenso
300 1950 1645 2021 abwechslungsreiches als gediegenes Repertoire. Marie
303 2009 1655 2067 Pospischil hat ihr erfolgreiches Gastspiel beendet und
309 2059 1656 2126 ein neuer illustrer Gast, Adele Sandrock, trat vor das
316 2098 1638 2160 Publicum. Ihre erste Gastrolle war die - Cameliendamer.
314 2154 1648 2223 Es war eine originelle, durchwegs fesselnde Auffassung
307 2202 1641 2257 dieser Gestalt. Als „Evas in dem gleichnamigen Schau¬
312 2247 1640 2300 spiel von R. Voss hat uns die Künstlerin mächtig er¬
305 2301 1646 2370 griffen, und die Titelrolle in -Francillone spielte sie mit
303 2348 1644 2404 eigenartigem Reiz und tiefer Empfindung. Eine ausge¬
306 2404 1637 2458 zeichnete Leistung war ihre SChristines in Schnitzler’s
303 2451 1637 2498 „Liebeleis, Adele-Sendrockverstand es, die tragische
311 2500 1647 2545 und düstere Stimmung trefflich zu wahren und brachte die
310 2543 1644 2598 Verzweiflung in der Schlussscene zu ergreifendem Ausdruck.
307 2595 1636 2653 Einen wirksamen Gegensatz hiezu bildete ihre -Annies in
303 2644 1628 2700 Schnitzler’s Abschiedssoupers, wo die Gastin für die Keck¬
299 2670 1633 2747 heitund Leichtlebigkeit den richtigen Ton fand. — Im
314 2746 1637 2808 Neuen deutschen Theatere setzte WillxThaller sein
297 2794 1354 2877 Gastspiel mit ungeschwächtem Erfolge fort.
1450 2798 1614 2853 R. N.
684 2979 1232 3063 Bezugs-Bedingungen.
1278 3032 1403 3103 7.50
239 3054 1269 3126 Für 50 Zeitungsauschnitte (Artikel oder Notizen) fl.
1421 3042 1612 3120 inclusive
1135 3090 1405 3161 „ 14.—
318 3099 421 3145 100
1441 3112 1594 3162 Porte.
1267 3126 1393 3178 25.—
1132 3138 1195 3198 1
314 3141 428 3186 200
1428 3149 1602 3198 Zahlbar
1266 3173 1381 3217 55.—
1139 3183 1633 3278 . „ 100.— im Voraus.
271 3217 425 3279 „ 1000
356 3263 1676 3319 Im Gegensatze zu anderen Bureaux für Zeitungsausschnitte ist das
250 3302 1686 3365 Abonnement durch keine bestimmte Zeitdauer begrenzt; — auch steht es den
249 3348 1534 3413 Abonnenten frei die aufgegebenen Themen zu ergänzen oder zu ändern.
2260 899 2668 974 Telefon 12801.
1970 1014 2987 1093 Unternehmen für Zeitungs-Ausschnitte.
2850 1067 3038 1141 Aussehnitt
2138 1087 3155 1228 „OBSERVER“ Nr. 38
1743 1210 3191 1292 I. österr. behördl. conc. Bureau für Zeitungsberichte u. Personalnachrichten
1920 1280 3029 1375 Wien, IX/1. Türkenstrasse 17.
2143 1367 2790 1452 Filiale in Budapest: „Figyelé“
1833 1428 3092 1530 Vertretungen in Berlin, Chicago, London, Newyork, Paris, Stockholm.
1756 1566 2282 1638 Ausschnitt aus:
2436 1573 3098 1716 Wicher Leben
1954 1681 2016 1781 %
2113 1702 2212 1784 27
1746 1709 1963 1786 vom
1943 1735 2132 1831 2
2096 1894 2923 2028 Brünner Weihnachtsstoff.
2104 1999 2924 2097 Original Correspondenz des „Wiener L.ben.“)
1906 2079 3177 2143 Nur wenigen modernen Schriftstellern zum allerwenigsten Wienern
1793 2103 3261 2171 ist es vergönnt, eine derartige Gabe, die Lebensrealistik zu schildern, zu be¬
1807 2157 3230 2238 sitzen, wie Schnitzler. „Liebelei“, „Freiwild“, „Anatol“, das sind Werke, bei
2601 2194 3230 2239 Das Mädel aus der Vorstadt, das
1792 2194 2544 2245 denen jede Scenle Wienerthüm alhmet.
1810 2248 3238 2281 Mädel aus dem Vorstadtcircus, das sind reine, ungekünstelte Gestalten, frei von
1807 2281 3225 2330 fremden Einflüssen. Schnitzler schildert sie uns mit einer Lebenswah heit, die
1804 2312 3227 2365 geradezu bewunderungswerth ist. „Anatol ist ein Meisterwerk der Moderne. Es
1802 2349 3236 2401 ist ein Werk, das leider viel zu wenig gewürdigt=wird. Und die einzelnen Rollen
1801 2390 3240 2443 in „Liebelei" und Anatol“; die können nur von Schauspielern gesvielt werden,
1796 2431 3228 2475 die in Wien leben oder wenigstens gelebt haben und das Naturell der Wiener
1797 2468 3239 2510 kennen. Christine und Mitzi, Fritz und Theodor verkörpern uns das Urwienerthum;
1809 2512 3229 2564 wir dürfen ihnen unser Herz nicht verschließen. — Ja, die Sandrock als Christine“
1800 2530 3243 2600 ist ebenso ihre Rolle, wie der „Hamlet“, hört man sagen und man geht in's
1798 2588 3234 2649 Theater mit einem Vorurtheil. Jetzt noch die ungünstige Position im ersten und
1802 2613 3241 2678 zweiten Acte, das alles trägt dazu bei, um beim Publicum Mißfallen zu erregen.
1804 2671 3241 2720 Frl. Sandrock wurde nicht gewürdigt, ja man ignorirte sie; und weßhalb?
1802 2696 3237 2753 Weil man kein Verständniß für ihre Auffassung hat. Man läßt sich durch die
1800 2747 3243 2793 Gestalt beeinflußen; ja, leugnen will ich es nicht, sie hat nicht die entsprechende
1811 2783 3236 2834 Gestalt; aber ist vielleicht Kainz als Hamlet nicht gut, weil er nicht die ent¬
1816 2826 3235 2877 sprechende Gestalt hat? — Die Aufführung der „Liebelei“ kann als eine der
1808 2857 3243 2913 besten Schauspielaufführungen angesehen werden. Unsere einheimischen Kräfte
1811 2900 3232 2960 gaben sich die größte Mühe und mit Erfolg. Vor Allem Frl. Ullmann als
1812 2954 3239 2997 „Mitzi“. Trotzdem diese Rolle keine Naivenrolle ist, gab sie Frl. Ullmann
1808 2976 3240 3026 vorzüglich und sie bewies uns. daß man sie auch zu anderm, als Naivenrollen
1810 3014 3222 3064 verwenden kann. Die beiden jungen Leute gaben die Herren Recke und
1825 3058 2075 3134 Malcher.
2770 3057 3144 3138 13.—
1829 3090 1922 3127 100
2777 3097 3108 3166 25.— Porto.
1832 3119 1939 3167 200
2915 3132 3124 3186 Zahlbar
2773 3159 2898 3204 55.—
1821 3162 1926 3207 500
2701 3176 3161 3258 . „ 100.— im Voraus.
1805 3196 1932 3261 1000
1869 3241 3198 3303 Im Gegensatze zu anderen Bureaux für Zeitungsausschnitte ist das
1755 3293 3209 3358 Abonnement durch keine bestimmte Zeitdauer begrenzt; — auch stcht es den
1761 3336 3050 3397 Abonnenten frei die aufgegebenen Themen zu ergänzen oder zu ändern.
