3484 4256
261 213 1412 317 5. Liebelei box 12/2
188 739 1075 830 o-Ausstellung Wien 8.— 19. November
404 806 777 878 siehe Rückseite.
764 838 1167 928 Telephon 12.801.
782 939 924 1022 Di.
260 982 876 1076 „ODSEIVER
168 1052 1134 1132 bebördl. konz. Untersehmen für Zeitungs-Aussohnlite
188 1109 1010 1216 Wien, I., Concordiaplatz 4.
356 1194 811 1267 Vertretungen
177 1239 1141 1306 Budapest, Chicago, Christiania, Genf, Kopen¬
185 1291 1139 1365 London, Madrid, Mailand, Minneapolis, New-Vork.
188 1329 1090 1417 Rom, öen Francisco. Stockholm, Er. Petersburg.
359 1372 785 1437 (Gnellenengabe ehue Gev##).
169 1407 403 1504 #tt aus:
403 1421 1209 1565 Nannoverscher Couria,
190 1508 855 1637 RE
1130 1558 1475 1635 S
920 1623 2049 1678 und britten Aufzuge größere selbständige Orchestersätze vor¬
186 1643 755 1731 sche Schauspiese.
920 1664 2064 1714 ge#eben. Das des zweiten Aufzuges bringt zuerst ein sanft
921 1706 2048 1748 klagendes, gemütvolles Thema, das nachher bei Weirings
191 1711 902 1789 ebelei"; Oper von Franz Neumann.
909 1742 2054 1796 (Vater Cyristinens) Erinnerung an seine verstorbene Frau
913 1786 2055 1837 erklingt, worauf eine rexuläre vierstimmige Fuge folgt, deren
256 1776 901 1838 gleichnamigen Schauspiels von
929 1822 2055 1862 Einflechtung mir #er#ngs wenig gerechtfertigt erscheint. Das
184 1833 898 1881 n Frankfurt a. M. als Kapellmeister
923 1856 2063 1904 Vorspiel zum dritten Aufzuge bildet eine Art sinfonisches
195 1875 897 1930 Wort=Tondrama geschaffen, das in
922 1900 2053 1961 Intermezzo, in welchem das Nachemotiv und das zweite
205 1899 912 1970 völlige Neuerscheinung auf diesem
917 1918 2064 2003 Lievesmotiv die Hauptrolle spielen. Leider werden diese
200 1944 899 1988 Text der „Oper“ (wie Neumann sein
916 1975 2054 2032 Themen aber nur nacheinander gebracht, ohne kontrapunktisch¬
202 1987 913 2048 vom ersten bis zum letzten Wort in
917 2007 2046 2071 organischen Zusammenhang. Dieses Vorspiel ist betitelt:
198 2027 808 2070 ein einziger Ansatz zu
920 2064 2067 2108 „Duell und Fritz' Ende“: Neumann will also in ihm diesen!
199 2064 905 2117 einmal zum Versmaß ist vorhanden,
918 2089 1364 2145 Vorgang und die letzten
1413 2097 2046 2149 edanken Fritzens, die Christine ge¬
201 2105 905 2151 schem Unterhaltungston, selbst in den
916 2125 991 2181 hör
1471 2131 2060 2179 armonik ist in den Liebesszenen
1097 2132 1346 2187 ildern. Neum
221 2144 898 2189 Gefühlsausdruck. Dabei ist der
904 2161 988 2221 ein
1133 2171 1341 2230 den dramat
1469 2174 2059 2225 Stellen voll moderner Chromatik
220 2177 904 2232 die musikalische Einkleidung auf¬
916 2207 996 2253 un
1114 2204 1357 2262 heiten, ohne
1482 2214 2048 2271 gs seine augenscheinlichen Vor¬
222 2220 903 2277 d Unbedeutendheit, indem die aller¬
911 2249 1049 2301 bilder
1092 2253 2057 2309 uccini?) an Originalität zu erreichen. Eines aber
401 2257 596 2308 Sachen bes
640 2263 896 2309 chen werden,
917 2284 2055 2342 gereicht seiner Musik zum Vorteil; sie trifft die jeweilige
637 2297 900 2349 uß, den Text
929 2332 2055 2382 Stimmung mit großer Treue. Wie er den im ersten Auf¬
645 2337 895 2394 wohl der in
915 2368 2055 2423 zuge vorherrschenden leichten Konversationston, die Un¬
739 2373 902 2435 t und
922 2410 2050 2468 gebundenheit und launige Frische bei dem improvisierten
925 2451 2045 2499 Souper und Tänzchen musikalisch außerordentlich treffend
773 2453 893 2505 enden
915 2486 2064 2539 schildert, so gelingen ihm nicht minder innige oder packende
732 2493 893 2549 in beide
927 2527 2054 2573 Schilderungen. Die große Szene Christine=Fritz im zweiten
762 2531 890 2588 echtel¬
921 2569 2048 2625 Aufzuge schwingt sich zu ergreifendem Ausdruck empor und
776 2573 891 2625 einer
907 2616 2050 2662 wächst bei Fritzens Abschied zu großer dramatischer Schlag¬
780 2611 892 2660 Ent¬
908 2642 2062 2683 kraft an. Im dritten Aufzuge, der mit den Anklängen an
930 2680 2052 2728 das im ersten Aufzuge von Christine gesungene mittelalter¬
927 2722 2053 2770 liche Lied stimmungsvoll beginnt und dann die musikalisch
825 2729 882 2776 on
1662 2753 2062 2817 inens bei Betrachten
926 2762 1511 2807 ganz köstlich gezeichnete Stimmu
852 2766 897 2809 n
1667 2800 2051 2854 Schluß furchtbar an¬
929 2802 1498 2852 von Fritz' Briefen enthält, ist d
926 2837 1508 2899 wachsende Spannung, die Christ
1670 2839 2054 2903 rrscht, großartig ge¬
829 2837 895 2893 eht
1668 2867 2050 2929 charakterisieren und
202 2882 245 2929 der
926 2880 1527 2930 schildert. Neumann weiß geschi
1657 2911 2049 2980 it sicheren, oft nur
933 2911 1584 2979 zeichnet Situationen und Personet
766 2913 874 2977 durch
927 2950 2054 3005 wenigen Strichen. Ich erinnere da u. a. an die leicht
205 2958 293 3014 derke
770 2965 891 3018 espon¬
919 2996 2059 3048 hüpfenden Motive, die der sorglosen, munteren Mizi und dem
692 3002 882 3057 lotive auch
917 3032 2065 3091 fidelen Theodor mitgegeben sind, und anderseits an die ernsten,
628 3040 887 3093 B. dasjenige,
913 3070 2058 3135 gemütvollen Töne, mit denen Vater Weiring gezeichnet ist.
603 3074 895 3133 en Entdeckung
908 3092 2064 3168 Daß einige Anklänge, u. a. ein sehr auffallender an „Tief¬
504 3117 892 3174 schen ihm und „dem
916 3146 1999 3205 land“, vorkommen, sei der Vollständigkeit halber erwähnt.
519 3147 899 3211 .In den Liebes¬
526 3187 892 3250 Verfügung, die sich
984 3190 2061 3255 Die Aufführung stand unter einem sehr glücklichen
497 3233 895 3284 ichten und von ein¬
907 3224 2066 3299 Zeichen. An der Szenerie der Oper war mit ganz besonderem
506 3271 888 3316 ur=Melodie (Klavier¬
907 3278 2072 3325 Fleiße gearbeitet. Das mit vornehmer, gediegener Eleganz
513 3313 886 3368 smotiv“ nennen, ist
910 3321 2069 3374 ausgestattete Zimmer Fritzens wirkte noch nicht einmal so
266 3349 310 3393 bo
445 3352 886 3402 beherrscht die ganze
908 3347 2066 3388 überzeugend, wie das Mansardenzimmer Weirings. Hier
362 3378 901 3451 cklichster Beibehaltung. Auch
909 3387 2063 3453 war alles so durch und durch spießbürgerlich=gemütlich bis
353 3425 897 3479 iges wird von einer glücklich
904 3427 2072 3482 zum quinkelierenden Piepmatz und den billigen Bildern an
343 3457 901 3521 Liebesmotiv) durchzogen, die
913 3474 2058 3520 der Wand, daß man sich beinahe hineinsetzen mechte und mit
214 3501 893 3552 Unterbrechungen immer wieder wie
898 3510 2072 3562 den gemütlichen Weanern a bissel plauschen; gelt? Sogar
206 3540 897 3604 durch finstere Wolken bricht. Während
896 3549 2057 3601 der Regulator an der Wand hatte sich der in der Oper vor¬
213 3580 2064 3658 beginnt, hat Neumann dem zweitenI geschriebenen= Zeit## #s schlägt 12 Uhr mittag) fügen müssen,
2071 1616 3207 1677 und war auf 12 gestellt. Das mögen Kleinigkeiten sein; sie
3112 1663 3223 1719 roße
2070 1670 3083 1714 beweisen aber die Sorgfalt der Regie. Eine gleich
2063 1707 3023 1758 Sorgfalt hatte die musikalische Seite der Aufführ
2069 1738 2999 1802 fahren. Kapellmeister Gille dirigierte mit feinst
2070 1783 2979 1828 holung der musikalischen Feinheiten und viel Te
2064 1815 2967 1868 das Orchester zu glänzenden Steigerungen anfen
2060 1863 2940 1909 seits auch gehörig zurückhaltend. Frau Wall
2066 1899 2882 1949 Christine. Anfänglich tlang ihre Stimme an
2061 1936 2852 1990 beiden letzten Aufzügen aber kam diese
2072 1975 2845 2032 und genügte den dramatischen Höhepunk
2065 2017 2844 2060 trefflich gelang ihr die Wiedergabe der einz
2060 2052 2863 2105 dieser Rolle, die sie mit ergreifender Inni
2071 2092 2883 2140 wußte. Die in Verzweiflung ausartende
2065 2131 2924 2179 um den erschossenen Geliebten kam überzeugend
2067 2172 2997 2220 Eine kecke kleine Mondaine war die Mizi
2063 2204 3053 2254 Gardens, die ihren Gesangspart (wenn man a#
2062 2252 2841 2298 des vorherrschenden Sprechgesanges so sag
2070 2289 2641 2337 flott vertrat. Ihr würdig zur
2067 2326 2634 2378 urfideler Wiener, den so leic
2073 2370 2656 2415 ernsten Stunden doch die müh
2063 2410 2685 2451 Ton und Gesten reden. Den nu
2071 2439 2711 2486 Entdeckung zitternden und dabei au
2074 2480 2781 2527 Geschmack findenden Fritz gab Herr
2061 2524 2836 2579 troffener Charakterisierung, die lyrischen
2071 2559 2896 2606 mit viel Empfindung singend. Herr Moest
2071 2602 2914 2650 voll=ernster Vater Weiring, Frau Hammer
2060 2639 2935 2700 Klatschbase Binder vorzüglich am Platze, und &
2074 2690 2956 2733 gab den „Herrn“ mit notigem Nachdruck. In
2071 2716 2985 2780 zum zweiten Aufzuge war der Allegro=Teil und
2073 2754 3010 2809 oben angeführte Fuge gestrichen; eine nur gut
2071 2798 3008 2848 Maßnahme! Die Aufnahme, die das Werk fand, #
2059 2837 3001 2886 aber nicht begeistert. Das nicht gerade zahlreiche
2075 2869 3039 2927 applaudierte die Darsteller lebhaft, hielt sich aber
2065 2900 3194 2978 Hervorrufen des Kapellmeisters und des Komponisten, die
2077 2950 2772 3008 schüchtern einsetzten, sehr reserviert.
2738 2965 3237 3070 L. Wuthmann,
