3344 4256
423 160 812 232 Liebelei
266 167 821 280 5. Jnen ae en en e
517 1536 793 1668 Me¬
572 1665 779 1778 ##7
594 1766 774 1904 7
948 164 1401 259 box 11/2
2570 921 2693 984 0 O
1389 915 2108 995 Willi Handl: Theater
803 928 965 1015 506
1764 1000 2686 1074 heute schon mit kühlem Gleichmut auf die guten
814 1040 1739 1106 Und je mehr Papiere es uns in Friedenszeiten
1753 1056 2684 1117 Dinger sehen, die uns einst soviel zärtlichen
806 1074 1748 1148 gelungen sein wird in Paris unterzubringen,
1763 1089 2692 1156 Spaß bereitet haben. Das wäre ja doch nur
810 1117 1739 1179 um so mehr werden beim Ausbruch einer Krisis
1753 1131 2694 1187 eine perspektivische Vollendung und Bestätigung
810 1151 1742 1224 zurückströmen, und um so mehr deutsches Kapital
1759 1167 2695 1244 jener Tragik. Die Jüngeren, die noch mitten
807 1206 1748 1264 wir“ just im bedenklichsten Moment dem Feinde
1759 1208 2700 1265 drin in solchem Erleben sind, könnten auf uns
814 1240 1745 1288 ausgeliefert werden. Daß man angesichts der
1766 1252 2697 1312 weisen und sagen: „Seht nur, wie recht er hatte.
815 1275 1742 1339 klaren Erkenntnis dieser Tatsache dahin wirkt,
1754 1287 2692 1348 Ihr habt Seelen verschluckt und seid um nichts
828 1310 1746 1371 die Abhängigkei! Dentschlands von den westlichen
1765 1329 2694 1385 reicher geworden. Alles ist durch Euch hindurch,
826 1339 1755 1412 Nachbarn noch zu verstärken, würde auf die
1769 1368 2700 1431 an Euch vorbei gegangen. Es war eine höchst
821 1389 1745 1467 Lachmuskeln wirken, wenn die Sache nicht gar
1758 1418 2290 1488 beklagenswerte Opferung!“
1254 1431 1710 1515 Alfred Lansburgh.
817 1448 1119 1511 so ernst wäre.
1840 1434 2690 1504 Daß es keine war, das wissen wir eben jetzt.
1778 1491 2690 1546 Und die Jüngeren wissen es mit uns und lächeln
1776 1526 2698 1589 dem Typus, den sie eben erlernen, beruhigt zu,
818 1547 1113 1633 Theater.
1778 1563 2706 1627 und lächeln über das dramatische Phantom
1777 1599 2704 1677 seines Schicksals ungläubig hinweg. Das Stück
892 1612 1757 1698 Kammerspiele: Liebelei. Wie sehr haben
1774 1635 2701 1713 gilt nur mehr, soweit es schildert. Darin bleibt
824 1666 1749 1730 wir dereinst dieses Stück geliebt! Es schien uns
1762 1683 2702 1752 es dokumentarisches Denkmal. Wo es aber die
829 1706 1755 1783 etwas ganz Wichtiges aus unseremn eigenen Leben
1764 1729 2702 1782 Kräfte seines Lebens in großartige Bewegung
823 1746 1749 1813 greifbar und in ernster Bedeutung vorzustellen.
1781 1762 2708 1826 setzen, die Gewissen anrühren und läuternde Er¬
833 1783 1764 1840 Eine Tragik, durch die wir alle müssen, ein
1778 1815 2704 1870 schütterung erzeugen will, sind wir ihm taub.
832 1823 1761 1883 Konflikt, der jedem von uns das Gewissen auf¬
1776 1836 2709 1903 Seine Stimme, das wissen wir nun, ist nicht die
827 1860 1761 1932 stört, wenn er ihm schon nicht zum Schicksal
2378 1877 2716 1940 und nur diese
1778 1897 2388 1942 der ehernen Notwendigkeit —
838 1910 1757 1963 wird. Da war die Verliebtheit des jungen
1777 1922 2708 1980 wird im Drama ergriffen angehört, — sondern
837 1929 1778 2004 Mannes, die ihn aus der Ordnung des bürger¬
1780 1956 2710 2036 die unserer eigenen eitlen Sentimentalität. Eswar
837 1983 1758 2051 lichen Hauses für Stunden oder für Wochen zu
1774 1989 2708 2059 unsere eigene, höchst subjektir Empfindung, die
835 2025 1761 2106 den Töchtern der Niedrigeren treibt, als fort¬
1778 2036 2728 2104 diesen Mädchen die tragische immung zuwies,
834 2060 1768 2134 gesetzter Mord an menschlichen Seelen entlarvt.
1778 2075 2711 2140 sich für uns in Seligkeit zu wrnichten; es war
833 2100 1773 2160 Da war das Los der armen Mädchen tragisch
1773 2119 2718 2174 nicht das Leben selbst. Denn das Leben hat
840 2143 1763 2214 beklagt, die uns ein Zeitvertreib, denen wir ein
1789 2154 2713 2217 allemal Zwecke, die über unsere Person ein wenig
840 2191 1766 2248 Schicksal sind. Ein großes, schreiendes Unrecht
1781 2203 2714 2270 hinausgehen. Und das ist es schließlich, was
830 2217 1778 2281 war enthüllt, das in den Gesetzen der Welt und
1793 2228 2715 2299 wir seither gelernt haben — wir Aelteren und
843 2264 1779 2321 in unserem eigenen Wesen begründet zu sein
1786 2274 2708 2342 die Jüngeren hoffentlich mit uns: daß wir, so
834 2303 1767 2362 schien. Und uns Wienern war vor allem gesagt,
1780 2310 2709 2388 lieb wir uns haben und so bedeutend wir uns
830 2333 1769 2400 welche Schätze von Anmut, Treue und Güte wir
1792 2342 2716 2421 erscheinen, doch nicht der Mittelpunkt des West¬
834 2380 1770 2442 achtlos verschwenden, wie wir das Süßeste, was
1794 2392 2713 2469 geschehens sein können — und sei diese Welt
835 2420 1776 2488 unser Herz erreichen kann, unwissend übermütig
1787 2438 2709 2494 auch so klein wie eine Wiener Vorstadtwohnung.
842 2463 1778 2533 mißbrauchen, das wahrste, innigste Gefühl eines
1789 2474 2716 2531 Auch da geschieht, selbst wenn wir mit dem
840 2499 1775 2565 ganzen Lebens achtlos nehmen und nichts dafür
1796 2520 2715 2581 ganzen Gewicht unserer Persönlichkeit gegen¬
845 2533 1776 2593 geben, als ein hochmütig uninteressiertes Lächeln.
1792 2554 2716 2613 wärtig sind, noch so manches neben uns, über
857 2579 1786 2641 Uns jungen Wienern wurde gezeigt, wie diese
1786 2586 2729 2658 uns, ohne uns, und das Leben ist imstande,
851 2622 1772 2684 sind, deren Seelen uns zum Opfer fallen. Unser
1793 2639 2718 2694 ruhig weiter zu gehen, auch in dem Momente,
855 2660 1776 2727 süßes Mädel als tragische Person! Entzückt
1783 2665 2713 2727 da wir uns für immer daraus fortmachen. So
848 2697 1787 2750 und gerührt erkannten wir sie, freuten uns
1787 2710 2723 2772 ist das Leben. Es hat andere Zwecke. Aus
854 2736 1778 2801 melancholisch dieses Wiederfindens und genossen
1798 2746 2717 2818 dieser Christel, die schon ein edlerer Tropfen
847 2773 1774 2838 die schöne Traurigkeit ihrer dramarischen Existenz
1791 2783 2724 2847 Blutes vor der naiven Gemeinheit — Typus
858 2814 1787 2887 in gemessener Freude. Wie sehr haben wir
1806 2836 2725 2893 Schlager hizzi — bewahrt hat, macht es gewiß
855 2860 1285 2925 dieses Stück geliebt!
1800 2866 2731 2932 eine äußerst wackere Mutter von Kindern, von
932 2879 1779 2952 Sein Schicksal hat sich ziemlich rusch erfüllt.
1796 2907 2720 2966 denen eins etwa den Auftrieb in höhere Schichten
857 2930 1783 3001 Wenig über ein Jahrzehnt ist es her, daß uns
1808 2947 2723 3010 erbt, sich durchsetzt und junge Herren zeugt, die
849 2975 1788 3038 diese Tragik, neu, wie sie damals war, mit der
1809 2976 2724 3052 selber wieder nach den süßen Mädeln greifen.
850 3009 1783 3070 Kraft einer großen Wahrheit erfaßte. Was ist
1798 3024 2727 3090 Und was wir für ein Problem erotischer Tragik
866 3050 1785 3115 uns heute von jener Ergriffenheit geblieben?
1800 3066 2733 3135 gehalten haben, war etwa nur ein liebenswürdig
858 3086 1787 3155 Nur ein matt lächelndes Interesse an der eigenen
1804 3106 2730 3178 verschleierter Prozeß der sozialen Entwickelung,
868 3134 1783 3189 Vergangenheit und die sanfte Erinnerung an
1796 3156 2680 3224 eine geschlechtliche Form des Klassenkampfes.
864 3167 1796 3227 einen Frauentypus, den uns auch der unerträg¬
1881 3188 2740 3245 Das ist es, was wir heute an diesem Stück
868 3210 1800 3277 liche Mißbrauch jenes kosenden Namens, den
1804 3228 2739 3289 so unmöglich finden: daß es im Sozialen so
863 3256 1791 3312 Schnitzter ihm gefunden hatte, nicht zu sehr ent¬
1804 3256 2739 3328 sehr kurzsichtig ist, ganz im Gesichtskreis des
862 3289 1785 3357 stellen kann. Das tragische Gefühl aber ist ganz
869 3310 2739 3406 verweht. Nicht etwa darum, weil wir Aelteren Bourgeois verschlossen. Und gerade wo es davon
