3248 4320
885 210 1340 315 box 10/1
183 203 768 318 5. Liebelei
462 228 858 335 ELETET
1303 1038 2772 1109 tetten und A#en letien Tagen engerrelen, Es stehen aut clehe
158 1078 2764 1159 als Halbes unerschwingliche Kosten vollenden. Frankreich hat damit! die intransigenten Radicalen und deren Organe im
1715 1139 2760 1206 een hahtenner IurER Ian -MM P
1332 1154 1423 1219 esee
391 1144 1141 1228 ge
412 1204 2776 1278 weiter.“ Paul könnte stolz, beglückt sein, jedenfalls be= spielt in Wien, die Typen der handelnden Personen
1570 1249 2771 1311 und die Interieure sind aber dem Pariser Quartier Latin
404 1260 1588 1331 ruhigt, aber er hat das Gefühl, daß in dieser Sache
1578 1292 2778 1357 entnommen, und der Vorgang selbst ist eine dreiactige
406 1302 1590 1371 doch nicht Alles nach seinem Wunsche gegangen ist. An
1579 1339 2763 1418 städtische Paraphrase von Verga's „Cavallerin rusticana“.
410 1345 1588 1438 kaum merklichen Symptomen haftet sein eifersüchtiger
1586 1385 2766 1453 Turreddu ist diesmal Student und heißt Fritz. Von
703 1383 1589 1466 „Quälen Sie mich nicht weiter.“ —
413 1413 675 1473 Verdacht.
1576 1446 2763 1507 Lola wird nur gesprochen und Alfio, ein Herr, erscheint
127 1427 412 1520 pe Giacosa. —
410 1440 1584 1530 Schreibt so eine Frau, die ihren Mann wirklich liebt?
1583 1477 2773 1553 schon zu Beginn der Handlung bei Turriddu, um seine
410 1472 1597 1560 — Ein zufälliges Wort entdeckt ihm, daß Anna im
1589 1529 2772 1586 Absichten dessen Ohr näher zu bringen. Erst nach der
97 1544 1583 1613 actige Schau= Vorjahre eine Reise beschleunigt habe, weil sie
1576 1570 2776 1647 Schreckensnachricht: „Turriddu ist todt!“ entwickelt
127 1571 1596 1659 denken, man wußte, der werbende Freund wolle sie besuchen. Flieht
1584 1605 2778 1688 Santuzza (Christine) jene tragische Beredtsamkeit,
108 1630 1518 1706 timmen oder eine Frau vor dem Manne, der ihr gleichgiltig ist?
1584 1665 2771 1726 welche das Schauspiel Verga's einleitet, die Klage
134 1668 1599 1750 Applaus zu Annas Tugend steht außer Frage. Aber kann Paul
1574 1695 2780 1787 der Verlassenen, Weggeworfenen. Das Ende ist die
103 1723 1595 1809 ennen müssen, sich mit der Treue des Weihes genng sein lassen, des
1584 1755 2768 1826 Wasserleiche aus Ganghofer's „Empor“, aus Suder¬
104 1786 1596 1845 kten Einacter Weibes, das er liebt, von dem er sich geliebt glaubte?
1588 1802 2772 1865 mann's „Sodoms Ende und hundert anderen ähnlichen
122 1817 1607 1892 rden ist. Nurfi Die Orakelantwort Anna's auf seine ersten Fragen
2483 1847 2555 1887 *
1581 1854 2771 1907 Stücken, welche die Tragödie des weggeworfenen
111 1857 1597 1934 m Abend vor¬ lantet: „Frage nicht weiter!“ Dem Unbefangenen ist
2158 1899 2769 1961 Alle diese Reminiscenzen
1585 1898 2113 1965 Mädchens behandeln. —
116 1905 1595 1981 en, für welche diese Antwort genug; dem Liebenden, der hoffen muß,
1579 1932 2779 2005 brauchten nicht zu hindern, daß „Liebelei“ ein gutes,
106 1949 1602 2034 verantwortlich um nicht zu verzweifeln, genügt sie nicht; er erzwingt
108 1991 2787 2081 uspielen wird Anna's Geständniß, daß sie den Freund und nur ja ein bedeutendes Stück sei. Auch alte, abgebrauchte
125 2041 2784 2117 bedingt nicht diesen geliebt hatte, den Todten noch immer liebe Themen kann der Dichter zu stolzen Ehren
108 2067 2788 2164 rd dieser Tod und nunmehr auf immer von dem Gatten geschieden bringen, wenn er sie groß ausgestaltet und ihnen
1586 2127 2783 2183 einen neuen gedanklichen oder seelischen Inhalt gibt.
112 2153 1598 2213 wicklung der sei. — Woferne Noblesse die Vereinigung zartester
1594 2171 2781 2241 Das ist nun Herrn Arthur Schnitzler nicht gelungen;
163 2184 1593 2258 sämmtliche Rücksicht mit stahlharter Unbeugsamkeit des Charakters
1594 2210 2778 2281 er hat vom Typischen nur die Typen beibehalten und
773 2239 1602 2300 eine sublime Noblesse, welche dieses
105 2244 695 2303 den jeweiligen bedeutet, ist
1601 2264 2785 2330 es nicht einmal versucht, seinen Figuren persönlichen
108 2270 1603 2349 e, über sein, Stück auszeichnet und ihm seinen Werth gibt. Beide
1592 2313 2786 2378 Inhalt, dem Vorgange irgend eine Bedeutung zu geben.
113 2323 1612 2399 uben die Ver= Leute haben Recht, der liebende Mann und die tugend¬
1597 2341 2771 2418 Er wollte augenscheinlich nur wahr sein und ist damit
119 2371 1608 2441 organges ge¬ hafte Frau. Sie hat nur den Vorsprung des größeren
1597 2410 2781 2464 recht trivial geblieben. Das Quartett, welches „Liebelei“.
117 2422 1606 2485 kiflung, daß Leipes und der sicheren Haltung; sie ist ja seit Langem
1592 2442 2779 2526 vorführt, besteht aus den ständigen Figuren der Pariser
118 2463 1591 2534 lche Wieder= auf die Katastrophe vorbereitet, die vernichtend auf ihn,
1597 2492 2787 2575 Boulevard=Novelletten: zwei Studenten, welche sich mit
427 2502 1607 2575 den Ueberraschten, hereinbrickt; sie hat noch Mitleid für
108 2521 447 2605 kenn man sich
1603 2547 2710 2608 Frauenziamern amusiren und dazu Wein trinken.
437 2550 1597 2622 den Gatten übrig, bis die Heftigkeit seines Schmerzes,
105 2567 440 2636 d aber umso
1597 2579 2784 2646 Wein! — Das ist Pariser Muster. Wiener Studenten
437 2600 1607 2672 seiner Enttänschung ihr das Stichwort für ihre Be¬
99 2615 437 2682 Kama von dem
1599 2630 2773 2692 haben gewiß auch ihre Liebschaften, aber wenn das
426 2647 1603 2721 freiung gibt. Erst dann, da der Gatte in seiner
116 2664 435 2726 getragen wird
1597 2672 2784 2752 Mäderl ihnen auf die Bude rückt, wird zunächst Bier
430 2683 1605 2767 Fassungslosigkeit ihr klein und erbärmlich erscheint,
117 2720 433 2780 gekehrten Ver¬
1597 2724 2778 2795 geholt. Fritz, der eine Student, ist mehr sentimental¬
428 2741 1602 2827 gesteht sie das Letzte, daß sie ihre Tugend bereut; sie
107 2758 439 2829 oll für beide
1594 2773 2791 2848 langweilig; er hat ein Verhältniß mit einer verheirateten,
433 2771 1612 2857 hat mit dem Tode des Geliebten, mit der eigenen
102 2804 444 2878 rden, so wird
1605 2821 2779 2882 offenbar pathetisch=hysterischen Frau, einer „dämonischen
440 2826 1604 2907 Entsagung nicht einmal das Glück Paul's erkaufen
110 2847 439 2914 ine derblustige
1601 2865 2785 2934 Natur". Theodor, der andere Student, zieht die harmlose
1482 2877 1608 2937 Ein
433 2885 1405 2955 können. Das ist die „unmögliche Tragödie“.
109 2892 437 2974 haft von Papa
1604 2909 2788 2978 Vergnüglichkeit der Gesellschaft eines leichtfertigen
441 2921 1605 2995 starker, stolzer Geist hat sie ersonnen und be¬
1602 2962 2789 3030 Mäderls vor und um Fritzen auf denselben Geschmack
448 2962 1612 3036 wunderungswürdig wurde das Stück von den er¬
1608 3006 2782 3070 zu bringes, mußte Theovor's Geliebte, die Schlager¬
442 3012 1613 3084 lesenen Nobelspielern des Burgtheaters, Frau
115 3028 437 3108 soeben erfahren
1604 3034 2794 3111 Mizi, ihre Freundin Christine, ein bisher unschuldiges
444 3071 1608 3139 Hohenfels und Herrn Hartmann, zur Dar¬
143 3080 439 3143 weil Paul's
1613 3104 2783 3166 Mädchen, mitbringen. Diese Rendezvons zu Viert sind
110 3115 827 3186 hat es schwarz stellung gebracht.
524 3148 2785 3222 Und nun nach der Katastrophe der Liebe die bei deutschen Studenten, sofern es sich noch um
112 3169 460 3239 in welchem sie
117 3196 2803 3284 Sie mich nicht] Katastrophe der „Liebelei“. Die Comödie Schnitzler's] „Liebelei“ handelt, doch nicht so üblich, wie im Pariser
121 3375 453 3557 e#4
398 3457 902 3577 Se
