3484 4224
373 205 765 280 Liebelei
206 189 1358 309 5. SELEL, box 11/2
1630 1251 2550 1330 es auch Hern Eugen Dumonts Fritz Lobheimer.
1623 1306 2550 1370 Schon um der Gegenspieler willen (Frl. Berger als
730 1243 1533 1411 6/ Theater und Mlusik.
1631 1342 2540 1406 Mizi Schlager und Herr Ekert als Tbeodor
614 1230 736 1444 2
1626 1388 2541 1444 Kaiser, die ohne besonderen Aufwand von Nuancen
780 1378 1634 1452 M. S. In den Kammerspielen des Deut¬
1626 1428 2540 1480 frisch und lustig drauflos agierten) wäre dem
712 1438 1632 1507 schen Theaters wurde gestern (Honnerstag)
1623 1452 2548 1527 Liebespaar ein weniger schmerer Ton zu empfehlen.
719 1483 1618 1531 Artur Schniglers bekanntes Sch uspiel, Ziebelei
1634 1500 2534 1559 Ganz schnitzlerisch war Hans Pagayl Schnitz
718 1512 1628 1570 zum ersten=Mäle aufgeführt. Hat der ungewöhn¬
1630 1527 2555 1592 lerisch und wienerisch bis in die Fingerspitzen und
704 1540 1628 1611 liche Rahmer dem liebenswürdigen Bilde aus dem
1626 1579 2551 1646 menschlich bis in das letzte Falthen seines
711 1590 1301 1654 Wiener Alltagsleben, dieser
1372 1592 1630 1649 fast möchte
1633 1614 2549 1670 Musikantengemüts. So liebt ein einsamte
726 1637 1628 1680 ich sagen — niedlichen Tragödie des lieb¬
714 1654 2565 1725 wertesten unter allen modernen Dramatikern! Vater seine Tochter, mit einer solch hellen Gütigkeit
1636 1698 2547 1752 des Hergens, und ein Wiener Varer spricht so über
727 1713 1622 1764 zu einer tieferen Wirkung verholfen? Ich
1624 1738 2546 1792 das Glück der Jugend, für die es eine Sünde
710 1742 1632 1804 fürchte, es war nicht in dem Maße der
1632 1774 2536 1819 nicht geben kann, solange die Sonne scheint..
708 1797 1614 1838 Fall, wie es beabsichtigt war. Als der Vorhang
1626 1811 2546 1857 Herr Steinrück in der kurzen Episode des be¬
713 1833 1624 1879 zum letzten Male fiel, sah man zwar „in manchem
1634 1857 2558 1903 trogenen Ehemannes war sehr gut, und Frau
705 1871 1618 1934 Aug:“ die bewußte „Träue der Rührung glänzen“
1631 1891 2563 1948 Pagay als Katharina Binder fand den rechten
784 1892 1633 1964 aber es schien mir doch, als hätten die
707 1926 2501 1992 tragischen Vorgänge auf der Szene den Seelen] Wiener Ton. Die Regie führte Herr Bernauer.
700 1980 1638 2043 keine rechte Erschütterung gebracht, als wehte dem
713 2020 1635 2068 Höret trotz aller Kunst, die er staunend besah,
705 2059 1645 2105 ein kühler, erkältender Hauch entgegen. Woran
705 2098 1627 2141 moch#e das nur liegen? Wor### möchte es nur
709 2131 1638 2184 fehlen? Vielleicht an dem, was das feinste ist in
715 2170 1635 2228 der Schnitzlerschen Stück... An dem Hellen
723 2209 1635 2256 und Lebensfrohen, das in ihm ist und nicht recht
729 2253 1639 2308 herauskommen wollte. Freilich, die Weiring¬
738 2279 1635 2343 Christin', das süße Wiener Mädel, das die
699 2332 1585 2391 erste Liebe zu stark gepackt hat, die i
888 2360 1657 2422 vier empfindsam; aber es müßte
701 2373 818 2431 gar
706 2409 1657 2457 wohl dennoch zu merken sein, wie lieb und köst¬
722 2445 1646 2498 lich und süß und bezaubernd sie ist, wenn ihre
709 2484 1638 2552 lugen lachen und leuchten, wie sie lachten
1132 2513 1633 2584 der Fritz Lobheimer
711 2518 1068 2581 und leuchteten,
719 2552 1561 2623 sie zum erstenmal auf den Mund küßte.
713 2582 1633 2650 Und das war in der Darstellung Lucie
1452 2639 1631 2694 merken,
704 2638 1450 2696 Höflichs vielleicht zu wenig zu
714 2674 1630 2734 Die vortreffliche Künstlerin, die die Todesschauer
701 2720 1623 2775 des letzten Aktes — welch ein Schrei war das,
705 2762 1631 2806 der für einen Augenblick die Herzen erbeben ließ —
707 2784 1632 2844 virtuos herausbraihte, die die Verzweiflung einer
709 2833 1637 2886 verratenen Mädchenseele mit großer, von Wort zu
707 2863 1641 2925 Wort steigender Kraft und Anschaulichkeit ent¬
711 2910 1638 2963 hüllte, hatte ihre Rolle von vornherein
709 2952 1635 3000 allzudeutlich auf tragische Wirkungen angelegt.
706 2987 1641 3044 Und das soll man bei Arthur Schnitzler nicht, der
706 3027 1646 3086 ein wenig spielerisch ist — wäre er sonst so
701 3073 1653 3120 liebenswürdig? — und von der Darstellung einen
712 3104 1650 3172 leichten Zug ins Spielerische verlangt. Daran fehlte
