3436 4352
407 139 755 212 Liebele
226 128 1352 227 5.  box 10/1
666 687 851 752 Nr. 41.
903 805 1565 913 Coulissen-Scherze.
1007 888 1479 969 Im Burgtheater.
802 954 1652 1021 Die Wolter die größte Tragödin bleibt,
799 1010 1335 1075 Ist besser als alle Neuen.
801 1051 1604 1124 Das Publicum sagt's und läßt sich nicht
792 1109 1504 1184 Sand—rock in die Augen streuen.
797 1196 1700 1260 Nen kühnen Sprung hat der Löwe gemacht
804 1255 1625 1317 In die „Burg“ vom Volkstheater,
791 1305 1535 1367 Doch spiele er hier den Alba nicht
796 1355 1331 1419 Als humoristischer Vater!
806 1439 1651 1507 Als Reimers von Philipp hat erfleht
800 1496 1372 1557 Die Freiheit der Gedanken,
797 1551 1404 1608 Da flehte um Genesung man
800 1597 1604 1669 Für Emerich Robert, den kranken.
801 1691 1670 1772 Der Schnitzler, ein Kehlkopfdoctor will
804 1747 1285 1801 Nur realistisch gestalten,
806 1788 1572 1853 Er ist's gewohnt, der Menschheit stets
800 1846 1463 1915 Du — Spiegel vorzuhalten.
1029 1921 1466 2016 Volkstheaters
808 1992 1655 2053 Im Volkstheater den „Regentag“
803 2044 1391 2107 Hab' ich vollendet gefunden,
801 2100 1502 2162 Der Himmel ist jetzt dort verdeckt,
812 2151 1531 2205 Die „Sterne“ sind verschwunden.
799 2219 1571 2309 Im Volkstheater und anderswo
812 2292 1272 2356 Sind ungarische Gäste
805 2337 1588 2401 Die deutschen Mimen, die klagen sehr,
815 2396 1437 2460 Daß man die Luft ver,pest“e.-
814 2478 1541 2549 Zu Classikern muß der Bucovics
815 2538 1393 2603 Sich jede Woche bequemen;
810 2586 1469 2653 Er hat nur einen magern Trost:
821 2632 1367 2707 Er spart dabei Tantièmen.
940 2719 1552 2810 Theater an der Wien.
815 2797 1642 2864 Der Lindau und der Krenn sind jetzt
809 2851 1359 2910 Der Posse Dioskuren.
810 2898 1587 2950 Sie bieten uns keck den ältesten Spaß
814 2949 1625 3028 Und lachen dann selbst wie Auguren.
1079 3040 1426 3112 Carltheater
817 3100 1449 3167 Zwei Körpertheile werden jetzt
817 3153 1356 3222 Die alte Bühne erretten:
806 3199 1620 3266 Die Meisterhände Jauner's und
809 3251 1474 3332 Die Beine seiner Soubretten. —
808 3342 1506 3413 Die Kopacsi bekleidet hat man
810 3404 1530 3455 Auf der Bühne noch nicht gesehen.
821 3459 1517 3509 Sie kleidet gewöhnlich erst sich an,
816 3497 1401 3571 Wenn sie muß schlafen gehen.
808 3587 1644 3665 Der Julius Stern nahm von Suppé
819 3644 1438 3691 Das Beste nur, wie ich wähne.
817 3692 1729 3756 Sein Wahlspruch war gewiß beim „Modell“
817 3738 1307 3798 De mortuis nil nisi bene.
990 3830 1505 3909 Raimund-Theater.
816 3886 1780 3967 Der „Heiratsschwindler“ gefiel hier sehr,
816 3936 1400 4009 Ich sag' es jetzt ganz sicher:
826 3989 1596 4064 Er bringt dem Autor gewiß gar bald,
828 4049 1438 4110 Die schönsten Sparcassenbücher¬
2132 680 2727 773 Publiristische Blatter.
1859 793 3084 858 können! Auf der vierten, da schneuzten sich die Gouvernannten und
1856 860 3080 913 ihre engeren Gesinnungsgenossinen in einemfort und schluchzten: „Ja,
1890 901 3071 966 — ach, — ach, ja — er hat — hu, hu, — ganz recht — ja, so geht
1855 940 3084 1009 es uns Aermsten — hu, hu — die Männer sind alle schlecht — hu hu
1876 1001 3074 1065 hu — das hab ich auch immer gesagt — huun!“ Dann weiter hinunter
1865 1036 3066 1110 sagte man mit noblem Staunen: „Nja, ganz hübsch, aber wie kommt
1867 1106 3084 1163 denn das ins Burgtheater. Wie untersteht er sich denn, dieses Kukuks¬
1866 1155 3075 1203 Liebel=Ei in das geheiligte Comtessen=Nest zu legen! Die Comtessen,
1870 1195 3067 1259 das gienge ja noch an, die haben Erfahrung und Hofmeister! Aber
1868 1244 3079 1298 unsere feinen bürgerlichen Töchter können ja nicht mehr herkommen!“
1870 1303 3083 1349 Die Herren meinten: „Was für ein gestückeltes Stück! Im ersten Aete
1868 1345 3076 1412 macht er so, als wollte er uns Champagner einfüllen und Austern vor¬
1877 1387 3069 1456 setzen, und im zweiten wird man dann mit Mondschein gefüttert,
1874 1454 3083 1505 während einen der dritte gar in Thränen ersäuft! Und seine Freunde
1875 1502 3080 1551 im Parterre sahen sich aus den müden Dichteraugen an, strichen sich
1875 1534 3089 1597 die lyrischen Bärte, machten mit den sensitiven Händen geheimnisvolle
1877 1600 3086 1655 Zeichen und sagte: „Schau, schau!“ Nur einer von ihnen platzte heraus:
1880 1638 3085 1702 „Er hat aber immer nur ein Stück auf seiner Walze, der ewige Liebe¬
1873 1681 3079 1744 leiermann!“ So sagte man im Haus, und doch war es ein Bomben¬
1871 1745 3084 1798 erfolg, doch hörte man im Café wo nachher zu Gericht gesessen wird,
1875 1786 3089 1846 meist nur helle Begeisterung über Autor und sein Stück. Aber drüben
1872 1842 3085 1894 im Löwenbräu, wo man von der anderen Seite des Theaters aus hin¬
1883 1875 3104 1963 aeht da war es stille wie bei einer Trauerfeier. Der Oberkellner schlich
2182 1930 3009 1992 ier- und stusterten jedem, der es hören #
1868 1923 2150 2002 Wernecheuhe
1877 1972 3059 2046 ins Ohr: „Er hat ausgerungen! Es war ein todtgeborner Abend#
1878 2029 3086 2090 Der Schüller aber ist ein wissender Mann, denn ins Löwenbräu
1883 2076 3085 2132 kommt, wie gesagt, die andere Seite des Burgtheaters, die Bühnenseite.
1921 2126 3082 2184 Ein Dichter ist wie ein König. Mit bestem Willen mit vollem
1878 2178 3094 2234 Können, setzt er seine Gedanken ins Werk. Alle jubeln ihm zu, denn
1878 2226 3087 2289 es will ihn keiner verletzen. Aber wie Wenigen hat er es recht gemacht!
1878 2281 2428 2345 Armer König, armer Dichter!“
2351 2316 2598 2389 Walze II.
1980 2373 3086 2446 „Im Carltheater machen die ex offo-Operngläser Furore. Man
1873 2424 3095 2492 sieht sie an, man sieht durch sie hindurch, man sieht über sie hinweg
1869 2478 3084 2538 und man sieht — sie oft für sein Eigenthum an. Das bringt viele
1882 2524 3085 2588 Leute in Verzweiflung; denn es geschieht oft ganz wider Willen. Man
1887 2581 3087 2633 ist es in Wien eben noch nicht gewöhnt, das Opernglas im Theater
1882 2635 3084 2693 zurückzulassen; man steckt es ein und nimmt es mit, wie man jahrelang in
1880 2686 3094 2746 allen Theatern gethan. Ein Herr, dessen Name und Stand über jeden
1878 2742 3094 2802 niedrigen Verdacht erhaben sind, hat ein paar Tage lang zu seiner
1880 2784 3085 2831 völligen Verzweiflung ein Glas bei sich zuhause gehabt, das nicht sein,
1882 2829 3082 2898 sondern des Carltheaters Eigenthum war. Ahnungslos geht er von der
1880 2881 3091 2944 lieben und so anregenden Vorstellung nachhause, lustig trällernd, an
1878 2928 3087 2989 nichts Bestimmtes denkend. Nur ein fremdes Gefühl, das er sich nicht
1879 2974 3094 3026 erklären kann, stört ihn an der linken Seite, wo er das Glas trägt.
1877 3026 3086 3093 Er greift hin, zieht das Glas heraus, und schlägt sich verzweifelt an
1883 3081 3085 3137 die Stirne; denn jetzt erst besinnt er sich, daß sein Glas — nicht sein
1875 3129 3093 3182 Glas ist: Was thun? Das Theater ist längst gesperrt, er kommt so¬
1879 3178 3091 3234 bald nicht wieder hin; für einen Dienstmann ist ihm die Erklärung
1879 3222 3086 3284 der Sendung zu peinlich. Er muß warten, bis sein Diener einen halben
1884 3293 3100 3337 Tag Zeit hat, um von Währing — wo der Herr wohnt — in die
1883 3320 3091 3385 Leopoldstadt zu gehen. Und was thun die welche keinen Diener haben,
1876 3381 3091 3446 und was thut man mit denen, die absichtlich vergessen? Schwere Sache,
1892 3424 3100 3492 denn es handelt sich auch darum, jeden Eclat zu vermeiden. Wir
1881 3474 2357 3555 wollen Jauner fragen!“
2353 3531 2611 3601 Walze III.
1991 3579 3082 3648 „Herr Kornau soll jetzt nach Galizien. Die Leute machen sich
1875 3633 3084 3699 darüber lustig, und meinen, seine — intimere Kopfbedeckung werde
1889 3689 3077 3747 dabei schlecht — aber doch — wegkommen. Ich möchte Jedem rathen,
1889 3733 3086 3799 Herrn Kornau ruhig bei seiner Behauptung zu lassen, und wer sich's
1888 3797 3091 3844 am guten Rathe nicht genügen läßt, dem sei folgendes warnende Bei¬
1877 3841 3082 3897 spiel erzählt. Einem, der in größerer Gesellschaft Herrn Kornau's lich¬
1888 3883 3091 3943 teste Stelle mit raschem Griffe zu entdecken gewagt hatte, war von dem
1889 3931 3082 3996 schlagfertigen Komiker Rache geschworen worden. Dieser machte aber, als
1892 3986 3092 4036 hätte er die Affaire vergessen und schlug eine ganz harmlose Unterhaltung
1891 4028 3088 4080 vor. Er wollte sich als Hypnotiseur produciren, alles solle seinen Be¬
1891 4092 3085 4143 Reisien geberchen. E##aaschieht. Schlafen #####“ Alles schließt die Angen
