3436 4224
484 132 879 205 Liebelei
320 133 1429 242 5. box 12/1
2000 1159 2397 1239 Telephon 12.301.
1457 1303 2204 1399 „ODOERVEN
1297 1401 2394 1456 I. österr. beh. konz. Unternehmen für Zeitungs¬
1481 1478 2253 1570 Wien, I., Concordiaplatz 4.
1699 1553 2018 1622 Vertretungen
1295 1599 2402 1655 in Berlin, Brüssel, Budapest, Chicago, Cleveland, Christiania,
1306 1658 2391 1700 Gent, Kopenhagen, London, Madrid, Mailand, Minneapolis,
1294 1696 2399 1753 New-Vork, Paris, Rom, San Francisco, Stockholm, St. Peters¬
1695 1724 1999 1781 burg, Toronto.
1639 1765 2058 1822 Ouellenangebo ohne Gewahr.
1298 1816 2402 1904 Ausschnitt auspraßkfurter Zellur:
1294 1932 1823 2002 vom: 23 1 1911
1593 1979 2148 2136 „Kleines Feuillgton.“
1364 2104 2416 2192 =[Berliner Oper.] Aus Berlin wird uns unterm
1283 2146 2420 2213 /21. ds. berichtet: In der Komischen Oper kam Franz
1302 2215 2413 2273 Neumanns „Liebelei“ zur Darstellung und fand bei einem
2217 2251 2414 2298 Schnitzler¬
1299 2253 2143 2303 Teil des Publikums lauten Beifall. Galt er
1299 2268 2178 2351 schen Drama, galt er dem Komponisten oder
1294 2333 2428 2378 der zum letzten Male vor Antritt seiner neuen Wiener Stel¬
1287 2355 2424 2427 lung des Regie=Amtes waltete? — Der hohe Wert des Schnitz¬
1286 2413 2422 2465 lerschen Dramas ruht in der poetischen Gestaltung der realen
1293 2448 2417 2503 Vorgänge, in der Schlichtheit des Schauens, der Innigkeit des
1283 2493 2464 2560 Erlebens. Aber gerade diese realistische Kunst häumt sich gegen 1
2024 2543 2187 2596 —
1277 2581 2415 2632 die musikalische Auswertung; sie verliert durch die Pointie¬
1287 2621 2423 2683 rung und Unterstreichung, die ihr die Musik notwendig geben
1286 2665 2412 2720 muß, das Beste ihrer Frühlingsfrische und Lebendigkeit. Neu¬
1282 2703 2416 2759 mann in ein rontinierter Opernkenner, der das Handwerk
1420 2739 2425 2788 Ghegelerung verstehl und manche zweilbollenerfährungen
1283 2777 2427 2822 gesammelt hat. Aber er ist kein Musiker, der in der Hingabe
1275 2814 2417 2853 an die große Kunstsache aufgeht. Seine Musik ist anempfun¬
1288 2848 2418 2889 den, sie läuft neben der Dichtung her, anstatt sie zu durch¬
1290 2885 2417 2926 dringen, mit fester Hand neu zu formen. Weder der leichte
1278 2921 2426 2963 Ton des ersten, noch das Pathos des zweiten und dritten
1282 2968 2434 3033 Akts kann uns von der Notwendigkeit seines Schaffens über¬
1289 3007 2420 3048 zeugen. Dabei muß man zugestehen, daß vieles durchaus ge¬
1275 3043 2425 3102 schickt gemacht ist, daß auf der Bühne und vor der Bühne alles
1278 3079 2411 3137 klingt und wirkt. Es ist eine Musik — jenseit von Gut und
1274 3124 2411 3185 Böse. Wenn je in übertragenem Sinne, so hat das Wort hier,
1273 3153 2409 3216 seine Berechtigung. Bedauerlich, daß Herr Gregor für seine
1271 3204 2408 3246 letzte Regietat keine würdigere Unterlage fand. Er befeuerte
1265 3235 2420 3281 Herrn Wissiak und Frl. Bachrich zu echt wienerischer
1267 3271 2423 3332 Vergnüglichkeit. Frl. Labia war für die Partie der
1264 3330 2423 3385 Christine weniger geeignet. Mit rührenden Zügen stattete
1264 3361 2077 3423 Herr Zador den Vater aus. — W. Kl.
1308 3400 1791 3472 fe ISran C###
