3436 4256
184 222 753 320 5. Liebelei
396 222 1348 339 Mereter box 12/2
3188 1694 3306 1774 —
1240 1761 3298 1822 den ein Kompenist damit erreicht,, daß er dem großen! seinder Beleuchtung und Gestaltung, schaltet in wirk¬
414 1654 1033 1868 FédII.LSCON
1258 1810 3301 1882 Publikum in die Note trifft und dem Verlangen nachl samer Gegensätzlichkeit zu der wort- nd tonreichen
1028 1852 3306 1905 0/74 C4leichten Genüßen entgegenkommt. Und letzteres istPlauderei das schlichte alte Lied Christinens („All
2283 1901 3298 1958 meine Gedanken“) ein und bleibt in dem Umschwung
1260 1895 2291 1964 der Fall Neumann's. Seine Partitur hat manchen tie¬
485 1886 1017 1966 Böhmische Bühne.
2277 1934 3312 1999 der Stimmung bei Erscheinen des ungebetenen Gastes
1023 1947 2287 2004 A½□ ter jundierten Vorzug; aber sie ist jederzeit bereit,
538 1964 1010 2014 Milkovani (Liebelei).
2288 1980 3303 2044 (des Rächers seiner Ehre) auch der dramatischen
228 1978 2283 2048 Oper in drei Akten. Text des gleichna-die bessere Ueberzeugung dem seichteren Geschmacke
2288 2028 3307 2082 Anforderung nichts schuldig. Die Begegnung der Ki¬
228 2044 2290 2082 migen Schauspiels von Arthur Schnitz-|: opfern und Eifekte zu konstruieren, die vor der
2283 2072 3306 2129 valen ist sehr einfach komponiert; aber jeder Ton
356 2076 2277 2137 Musik von Franz Nrummm —rßen Meyge nicht versagen, obwohl, oder besser
2271 2111 3306 2168 hät Charakter und bestärkt das Düster der Stimmung.
204 2121 2293 2197 #„rrere im Nationaltheater am 14. Novem-kesagt, well sie billig sind. Daher die große Anhäng¬
2280 2143 3307 2216 die unheilvolle Perspektive. Neumann hat überhaupt
1256 2156 2294 2217 Tlichkeit Neumann's an den beliebten Typus der veri¬
639 2184 902 2238 ber 1911.
2275 2202 3310 2251 viel Sinn für sprechenden Ausdruck in der Musik und
1262 2196 2290 2259 stischen italienschen Oper, daher sein Fußfall vor
309 2215 1264 2282 Dem neuest erworbenen Werkc ging der Ruf ei¬
2276 2247 3310 2300 weiß auch die Farben für diesen Ausdruck zu mischen.
1270 2248 2282 2302 Puceini und gelegentlich auch vor Mascagni. Man
240 2264 1271 2332 ner Attraktion voran; es hat sich binnen Jahresirist
2342 2291 3316 2344 Leider stehen die beiden folgenden Akte nicht auf
1270 2287 2294 2350 fühlt, daß bei Neumann auch der deutsche Einfiuß
229 2314 1268 2376 rasch über d' deutschen Bühnen verbreitet und hat
2285 2325 3308 2390 der Höhe des ersten. Die steigende seelische Erregung
1272 2334 2291 2404 nachwirkt, aber er gewinnt nicht die Oberhand und
299 2351 1265 2408 nicht Allen — aber überall geiallen. Das Geiallen
1265 2374 2034 2433 wird vom italienischen niedergerungen.
2274 2370 3305 2435 der beiden Hauptpersonen der Handlung, Christine
240 2396 1282 2461 ist leicht begreiflich. Für's erste bedingt es der Text,
2286 2423 3317 2474 und Fritz, zeitigt in der Musik der Oper ein leiden¬
1330 2421 2292 2486 Das Drama Schnitzlers hat Neuma n — einige
237 2432 1283 2500 weicher in einem virtucs eingestimmten Wiener Milieu
2287 2448 3322 2518 schaftlicheres Aufstreben der Lyrik, wobei der Kom¬
1269 2467 2293 2524 Kürzungen des Dialogs abgerechnet — Wort für Wort
242 2489 1273 2543 ein spannendes Drama des verhängnisvoll in lieie
2274 2503 3320 2573 ponist ganz in die Hände der italienischen Veristen
1261 2517 2285 2570 komponiert. Der Entschluß hiezu zwang zu einer
244 2540 1272 2586 Neigung umschlagenden Flirtes sich ausleben läßt:
2281 2540 3309 2605 gerät, ihre dicken Orchestermelodien nachahmt, den
1269 2560 2292 2613 Beschleunigung der musikalischen Behandlung der
247 2578 1266 2624 dann hat der Komponist obendrein einen hoch ent¬
244 2579 3321 2660 wickelten Sinn für wirksame Bühinenmusik und für] Konversation, die der Oper aber nicht nur nicht ab-Senreieffekt protegiert, stereotyp mit dem tonischen
1257 2641 3307 2692 träglich ist. sondern dirckt zu statten kommt. Sie ist Quartsextakkord die, Kulmination des Gefühlsaus¬
230 2639 1280 2723 jenen Singeffekt, auf den die große Menge stets be¬
1268 2672 3315 2741 die Ursache jener anheimelnden Lebendigkeit und' druckess anzeigt, ungewählte melodische Erfindung
232 2700 1278 2768 reitwillig eingeht. Von rein künstlerischem Stand¬
1260 2718 3311 2783 leichtlebigen Frische des Tonstroms, welcher über aufbauscht und abhetzt — kurz unbedenklich den
227 2740 1278 2816 punkte gibt es viele Linwendungen gegen die Kom¬
1265 2760 3308 2834 den ersten Akt der Oper seine bestechenden Wir- Unarten der veristischen Schule huldigt. Hauptsächlich
229 2772 1272 2855 pesition Neumann's; # allem empfindet man in ihren
2284 2786 3312 2866 hat es ihm Puccini angetan, seine „Tosca“, seine
1264 2817 2291 2875 kungen verbreitet. Keine Ouverture; das Orchester
233 2834 1276 2893 Aeußerungen den Mangel an Selbständigkeit, den Ab¬
2281 2846 3316 2913 „Madame Butterilg“. Ist schon das Vorbild an sich
1269 2867 2296 2921 bemächtigt sich mit prickelnder Geschäftigkeit sofort
229 2870 1275 2935 gang jedweden Zuges von Eigenart; weiters kann man
2274 2897 3317 2950 kein hehres, die Nachahmung, auch wenn sie bemüht
1272 2902 2295 2972 der Szeue und ihrer Vorgänge, vergnügt sich lachend
231 2914 1274 2975 sich nicht mit Allem bereunden, was dem ausgeroro¬
2280 2939 3315 2997 ist, es mit kontrapunktischem Beiwerk (Gegenstim¬
1262 2943 2286 3007 an dem munteren Temperament Mizzis, von deren
244 2959 1275 3013 chenen Ekieklismus des Komponisten der „Liebelei“
2280 2975 3307 3041 men) zu verfeinern, vergröbert es vollends. Der ge¬
1271 2987 2299 3052 charakteristischem Leitmotiv sich die heiteren Szenen
232 2992 1271 3053 als Muster vorschwebt und sich ihm zur Nachahmung
237 3024 3319 3092 empfiehlt. Aber beiderlei Einwand ist nicht entschei-Ides Stückes nähren. umspielt die Konversation bei mütliche Ländlerton und das vive Fugato des Vor¬
254 3098 3309 3147 dend, vermag nicht ienen Erfolg in Frage zu stellen, Tische mit einem gefälligen Walzerthema in wech- spicles zum zweiten Akte, die diesem Ländlerton zu¬
1225 3138 1575 3304 Tien
