3484 4256
243 219 832 350 5. Liebelei
465 218 1396 353 Asen box 10/7
147 1157 3050 1306 ifisleute, währendigeräuft. um dei Bilktiolen an An & Arihlischen Prozeß der! Vorpostengesechte begöhnen. Die Vorsicht gebietet den Deutschen
167 1232 3033 1341 ks sich die ganze Seegoldgewinnung Glauben beizubringen, wurden zuweilen in im Reiche, den Ereignissen in Oesterreich mit gespannter Auf¬
1840 1338 3041 1416 Die Vier improvisiren ein Abendbrot. Alle Lichter werden
519 1352 1800 1443 anderes fühlen wir, etwas, das in der Luft lastet, etwas, das
1768 1382 3041 1464 angezündet und alle Fröhlichkeit, Tänze werden gespielt und
512 1407 1789 1501 wir nicht zu nennen vermögen und das uns bedrückt vie die
1771 1445 3045 1505 Tänze getanzt. Theodor Kaiser und Mizzi Schlager tanzen.
514 1472 1398 1573 schwüle Luft, die den Gewittern vorangeht.
593 1497 3037 1576 Es kungelt. Ein kleines Persönchen fliegt herein, frisch Fritz Lobmeier spielt — Christine steht bei ihm und lehnt sich
493 1581 3046 1632 wie ein Schneeball und zwitschernd wie ein Vogel und lustig an ihn und sieht ihn an und flüstert zu ihm und dann wieder
162 1586 3043 1681 Sorma als Gast. und ruhig in jugendlicher Ausgelassenheit. Sie heißt Mizzi braust die Lustigkeit der beiden Andern über sie und läßt sie
177 1679 3050 1742 das Gesicht des Schlager, ist Modistin und steht in jener freien Beziehung zu nicht allein. Die beiden Andern sind wie alle Jugend der Welt
155 1674 3055 1785 ben groß geöffnet, Theodor Kaiser, von der man in der guten Gesellschaft gar nicht und wie alle Ausgelassenheit der Welt und ihr Lebensübermuth
154 1779 3053 1839 sprich auf ihn ein oder nur mit gedämpfter Stimme zu sprechen pflegt. Laster=reißt uns mit fort und läßt uns auf einen Augenblick den
158 1772 3060 1886 mit den Ansichten haftes und Herzliches, Dummes und Kluges, Drolliges und Ver=drohenden düsteren Schatten vergessen, der irgendwo im Finstern
172 1849 1942 1943 e so recht ist, wie derbtes sprudelt aus ihr heraus und wie ein Wirbelwind ist siel lauert.
1853 1847 3051 1952 Da klingelt es. Dss ist's, das ist's — durchzuckt es uns
150 1889 1796 1984 um eine Frau — bald hier, bald dort und strahlt vor Freude und Glück, daß
1766 1904 3061 1995 die andere Frau? Die beiden Mädchen und Theodor Kaiser
163 1946 1790 2037 n uns garbrichtig man einen Hauch davon im Herzen spürt, trotz aller moralischen!
1774 1976 3054 2053 gehen in einen Nebenraum. Mit einem Schlage wird es still
821 1999 1787 2070 Ihre Freundin Christine Weiding, welche in
168 2023 781 2097 heißen und lieben Abneigung.
1783 2017 3049 2098 im Zimmer, nur die Lichter knistern. Fritz Lobheimer geht zu
169 2038 1777 2138 Er ist es, welcher gleicher Beziehung zu Fritz Lobheimer steht, kommt einige Mi¬
1774 2069 3055 2147 öffnen. Ein Herr tritt herein. Da, da, da ist das Verhängniß
238 2091 1800 2184 Sein Freund nuten später — an der Thür bleibt sie stehn mit den drei Blumen
154 2113 3068 2236 und nicht so ernst in der Hand die sie ihrem Freunde bringt, ein schüchternes das hat gelauert und gekauert hinter allen Worten und hinter
156 2157 3065 2265 Genießen — und Lächeln ist an ihren Lippen und ihre Worte sind still und ein= allen Lachen. Das fühlen wir in einer Sekunde, ehe der Fremde
1780 2200 3055 2296 noch spricht — und wir fühlen noch mehr, ehe er spricht. Jene
253 2241 1782 2331 — Der Andere fach und ihre Augen suchen und erblicken immer nur den Einen.
1778 2256 3048 2349 andere Fran ist verheirathet. Dies ist ihr Mann, unv er kommt
158 2291 1792 2376 licht uns der Kopf Wie ein Wesen aus fremdem Lande kommt sie wie ein milder
165 2371 3060 2423 nd noch größeren Schein von Innigkeit — „Haft Du mich lieb, mich lieb?" Undl als Rächer. Nur zehn Worte hat vielleicht der Fremde zu
1770 2360 3048 2455 sprechen, aber diese zehn Worte sind wie der kalte Tod. Herr
150 2378 1445 2481 imnißvollen Glanzser antwortet ihr: „Ja, ich habe Dich lieb.“
620 2401 3058 2501 Wir sehen wieder die schwarzhaarige Frau im Geiste und Nasch, der diese Robe spielte, hat sie ganz und gar vergriffen
154 2468 548 2533 sist der Beginn des
1782 2460 3069 2539 und konnte so die richtige Wirkung nicht erzielen. Er gab einen
166 2485 1795 2571 sind gesprochen undses schreit in uns „er lügt, er lügt“! Und er lügt nicht! Er
149 2502 3068 2626 Kheodor Kaiser der hat sie „sehr“ lieb. Als s Freund einmal dieses Mädchen mit vornehm Verachtenden und er hat einen Hasser zu spielen. Durch
1783 2557 3060 2642 dessen aufeinandergebissene Zähne nur stoßweise ein Strahl
158 2583 1799 2679 rfurchtslosigkeit vor jener Frau in Beziehung bringt, da antwortet er ihm: „Das
1796 2610 3062 2690 seiner Gluth und Wuth sich hervorpressen kann. Dieser Mißgriff
171 2632 1798 2726 doch so liebe Worte ist doc, ganz etwas Anderes.“ So empfindet er — etwas Anderes,
152 2667 3065 2788 rnen mögen. Der etwas Unvergleichliches, etwas Rangverschiedenes, das sich nicht war sehr bedauerlich. Er nahm der Situation ihre Fürchterlich¬
1774 2708 3058 2798 keit und weckte sogar einige Lacher. Nachdem der Fremde ge¬
174 2738 1491 2812 Schwankende, der mit den gleichen Stellen seines Wesens berührt.
614 2749 3068 2851 Christine steht am Rande seines Lebens. Dort will er sie gangen, kommt Theodor Kaiser wieder herein. Er hört, doß das
165 2789 552 2877 kann als tragisch,
543 2806 3056 2906 halten, sie aber drängt mit allen Fiebern nach der Mitte, zu Duell am übernächsten Tage stattfinden wird und versucht die
162 2848 555 2927 ebensart. Arthur
805 2843 3066 2946 — fast harte Worte weisen sie zurück. Und doch Todesahnung seines Freundes zu zerstreuen. Da mahnen die
167 2898 827 2964 „Junge Leute“ —ihm, zu ihm
192 2893 3054 3010 s sind sie, Typen hat er noch kein Mal über sie nachgedacht — zu seinem letzten Mädchen und werden eingelassen. Noch einmal hebt die Lustig¬
181 3009 3069 3072 sie heute in den Ich hat sie keine Beziehung, er aber zu ihrem, dort liegt der keit den Kopf, aber er kann ihr nicht wohl werden. Fritz treibt
1772 2999 3071 3102 zum Aufbruch, von der Straße tönt noch ein liebereiches „Gute
189 3034 749 3125 e und noch etwas Konflikt.
2932 3159 3029 3246 □
2305 3057 2949 3303 Sa
