3484 4320
417 247 763 325 Liebele
870 248 1306 350 box 12
242 250 583 355 5.
646 306 766 363 SANunAgun uee
483 526 797 621 13=06 107
927 662 1459 767 # Wiener Jeurael Wien
527 799 1361 947 Chrater und Kunst.
321 938 1582 1020 1 (Deutsches Velksthe#ter.) Die Geburtstagsfeier des
316 998 1581 1065 #ungen Kalsers konnte in hübscherer und sinnvollerer Weise nicht
317 1030 1578 1103 gestaltet werden als durch die Aufführung so bodenständiger und
323 1079 1580 1150 von jugendlichem Geiste erfüllter Stücke, wie sie mit Artur
321 1148 1583 1205 Schnitlers „Liebelei" und „Abschiedssouper“ geboten
320 1186 1573 1242 wurden. Die festliche Stimmung wurde zunächst in einem warm
323 1234 1591 1291 empfundenen, von Fräulein Martha Trehitsch in schöner
313 1286 1575 1341 Weise vorgetragenem Prolog von Heimich Glücksmann zum
320 1320 1580 1386 Ausdruck gebracht. Die Aufführung von „Liebelei“ hob aus
321 1361 1583 1425 dem Werke den ganzen unverblaßten Reiz, der ihm noch inne¬
325 1414 1591 1500 wohnt. Eine ganz besondere Ueberraschung bot Fräulein Hedwig
320 1468 1589 1526 Keller als Christine. Das war eine Gestalt voll diskerter
317 1524 1580 1583 Charakteristik und Lehenswärme. Das theatralische Palhas ersetzte
316 1558 1580 1623 die Künstlerin durch die natürlichsten und wärnisten Töne, die
324 1615 1593 1679 aus Herz griffen. Ganz ausgezeichnet war Fräulein Keller auch
320 1651 1582 1726 in ihrer humoristischen Zeichnung der Annie im „Abschledssouper“.
322 1706 1596 1786 Der rauschende Beifall galt den beiden Stücken wie der ganz
309 1763 766 1833 (trefflichen Darstellung.
1199 2357 1456 2446 HHAU %
647 2509 1678 2670 Miustelewes Wener Extrablatt, Wie
561 2644 1500 2752 Deutsches Volkstheater. In Artur Schuitzt#rs
441 2678 1496 2792 Schaufpar gestern Frapein
454 2726 1477 2833 Keller zum ersten Male die Christine. Jorem
449 2767 1463 2861 munteren Naturell nach neigt die begabte junge
445 2806 1472 2896 Künstlerin wohl mehr zur „Schlager=Mizzi“ hin, denn
450 2842 1471 2957 sie ist scharf und spitz, zungenflink, „g'schnappig“ und
443 2882 1460 2973 besitzt die ichon mehr „harbe“ als herbe urwienerische
445 2902 1462 3018 Schnefdigkeit „enierer“ Gründe. Für ihre schau¬
442 2956 1461 3072 spielerische Veranlagung spricht es jedenfalls,
443 2994 564 3041 daß
567 3000 629 3044 sie
775 3013 916 3066 auch
912 3022 972 3060 m
984 3017 1461 3087 t einer ausgesprochen
429 3029 1449 3127 sentimentälen Rolle glücklich abzufinden vermag
439 3066 1456 3161 und daß ihr das zarte Erwachen der ersten
440 3096 1461 3204 Neigung, die Steigerung bis zur Leidenschaft und der
435 3152 1451 3227 Ausdruck des aufgewühlten Schmerzes um un¬
435 3191 1453 3274 wiederbringlich Verlorenes glaubhaft gelang. Fräulein
431 3217 1436 3313 Keller erspielte sich Beifall und Erfolg. Freilich
430 3263 1448 3352 konnte sie gleich darauf in dem von sidelner Cham¬
425 3311 1447 3396 pagnerlaune moussierenden „Anatol“=Einakter „Ab¬
431 3338 1446 3417 schiedssouper“ wieder ganz sie selbst sein, aller¬
419 3377 1443 3466 liebst frech, herzig und dreist, eine kleine Ballettratte,
433 3410 1436 3508 die sicherste Anwartschaft hat, dald zur Koryphäc
417 3442 1440 3553 der Liebe vorzurücken. Die übrige Besetzung von Stück
417 3493 1434 3591 und Stückchen ist bekannt und oft genug gelobt
421 3518 1263 3609 worden. Sie hielt sich auf gewohnter Höhe.
1293 3571 1441 3636 Die
421 3565 1428 3659 Vorstellung jand zu Ehren von Kaisers Ge¬
421 3592 1433 3693 purtstag bei feßlich beleuchtetem Hause statt
408 3642 1436 3734 und wurde durch einen Prolog Heinrich Glücks¬
418 3664 1025 3741 manns eingeleitet, den
1026 3708 1430 3774 Fräulein Martha
414 3709 1285 3819 Trebitsch mit schöner Empfindung sprach.
2572 363 3111 484 nlische Vollszeitung
2633 425 2775 518 Wien.
2035 471 2123 540 1#
2082 521 3016 677 Theater und Kunst.
2111 664 3065 723 Deutsches Volkstheater. Gestern veran¬
2088 694 3045 765 Derr Wallner einen Hedwig Kelterel
2050 755 3035 812 ###nd und eröffnete damit die Reibe der Fehl¬
2046 786 3044 870 besatzungen. Fräulein Kester ist sicherlich ein nied¬
2047 831 3053 898 liches Loubrettentalenichen, so eine Art Pepi
2038 880 3042 949 Glöckner=Kriatz, kriegsgeman bescheidenen An¬
2038 914 3042 987 forderungon entsprechend. Sie spielt denn auch die
2034 956 3051 1025 Annie in Schnitzlers „Abschiedssouper“ mit
2038 1008 3055 1070 aller munteren—Schwathaftigkeit, wie ihr das
2039 1055 3042 1127 Lerchenfelder Schnäbelchen gewachsen ist. plappert
2039 1108 3044 1174 unbekümmert herzhaft darauf los und bringt den
2039 1139 3052 1209 Typ der vierten Quadrille ganz fesch. Aber Herrn
2035 1191 3044 1258 Wallner plagt der Eutdeckerehrgeiz, und er will
2029 1227 3045 1298 partout aus dieser lustigen Perion eine schmachtende
2043 1263 3043 1349 Sentimentale machen, was ihm schon im „Erb¬
2030 1317 3055 1383 förster“ mißlungen ist. Wie man schließlich aus
2037 1370 3053 1426 einem Spatz im Wiener Rathauspark keine Amsel
2031 1423 3043 1473 machen kann. So ist denn auch Fräulein Keller als
2031 1455 3044 1517 Christine in „Liebelei“ ganz unrecht am Ort; für
2030 1499 3038 1548 diese Rolle fehlt ihr der Atem. Sie piepst und
2032 1544 3051 1593 quetscht Gefühl und zerraunzt und zerweint den
2039 1590 3060 1650 letzten Akt. Dadurch breitete sich über das Stück eine
2032 1632 3048 1696 Atmesphäre bleiernen Trübsinns. — Den Abend
2027 1661 3052 1728 leitete ein Kaiserprolog von Heinrich Glücks¬
2030 1707 3040 1780 mann ein, den Fräulein Trebitsch las. Bei
2026 1765 3041 1829 ihrem ersten Auftreten nannte sie der Theaterzettel
2033 1801 3043 1880 „Marianne“, gestern hleß sie „Martha“ — vielleicht
2027 1864 3051 1917 erfährt die junge Künstlerin bis zu ihrem dritten
2032 1889 3050 1978 Auftroten, wie sie eigentlich und definitiv heißt!
2863 1946 3004 2014 L. F.
2123 2227 2690 2331 Deussches Tagblatt
2767 2277 3043 2375 19402
2073 2289 2722 2406 Oatdeutsche Rundschau
2321 2383 2483 2458 Wien
2037 2444 2227 2519 ru
2176 2454 3105 2534 Auch die Wiener Bühnen ließen es sich
2024 2517 3115 2579 (nicht nehmen, Kaisers Gebuntstag zu feiern.
2026 2562 3069 2617 Zum Ausdruck kam aber der festliche Anlaß nicht
2047 2603 3111 2664 den Stücken, dis afgeführt Kurden, sondern nur in
2032 2655 3116 2725 den Prologen, die kha#n vofängegängen waren. Selt¬
2051 2692 2913 2765 sam berührte in Deutschen Volksthe¬
2036 2736 3099 2794 Wahl der beiden Schnitzter=Stüge „Liebelei“
2041 2777 3107 2838 und „Abschiedssouper“ für die Kaiserfeier, die
2043 2823 3109 2888 durch einen von Martha Trebitsch gesprochenen
2048 2886 3094 2932 Prolog eingeleitet wurde, darin — ausgesucht —
2050 2904 3111 2965 Heinrich Glücksmann im Namen des alten
2046 2961 3106 3014 Oesterreich den jungen Kaiser begrüßte. In der „Liebe¬
2042 3000 3115 3064 lei“ spielte zum ersten Male Fräulein Hedwig Kel¬
2045 3045 3120 3121 ler die empfindsame Christine. Die junge begabte
2014 3152 3125 3241 Künstlerin, deren Frohnatur wohl mehr zur reschen,
2034 3202 3102 3288 feschen Schlager=Mizzi hinneigt, fand sich auch mit den
2032 3249 3099 3327 tragischen Aufgaben ihrer Rolle; glücklich ab und er¬
2031 3289 3098 3362 freute überdies durch die schlichte Eindringlichkeit
2040 3337 3100 3420 ihres Spieles, wie durch ihr echt wienerisches Wesen.
2036 3379 3113 3467 Von den Operettenbühnen hat sich gestern auch das
2024 3431 3084 3497 Bundestheater einen Festprolog geleistet, der
2032 3470 3100 3535 von Direktor Fronz verfaßt war und von Herrn
2028 3511 3081 3590 Josephi gesprochen wurde, und das Carlthea¬
2021 3555 3082 3629 ter feierte schon am Vorabend Kaisers Geburtstag.
2026 3601 3091 3674 Hier war es Herr Schreiber vom Deutschen Volks¬
2023 3645 3082 3722 theater, der den Prolog sprach, zu dem Spielleiter
2011 3688 3082 3753 Hopp mit dem gesamten Künstlerpersonal der
2017 3721 3084 3804 Leopoldstädter Bühne ein lebendes Bild „Die Völker
2014 3773 3088 3858 Oesterreichs huldigen dem Kaiser“ wirkungsvoll ge¬
2018 3814 3101 3921 stellt hatte. Wort und Bild wurden mit stürmischem,
1993 3844 2322 3941 Jubel begrüßt.
2512 3901 3081 3987 trber Beeinnando Spiole
