3484 4320
379 254 734 327 Liebele
206 217 1348 359 5. box 10/7
936 1178 1625 1280 Lessing=Theater. ##
791 1257 1658 1336 Es ist schade, daß die Direktion des Lessing¬
726 1305 1651 1380 Theaters nicht schonend Frl. Adele Sandrock ge¬
729 1341 1658 1422 sagt hat, was ihr #igern Abend das Publikum in
724 1377 1646 1449 eisiger Küble sagen mußte. Dum tacent, clamant!
728 1415 1659 1494 Nach den beiden ersten Akten der „Liebelei“ rührte
734 1453 1660 1522 sich keine Hand im Parkett; nur eine geradezu
725 1492 1662 1561 lächerlich aufdringliche Klaque sandte geräuschvolle
736 1528 1664 1602 Zeichen ihres spaßigen Wohlgefallens vom hoben
727 1561 1660 1640 Olymp herab. Adele Sandrock ist hoffentlich eine
732 1600 1665 1674 zu hellhörige Künstlerin, um den Werth solchen
739 1636 1658 1696 Erfolges zu verkennen, auch wenn sie keine Freunde
738 1672 1670 1762 haben sollte, die in den Pausen im Foyer ihre Ohren
733 1737 1005 1799 offen hielten.
809 1740 1674 1816 Nicht nur, daß die große Tragödin der Burg
736 1786 1676 1854 durchaus nicht das Bild der Christine wiedergab, sie
746 1826 1685 1888 störte sogar direkt dieses prächtige Ensemble. Frl.
741 1862 1684 1929 Clemens als Schlager=Mizi war von geradezu ent¬
738 1898 1676 1962 zückender Frische, und der trockene Bummelwitz des
752 1939 1678 2007 Herrn Jarno feierte Triumphe. Aber was soll in
745 1972 1676 2048 diesem famos abgekönten Milien diese Christine?
746 2014 1678 2080 Diese eife Frau mit dem hohen, königlichen Wuchs, den
754 2043 1683 2113 breiten Hüften, dem steinernen, unjugendlichen Ge¬
757 2099 1677 2156 sicht, auf dem die Krone der kindlichen Defregger¬
758 2116 1677 2188 Zöpfe wie eine Parodie aussieht? Man gewinnt
748 2164 1679 2231 den peinlichen Eindruck, daß diese so sanft thuende
760 2207 1679 2263 Christine mit einem einzigen Recken ihrer Walküren¬
755 2235 1682 2309 glieder ein Dutzend solcher Wiener Anatols wider
760 2275 1680 2334 die Wand wirft. Jede Zierlichkeit und Jutimität,
752 2316 1691 2376 kurz alles, worin gerade die Stärke dieses
1584 2344 1688 2393 vonl
1070 2348 1566 2409 Schnitzlerschen Stückes
757 2369 1071 2417 liebenswürdigen
758 2378 1698 2446 Humor und Wehmuth besteht, geht verloren,
1272 2411 1697 2476 süßen Wiener Mädel
757 2431 1247 2488 wenn statt dem lieben,
755 2469 1700 2516 eine überreife Brunhilde in den Rahmen dieses
759 2493 1692 2561 Bildchens tritt, statt der unfertigen kleinen
762 2539 1694 2591 Schwärmerin eine fertige Frau, die mühsam den
764 2570 1697 2633 gebieterischen Ton ihrer vollen Altstimme zur
763 2609 1696 2677 bittenden Zärtlichkeit herabstimmt, und die doch weder
774 2648 1702 2707 im Aussehen, noch im Auftreten den keuschen
768 2685 1701 2743 Reiz einer süßen Jugend heucheln kann, über den
773 2717 1694 2786 ihre Kunst gerade nie verfügt hat. Daß sie in allen
777 2751 1698 2830 Fehlern immer eine große Schauspielerin bleibt,
770 2800 1701 2863 sicher und klug, das ist gewiß; aber sie
777 2837 1711 2895 würde ebenso gut und mit derselben Sicherheit und —
778 2867 1705 2927 demselben Erfolg etwa das Käthchen von Heilbronn
773 2905 1712 2972 spielen können, oder den Georg im Götz; denn ihre
781 2939 1713 3012 eigentliche Individualität, durch die und in der sie
770 2978 1707 3041 groß ist, kann sie hier wie dort gleich wenig heraus¬
777 3015 1715 3083 lassen. So bleibt also für die Zuschauer die üble
770 3044 1718 3126 Wirkung eines Mummenschanzes übrig, den eine
781 3086 1727 3157 sehr gemiale Schauspielerin aus nabegreiflicher Lanne
789 3126 1722 3192 sich mit dem Publikum und sich selbst gestatten zu
773 3181 1098 3240 dürfen glauht.
866 3195 1713 3271 Der „Liebelei“ der ihr realistischer Schmerzens¬
786 3235 1722 3300 ausbruch im dritten Akt zuletzt noch etwas
906 3277 1724 3334 einen matten Erfolg gerettet hatte.
786 3294 895 3339 wie
787 3310 1722 3378 ließ die Künstlerin das „Abschieds=Souper“
778 3345 1719 3413 folgen. Der Widerspruch, der nach Schluß dieses
780 3385 1730 3455 einaktigen, nicht üblen Wiener Witzes ohne
777 3424 1728 3475 Handlung mit dem Beifall kämpfte, galt wohl zur
781 3462 1735 3549 Hälfte dem Stückchen, das nicht zu den stolzesten
1670 1151 2615 1228 Kindern der Schnitzlerschen Muse gehört. Es kam
1671 1197 2612 1269 Frl. Sandrock wohl darauf an, durch den Gegenjatz zu
1669 1235 2608 1309 wirken, der in den Rollen der Christine im ersten
2486 1270 2601 1318 488
1671 1282 2480 1341 und der Annie im zweiten Stück liegt.
1660 1305 2607 1402 mußte theilweise schon deshalb mißlingen, uei
1674 1344 2613 1421 niemand im Hause ihre Christine ganz ernst ge¬
1679 1360 2613 1446 nommen hatte. Die mit allen Schönheitsmittelchen
1676 1439 2634 1500 aufgedonnerte Balletteuse des zweiten Stückes
1677 1452 2611 1532 gelang ihr weil besser. Freilich übetrieb sie mehr,
1669 1493 2617 1565 als die lustige Scene erfordert. Diese Krkotte mit
1679 1528 2619 1598 den gefärbten Haaren und dem gefärbten Gesicht
1675 1568 2617 1636 hat doch reichlich lange mit Herren der Gesellschaft
1657 1612 2633 1677 1 — wenn auch nicht gerade coram publico — verkehrt,
1687 1662 2626 1714 um zu wissen, daß man die Anstern nicht auf eine
1761 1695 2619 1748 laute, unappetitliche Art zu schlürfen
1719 1720 1762 1748 9
1678 1718 2627 1776 pflegt. Deraitige Damen haben in Wahr¬
1692 1752 2624 1825 heit gerade ein prächtiges Imitationstalent und
1687 1795 2628 1868 Aupassungsvermögen, und nur in einzelnen Mo¬
1683 1833 2622 1899 menten des Affekts, oder des Unbewachtseins
1683 1868 2632 1932 bricht dann das Bedürfniß durch, diese mühsam
1693 1900 2623 1975 affektirte Wohlanständigkeit einmal gründlich über
1689 1940 2630 2007 den Haufen zu werfen. Der samose Anatol des
1696 1975 2619 2049 Herrn Jarno wurde durch das zwar wirkungsvolle,
1699 2006 2636 2087 aber viel zu stark aufgetrigene Spiel der beruhmten
1697 2049 2638 2124 Wienerin einfach unmöglich. Für einen echten
1691 2090 2633 2164 Anatol wäre eben das erste Souper mit dieser,
1698 2127 2648 2194 Annie bereits ganz bestimmt das „Abschieds¬
1698 2181 2047 2249 souper“ gewesen.
1774 2191 2640 2272 Zum Schluß noch eine Frage: Hat die Direktion
1703 2238 2647 2306 des Lessing=Theaters gar keine berathende Stimme
1705 2279 2635 2351 bei Auswahl der Stücke? Warum wirkt sie nicht
1700 2304 2638 2380 in Güte dahin, daß Frl. Sandrock nicht in Rollen
1709 2355 2641 2417 auftritt, die — das muß die knappste Probe zeigen
1762 2389 2644 2450 ihren wohlverdienten, starkbegründeten Ruhm
1707 2426 2625 2498 gefährden? Warum tritt sie nicht in Rollen auf,
1715 2454 2636 2528 die ihrem eminenten Talent wirklich liegen, damit
1709 2512 2645 2567 viele Zuschauende sich ehrlich ihrer Kunst freuen und
1715 2534 2632 2610 viele Ansübende von ihr lernen können? Ich sah
1710 2550 2648 2649 gestern verschiedene jugendliche Angehörige anderer
1721 2612 2637 2681 Berliner Bühnen im Parkett. Auf ihren erstannt
1713 2655 2647 2725 lächelnden Gesichtern lag die Frage: das also ist die
1723 2711 1925 2762 Sandrock?
1793 2702 2658 2790 Möge die Künstlerin bald selbst antworten mit
1715 2764 2679 2832 einer ihrer Glanzleistungen: Nein, Ihr Voreiligen,
2473 2798 2638 2851 R. P.
1733 2806 2274 2879 das war die Sandrock nicht!
