3436 4320
276 231 788 316 5. Liebele
441 235 1395 335 box 11/3
1526 406 2510 488 sicher in ihren Rollen; Herr Ehrens gab als Theodor
1527 454 2508 539 sein Bestes am Schluß, wo er dem Ergriffensein, das
815 470 1242 599 Feuilleton.)
1235 495 2507 594 ZAfU7 nicht Wort haben will, in der ganzen Haltung voll¬
1529 541 2497 622 endeten Ausdruck verlieh. Der alte Musikus des Hrn.
1528 587 2501 658 Danegger ist eine vollendete Leistung in Maske, Ge¬
875 590 1167 672 Theater.
1171 578 1505 702 A74
1519 643 2507 723 bärde und Wort. Frl. Winter zeichnete die Frau
810 653 1245 714 Pfauentheater:
1519 696 2079 763 Binder durchaus lebenswahr.
531 670 1499 787 „Liebelei“ — „Abschiedssouper“ (6. Okt.).
1585 701 2508 789 In fröhlichster, sprudelnder Laune verlief Schnitzlers
603 744 1516 836 T. Der =####e=Abend am Dienstag gelang
1526 748 2875 836 geistreicher Einakter „Abschiedssouper“. Frl. Telephon 12.801,
539 798 1522 862 lobenswert. der „Diebelei“ wird, wenn sie auch
1530 805 2502 879 Terwin als Annie und die Herren Nowotny und
546 837 1514 921 nur halbwegs gut gespielt wird, immer wieder eine
1524 848 2502 927 Ehrens traten hier zu einem glänzend abgerundeten
537 879 1516 964 tiefe Wirkung ausgehen. Eine Figur wie Christine ist
1530 916 1883 991 Terzett zusammen.
543 922 1516 990 nur den Wenigsten unter den modernen Dichtern ge¬
539 962 1524 1036 lungen; zugleich ist das ganze dramatische Erlebnis
1636 946 2882 1046 Latssertessnemmtonz-urrernenmen für Zeitungs-Ausschnitte
549 1010 1520 1076 auf den einfachsten, klarsten Ausdruck gebracht, wie
1930 1029 2756 1126 Wien, I., Concordiaplatz 4.
544 1050 1536 1121 dies nur einer feinen Künstlerhand glückt, und dabei liegt
542 1106 1524 1165 über dem Ganzen eine wundervoll einheitliche Stim¬
2117 1100 2565 1181 Vertretungen
557 1151 1536 1219 mung, deren Lebensechtheit nur am Schluß etwas
1791 1152 2872 1221 in Berlin, Budapest, Chicago, Christiania, Genf, Kopen¬
555 1186 1544 1254 gestört wird durch das mehr aus dem Hirn als aus
1797 1214 2889 1257 hagen, London, Madrid, Mailand, Minneapolis, New-Vork,
558 1236 1538 1303 dem Herzen bezogene anklagende Räsonnement des tod¬
1833 1251 2849 1309 Paris, Rom, San Francisco, Stockholm, St. Petersburg.
2130 1295 2550 1354 (Quellenangabe ohne Gewähr).
548 1291 1545 1344 wunden -Mädchens. Frl. Hedwig Jäger spielte die
549 1317 1539 1387 Christine. Sie hatte sich eines ansehnlichen Beifalls
1782 1337 2162 1423 Ausschnitt aus:
561 1364 1546 1435 zu erfreuen; wohl am besten gelang ihr der Ver¬
2042 1350 2895 1482 Znalmer TePChTEgtm. Wühren
560 1415 1540 1488 zweiflungsschmerz des letzten Aktes. Mir ist diese
1792 1448 1929 1505 vom:
565 1454 1554 1517 Christine zu wenig wienerisch oder positiv: zu nord¬
554 1489 1543 1577 deutsch; das Süße kommt nicht recht heraus, das weich
1999 1497 2896 1576 Stadttheater in Zuaim. Donnerstag, den
556 1538 1544 1609 Auschmiegende, das Liebe. Mehr Grunewald als
1905 1556 2890 1650 8. d.: Arthur Schnitzler's Schauspiel Liebelei
565 1587 1543 1664 Wienerwald. Daß Frl. Jäger den gemütlichen Dialekt
1904 1608 2900 1677 ging vor fast ieerem Hälise zum eesten Male
557 1625 1549 1694 nur mnemotechnisch beherrscht und ihn sehr gern an
1900 1666 2885 1725 in Szene. Die Handlung des Stückes ist für
564 1668 1545 1742 das kühle korrekte Hochdeutsch vertauscht, ist charakteri¬
1908 1711 2891 1776 einen den Abend füllenden Dreiakter zu klein;
572 1712 1544 1783 stisch für ihre Christine. Frl. Terwin fand sich als
571 1763 1548 1835 Mizzi Schlager ganz anders leicht und behaglich in
1908 1755 2884 1822 der Dialog, der vielfach an Längen und Wieder¬
563 1795 1555 1866 den Weaner Ton hinein; sie bot eine allerliebste
1912 1810 2895 1884 holungen krankt, um die Zeit zu füllen, ermüdet.
560 1827 1561 1910 Leistung. Die Herren Nowotny und Ehrens, die beiden
1907 1860 2898 1939 Der Stoff ist kurz gefaßt folgender: Christine,
572 1893 1585 1993 Liungen Leute“ des Stückes, bewegten sich frei und
1905 1910 2890 1967 die zärtlich geliebte, einzige Tochter eines alten
1917 1963 2895 2034 Theatermusikanten, kernt einen jungen Lebemann
1914 2019 2900 2080 Fritz Lobheimer kennen, an den sie ihr ganzes
1917 2058 2913 2135 Herz hängt und in ihrer kindlichen Unerfahren¬
1916 2112 2908 2168 heit sich einbildet, daß auch er in ihr sein Alles
1920 2160 2907 2238 sieht. Dem Manne aber ist sie nur ein flüchtiger
1910 2209 2903 2282 Zeitvertreib, eine Liebelei, eine von Vielen, wäh¬
1916 2265 2892 2324 rend er ihr die einzige, alles überflutende Liebe
1919 2319 2892 2367 bedeutet. In einem Duell, das Fritz mit dem
1912 2365 2900 2431 Manne von einer seiner Geliebten hat, fällt er
1907 2410 2903 2465 und wird begraben, ehe Christine, der er eine
1910 2451 2907 2516 Reise vorgespiegelt, überhaupt eine Ahnung von
1910 2503 2906 2579 dem wahren Sachverhalte erhält. Wie sie aber
1920 2555 2897 2626 die brutale Tatsache seines Todes und die Ur¬
1922 2613 2905 2673 sache desselben erfährt, flieht sie verzweifelt aus
1925 2658 2914 2724 den Armen des Vaters, der sie vergeblich durch
1912 2707 2905 2774 seine Liebe zu trösten sucht, wahrscheinlich auch
1921 2740 2912 2807 in den Tod. Der Charakter des Fritz ist unklar
1923 2803 2909 2863 und verworren, bei allem Egoismus des Lebe¬
1926 2856 2905 2923 mannes zeigt er auch wieder Züge reichlicher
1922 2900 2900 2963 Sentimentalität, während Christine etwas zu
1916 2944 2903 2997 überspannt hysterisch sich geberdet. Gegen diese
1919 3009 2910 3064 Beiden wirkt erfrischend das andere Paar: die
1916 3056 2909 3118 Modistin Mizzi mit ihrer natürlichen Weltklug¬
1923 3100 2914 3157 heit, die nicht durch Illusionen sich den klaren
1916 3124 2919 3207 Blick ins Leben trüben läßt und Fritzens Freund
1913 3196 2917 3262 Theodor Kaiser, dessen kalter Egoismus nicht in
1919 3255 2902 3304 Gefühlsduseleien sich verschleiert. Auch der
1918 3287 2919 3353 Vater Christinens ist ein mehr in Gefühlen
1926 3349 2907 3399 schwelgender als kräftig handelnder Charakter.
1927 3386 2926 3447 Gespielt wurde gut, obwohl stellenweise die
1945 3443 2924 3521 Souffleuse es nötig hatte, einzugreifen. Beson¬
1941 3494 2932 3579 ders Frl. Plaaß, Christine, war sehr brav,
1950 3547 2924 3603 in den Affektszenen des 3. Aktes voll dramati¬
1946 3602 2930 3665 scher Kraft. Frisch und natürlich gab Frl.
1945 3654 2928 3708 Lissa die Mizzi. Die Herren Rotter, Wal¬
1946 3697 2924 3778 ter und Pankl, sowie Frau Maschek sind
1949 3756 2934 3812 jedenfalls Kräfte, die im Laufe der Saison noch
1949 3804 2923 3860 viele gelungene Gestalten auf die Bühne stellen
1943 3858 2931 3919 werden, besonders wenn erst durch längeres
1952 3901 2924 3966 Zusammenspielen die Eigenheiten des Einen und
1948 3937 2922 4017 Anderen sich abgeschliffen haben. Der Wieder¬
1942 3991 2933 4061 holung des immerhin interessanten Stückes möch¬
1932 4048 2942 4136 #ten wir einen besseren Besuch herzlich wünschen.
