3436 4256
147 128 227 204 9
145 180 439 245 rgplatz 5a
2268 203 2727 298 box 13/8
1572 213 2165 321 5. Liebelei
2096 256 2154 319 1
1763 264 2059 331 LIebere
132 352 462 427 konzessioniertes
127 396 465 465 itungs-Ausschnittg
131 439 465 499 Felephon R 23-0-43
137 838 3130 957 1 Speidel. Der Baron Berger sei außerdemandern, unvergessenen, sehr begabten Lotte, sich auch durch die Jahrzehnte seiner Krank¬
416 921 3130 997 noch ein so geistvoller Plauderer, der vor- dem Fräulein Witt nämlich, zur Hofschau= heit bis in die jetzigen Tage. Durch alle
2217 922 3145 1005 Melancholie leuchtet stets die. Liebe zu seiner
132 939 2239 1061 Lindie; nehmste Gesellschafter im damals beliebtesten spielerin ernannt. Keine Dame des Burg¬
2221 974 2828 1059 Familie, deren Heim er teilt.
1327 985 2223 1059 theaters hatte bis dahin so jung (mit
132 1015 1349 1116 mnanne Journalisten=Bierhaus „zum Winter“ Lokte
1332 1029 2238 1106 17½ Jahren!) das Dekret erhalten. Als das
2255 1048 3132 1127 Kann ein Publikum jemals einer tragischen
147 1052 1341 1166 je gewisse Lotte gehorchte und ist dabei nicht schlecht gefahren.
1341 1056 2240 1154 Fräulein Medelsky kurze Zeit darauf zitternd
454 1108 1346 1197 Denn das Ehepaar Berger=Hohenfels erwies
2226 1111 3137 1179 Schauspielerin, wie es die Medelsky ist, in
1332 1114 2235 1194 vor Franz Josef stand, um ihm den Dank
146 1143 450 1210 8 Burgtheater¬
454 1153 1349 1233 sich später der Medelsky gegenüber als be¬
2236 1152 3150 1234 jenem Maß danken, wie sie es verdiente?
1305 1157 2164 1257 zu unterbreiten, da sagte ihr der Kaiser:
142 1186 466 1261 hollte! Aber die
2239 1176 3153 1272 Sie, die das Leid so vieler vom Schicksal ver¬
1370 1189 2234 1270 „Liebes Fräulein Medelsky, vor einigen
452 1205 756 1286 sonders gütig.
153 1231 461 1301 zu einem Fest¬
2236 1236 3146 1324 folgter Frauen getragen hat, wie wenn es
1342 1238 2235 1321 Tagen sah ich Sie auf der ühne des Burg¬
149 1272 468 1339 dessen Mittel¬
1346 1282 2236 1364 theaters. Sie husteten dan als einigemal!
2245 1280 3152 1358 ihr eigenes wäre? Die soviel fremden
490 1269 1356 1354 So kam es also im Jänner 1897 zur
156 1311 471 1381 ine Gestalt, die
2236 1339 3131 1417 Schmerz ins eigene Blut gemischt? Nein —
1352 1319 2237 1409 Ists ein Katarrh? Sie müssen sich schonen,
147 1333 1348 1416 kigentlich ganz „Wildente“=Premiere auf dem Franzensring.
2247 1378 2691 1456 es ist nicht möglich!
1358 1387 1722 1457 liebes Fräulein.“
142 1375 1352 1461 pielerisch. Eine! Es war ein künstlerischer Sieg. Das wichtigste
1379 1400 2241 1479 Wie stolz war die Künstlerin auf solche
2271 1408 2959 1486 Nur ein kleines Beispiel dafür.
143 1421 1360 1501 bar Dr. Max aber für Burckhard — da ihn doch der
1349 1451 2253 1533 Fürsorge der höchsten Person, die doch wahr¬
2277 1437 3166 1530 Eines Tages spielt die Medelsky im Preß¬
240 1466 1291 1543 blutjunge Triumph Mitterwurzers als sicher galt
148 1484 251 1550 lige
1351 1483 2265 1592 haftig auch an andre Dinge zu denken hatte.
2229 1506 3161 1583 burger Theater als Gast die Christine in
145 1503 1359 1586 ter zugeführt war der Erfolg der Medelsky. Am Schluß des
2238 1544 3162 1613 Schnitzlers „Liebelei“, Man wird sich ja er¬
151 1545 1357 1630 nals für seinen vierten Aktes, nach der großen Szene mit
2243 1583 3159 1669 innern: Am Schluß des dritten Aktes erfährt
143 1583 1368 1667 kien hat man Gregers Werle, der der jungen Hedwig rät,
1392 1577 2247 1672 Man kann sich heute kaum vorstellen, welch
2247 1625 3164 1706 das ahnungslose Mädchen, ihr geliebter Fritz,
183 1636 1370 1704 Direktor des dem Vater zuliebe die Wildente zu erschießen,
1364 1653 2253 1720 tiefen Eindruck das Gretchen der Medelsky
2246 1676 3157 1745 dem sie ihre ganze Seele hingegeben, sei tot.
462 1663 1361 1770 hatten die Sandrock und die Medelsky fast
157 1699 480 1770 schikose Natur
1365 1688 2257 1772 seinerzeit in Wien übte. Die Darstellerin war
2252 1716 3155 1791 Aber das ist noch nicht das ganze Unglück. Er
472 1722 1362 1801 gleichzeitig abzugehen. Stürmischer Beifall
168 1733 480 1800 Temperament,
1366 1733 2262 1808 wirklich so alt wie die Leidensheldin Goethes.
472 1749 1364 1839 stieg vom Parkett auf und kam von der Galerie
2249 1761 3160 1847 sei im Duell gefallen, im Zweikampf — wegen
158 1768 482 1847 Aber wie er für
1372 1773 2261 1865 Um jene Zeit hatte der große Billroth eine
2250 1806 3171 1877 einer andern Frau! Und die Familie habe ihn
483 1807 1375 1882 herab. Und die Medelsky tritt, nachdem der
164 1820 479 1888 hsorgte, das an
1372 1815 2260 1891 Aeußerung gegen das Medizinstudium von
478 1855 1370 1932 Vorhang gefallen war, auf die Sandrock zu,
2250 1852 3179 1935 schon begraben, ohne an seine Christine auch
169 1866 484 1941 nehmen sollte,
1363 1864 2256 1944 Frauen fallen lassen. Sie klang dahin aus, als
465 1896 1366 1972 um sie zu dieser großen Beifallskundgebung zu
2250 1890 3174 1964 nur zu denken! Mit dem Ruf: „Laßt mich,
157 1913 324 1977 delsky.
1374 1907 2147 1994 wären sie überhaupt zu wenig begabt.
2264 1937 3174 2008 laßt mich!“ stürzt das arme Mädchen aus der
213 1933 494 2018 ins Burg¬
484 1951 847 2022 beglückwünschen.
1404 1929 2262 2031 Bei einer Vorstellung mit der Medelsky als
510 1964 1389 2050 Da kommt Dr. Burckhard auf die beiden
2249 1977 3185 2067 Wohnung des Vaters fort. Es geht in die
222 1985 491 2059 rjemals auf
1370 1994 2262 2067 Gretchen saß ein bekannter Nervenarzt, Dozent
479 2023 1379 2094 Damen zu und sagte der Medelsky: „Aber,
145 2030 436 2100 en zu sein—
2257 2039 2453 2105 Donau.
1368 2031 2275 2119 Dr. Holländer, neben mir. Ergriffen sagte er:
1256 2065 1376 2118 Der
156 2060 497 2142 niemand erlebt!
2303 2055 3106 2136 Als die Medelsky an jenem Abend d
487 2062 1261 2141 Tschapperl, was reden Sie denn da?
1371 2056 2284 2156 „Die Leistung dieses jungen Mädchens, das da
485 2097 1385 2193 Beifall hat ja Ihnen gegolten! Sie haben
163 2118 502 2197 er sie blieb nicht
2265 2115 3086 2187 letzten Worte ihrer Rolle gesprochen hatte,
1359 2125 2273 2211 die Margarete in solch schüchternem, zurück¬
481 2141 1226 2238 Ihre Szene ausgezeichnet gespielt!“
2270 2159 3179 2224 mächtigte sich des Hauses eine ganz ungewohn¬
1382 2161 2274 2243 haltendem Ton anlegt und immer inniger
519 2182 1382 2268 Die Tehütantin erschrickt ob dieser Worte
2267 2197 3180 2268 liche Erregung! Ein Herr, der im Parkett saß,
1376 2211 2278 2290 wird, um zum Schluß den Höhepunkt
2140 2248 2270 2305 diese
2108 2263 2168 2302 —
2276 2239 3190 2319 sprang mitten im Tosen des Beifalls auf
148 2233 1388 2321 usschlaggebende des Direktors. Denn sie glaubt, die Sandrock
1381 2241 2081 2329 dramatischer Kraft zu erreichen
2262 2295 3202 2361 und lief auf die Bühne, in ernster Sorge um
163 2279 1384 2376 Edwig in Ibsens werde beleidigt sein. Aber die schon berühmte
1381 2288 2273 2373 Steigerung allein zeugt von bewunderns¬
153 2322 1381 2428 ##urzer hatte zur Kollegin sagt: „Der Direktor hat ganz recht!“
2277 2336 3006 2401 die Darstellerin, um die Medelsky.
1377 2337 2276 2413 werter Feinheit des Geistes; davon nicht zu
2306 2354 3191 2434 „Gnädige Frau!“ rief r aus, „ich habe
492 2382 1133 2453 und küßt die junge Partnerin.
1382 2382 2282 2463 sprechen, wie ein kaum flügge gewordenes
160 2398 509 2466 ht ganz freund¬
521 2390 1394 2490 Da, wie schon erwähnt, die Frau Mitter¬
2277 2421 3191 2479 Sie bis nun nicht gekannt. Ich bin der Arzt
1383 2424 2286 2493 Mädchen die Verse eines Goethe so tief erfaßt
159 2433 520 2505 ngt. Aber da er
509 2448 1389 2528 wurzer die Sörby pielte, zeigte Friedrich
2285 2464 3198 2528 des Hauses. Sie l ben mich tief ergriffen,
1387 2458 2290 2552 Angesichts dieses Gretchens würde Billroth
156 2482 513 2554 lte, mußten alle
505 2485 1393 2564 Mitterwurzer an jenem Abend besondere
2288 2502 3209 2565 aber all das spielt keine Rolle gegenüber der
1384 2514 2288 2584 wohl andrer Meinung über die Frauen
152 2516 515 2587 Helch berühmter
502 2528 1393 2619 Erregung. Obwohl von seiner Frau längst ge¬
2276 2528 3201 2624 Sorge, die ich für Ihre Gesundheit hege! Sie
178 2562 527 2632 Absolventin des
164 2569 1648 2683 kum sich zeigen! schieden, hatte er, wie stets, wenn er mit ihr werden!“
2275 2579 3111 2681 selbst müssen ja furchtbar erregt sein!“
512 2612 1230 2695 auftrat, Blumen für sie mitgebracht.
2318 2618 3198 2696 Und der Arzt zieht die Schauspielerin,
177 2643 529 2713 aufzuzählen, um
1410 2638 2305 2719 Damals genoß die Medelsky ihre glücklichste
546 2636 1412 2735 Aber er übergab sie ihr nicht während der
2281 2668 3202 2735 deren Wangen noch glühen, mit Gewalt von
167 2681 531 2759 baren Glanz von
1403 2697 2295 2779 Zeit. Zum jungen Ruhm, der um sie blühte.
518 2702 1407 2790 Vorstellung, sondern nach Schluß. Da wartete
168 2736 528 2800 e war Lewinsky,
1404 2720 3200 2809 gesellte sich das Glück der Liebe. Da hatte der Bühne weg — in ihre Garderobe. Er
530 2746 1407 2823 er beim Bühnenausgang an der Volksgarten¬
349 2777 527 2832 Schöne,
176 2780 371 2845 dal —
1411 2752 3207 2853 Burckhard einen reichsdeutschen Schauspieler fühlt ihr den Puls und ruft ihr mit angst¬
516 2794 1404 2879 seite, bis Frau Mitterwurzer in den Theater¬
2291 2802 2709 2886 voller Stimme zu:
193 2818 534 2878 Gina — Adele
1408 2823 2292 2902 für das Burgtheater gewonnen, Eugen
516 2834 1416 2905 wagen zur Nachhausefahrt einsteigen wollte.
2338 2819 3207 2908 „Ihr Zustand ist ja schrecklich, Sie müssen
169 2850 533 2921 au Mitterwurzer,
1404 2857 2304 2946 Frank, das Bild jungmännlicher Schönheit:
2288 2883 3135 2955 sich beruhigen — Ihr Puls ist sehr hoch.“
185 2879 1413 2971 und Molvig —Diese viersitzigen, geschlossenen Landauer, die
495 2917 1416 2992 damals den Künstlern zur Verfügung ge¬
2322 2909 3210 2984 Er will ihr dieses und jenes Beruhigungs¬
184 2914 2301 3044 h um die Hedwig halten wurden, waren in Wien als humpelige tadetloser, zum Heldischen neigender Wuchs,
1383 2961 2308 3030 prächtiger Kopf, ein helles Antlitz, durch die
2296 2967 3206 3031 mittel geben, er hat sogar eines bei sich in
178 2999 2307 3088 wollte sie spielen, Straßenungeheuer geradezu berühmt! Und erst blauen Augen geradezu erleuchtet, eine
2299 3008 3213 3078 der Medikamententasche. Aber die Medelsky
522 3039 2308 3138 die alten, bequemen Pferde! Man dachte an die Fülle dlonden Haares. Kollege und Kollegin
2307 3044 3217 3128 lehnt mit mildem Lächeln die Hilfeleistung ab.
175 3071 539 3155 kre Schauspielerin
1410 3088 2314 3151 reichten einander alsbald die Hand zum
2331 3096 3152 3174 „Der Puls wird sich schon wieder b
194 3090 1422 3160 Sie glaubte an Vehikel aus den Hackländerschen Romanen
1415 3123 2318 3198 Bund. Eine wahrhaft glückliche Ehe nahm
2311 3138 3218 3216 ruhigen. Lassen Sie mich nur ein Viertel¬
543 3134 1428 3213 des gemütlichen Hoftheaterlebens.... War
175 3154 550 3222 Alter ein noch in
1412 3156 2312 3248 ihren Anfang. Man weiß ja: die Tochter und
547 3175 1428 3254 nun der Wagen für Frau Mitterwurzer vor¬
2306 3179 2676 3264 stündchen ruhen.“
183 3188 543 3257 Mädchen wie die
1415 3217 2315 3288 der Sohn, Lieselotte Medelsky und Hans
538 3214 1427 3298 gefahren, so schob ihr ehemaliger Gatte den
2338 3206 3220 3300 „Aber Sie versprechen mir,“ beschwört
178 3230 542 3316 En und als Tochter
1425 3260 2316 3336 Frank, haben die schauspielerische Laufbahn
536 3257 1425 3340 Portier, der die Tür öffnen wollte, zur Seite
2302 3264 3208 3339 der Arzt die Künstlerin, „nie mehr so tief
162 3271 323 3352 Finen!
550 3293 1427 3379 und bemächtigte sich selbst des Wagenschlages.
2314 3296 3228 3389 aus der Seele und vor allem aus dem
1421 3324 1869 3386 mit Erfolg betreten.
182 3306 553 3389 unbedingt bei der
2792 3354 2849 3394 7
1443 3325 2312 3411 Leider aber kam mit dem Krieg das
555 3335 1433 3424 War die Gattin da, so riß er die Tür auf und
2318 3361 2829 3435 Herzen herauszuschöpfen!“
189 3368 557 3446 Protektor riet er
1420 3384 2315 3459 Unglück ins Haus. Eugen Frank wurde von
552 3368 1434 3467 legte erst jetzt die Blumen feierlich in ihren
2344 3375 3232 3462 „Es ist unser Beruf,“ antwortet die Künst¬
186 3416 557 3480 id ihrem Gatten
1421 3430 2320 3506 einer Kriegspsychose erfaßt. Als Sohn eines
2311 3444 2888 3529 lerin mit bitterem Lächeln.
184 3428 1427 3515 lg zu fahren, um Schoß, küßte der Gattin die Hand und ließ sie
2342 3459 3227 3546 Und nochmals stürzt ihr die Träne über
1412 3469 2322 3570 Landwirtes im gesündesten Milien auf¬
546 3480 1290 3573 dann schön allein nach Hause fahren.
178 3492 564 3566 itten und die Er¬
2316 3517 3223 3614 das Schicksal Christinens aus den Augen....
1413 3508 2331 3605 gewachsen, geriet er durch die Schreckens¬
186 3533 568 3613 ie Hedwig vor¬
2342 3564 3231 3634 Und nun, nach vierzig Jahren solchen
205 3581 561 3647 würde die Frau
571 3564 2314 3653 Der Erfolg mit der Hedwig beschleunigte nachrichten vom Kriegsschauplatz aus dem
2323 3605 3030 3680 Wirkens, feiert man ein Jubiläum.
192 3620 571 3695 ich ihren Gemahl,
199 3605 2329 3732 Persönlichkeit sei. die Karriere der Medelsky und als sie erstl scelischen Gleichgewicht. Die Aerzte geboten
2730 3660 3197 3755 Julius Stern.
195 3642 2341 3784 seundschaft mit den mit dem Gretchen im „Faust“I Sensation aufs strengste: Aufgabe aller Tätigkeit. Aber
201 3691 2338 3824 sers mit Ludwig übte, da wurde sie gleichzeitig mit einer die Liebenswürdigkeit seiner Natur bewährte
