3436 4192
250 195 392 286 5
444 196 792 267 Tebelei
864 195 1379 291 box 12/1
1132 863 1532 945 Telephon 12.801.
641 1005 1348 1102 SOSENVER
434 1088 1523 1178 1. österr. beh. konz. Unternehmen für Zeitungs¬
645 1136 1318 1211 Ausschnitte und Bibliographie.
618 1195 1375 1272 Wien, I., Concordiaplatz 4.
844 1270 1158 1336 Vertretungen
453 1291 1549 1368 in Berlin, Brüssel, Budapest, Chicago, Cleveland, Christiania,
456 1346 1544 1410 Genf, Kopenhagen, London, Madrid, Mailand, Minneapolis,
458 1386 1549 1473 New-York, Paris, Rom, San Francisco, Stockholm, St. Peters¬
851 1435 1156 1492 burg, Toronto.
805 1469 1203 1540 (Quellenangabe ohne Gewahr.!
450 1537 1659 1622 Ausschnitt aus: Neue Badis#e Landes Zeitur
1100 1604 1421 1689 Mannheim
457 1680 985 1784 S
986 1802 1472 1900 Feuilleton.
998 1905 1488 1984 Berliner Theater.
757 1974 1732 2040 Die vertonte „Liebelei.“ — Pariser Possenartikel.
749 2022 1800 2105 Franz Neumann, der Frankfurter Kapellmeister, hat
675 2076 1805 2133 Schnitzlers „Liebelei“ komponiert und in der Komischen
662 2125 1357 2190 Oper einen starken Erfolg gehabt.
766 2144 1794 2213 Eine reine künstlerische Freude kann dieses Werk. trotz
665 2209 1801 2263 musikalischer Arbeitsqualität, nicht machen. Der Stoff, text¬
675 2228 1800 2306 lich fast wörtlich übernommen, und die Musik gehen nich
673 2272 1805 2336 zusammen. In Schnitzlers liebem Wiener Stück schwebe
683 2322 1802 2377 Musik: Donauwalzer, Rhhrhmus der Deutschmeistermärsche;
668 2368 1805 2426 Werklton im Frühling beim Heurigen am Kahlenberg, weh¬
658 2409 1799 2455 banges Sehnsuchtslied in der Dämmerung, und zum Aus¬
662 2432 1739 2494 gang verwehter zerbrochener Klang einer armen Seele.
755 2479 1800 2541 Ich denke mir, ein Komponist von feinem inneren Ge¬
676 2512 1803 2571 hör müßte sich diese verborgene Musik herauslauschen, sie
672 2553 1809 2613 halten und zum Klingen bringen, und da würde denn so
666 2593 1795 2642 etwas werden, wie eine holdmelancholische Idylle, zart und
673 2646 1803 2684 traurig, mit dem Tod im Hintergrund, und darüber doch
663 2674 1798 2737 leuchtend das unvergängliche Lächeln einer wunderbaren
669 2720 825 2793 Stadt.
751 2732 1799 2798 Davon merkt man hier nichts. Neumann denkt nur
662 2790 1801 2853 an sich, wie er seine dramatisch=pathetischen Triebe musi¬
669 2843 1792 2901 kalisch sich abreagieren kann, wie er Weltuntergangsstim¬
673 2883 1804 2937 mungen, Jüngsten Tags=Furioso in Orchesterdämonien aus¬
673 2921 1806 2962 toben kann. Es ist, als ob einer aus einem lieblichen
669 2959 1802 3003 Schwindschen Bild, etwa dem Morgen mit dem Mägdlein
678 3000 1806 3058 im rührenden Hemed am Fenster, ein Riesenfresko machen
673 3035 819 3108 wollte.
758 3071 1803 3122 Am deutlichsten, zugleich aber auch am peinlichsten spürt
670 3108 1799 3175 man dies im ersten Akt der von Schnitzler so bestrickend
665 3164 1803 3205 gemischt ist, in seiner Plauoeratmosphäre, der heiteren Zärt¬
676 3193 1802 3244 lichkeiten, dem gaukelnden Leichtsinn und lauernder Lebens¬
676 3238 1480 3290 engst und drohendem Unheil in der Luft.
757 3275 1802 3320 Der Komponist aber entfesselt gleich alle Elemente, er
667 3314 1804 3363 reißt die tragischen Schleusen auf, und zu komischem Wider¬
671 3351 1802 3399 spruch wird es, wenn die natürlich=prosaischen Umgangs¬
667 3395 1806 3445 worte Schnitzlerschei##lltagsmenschen — es ist so übsch, daß
670 3432 1802 3491 er die beiden Freunde im Personenverzeichnis einfach als
667 3469 1805 3520 „junge Leute“ bezeichnet —- zu Noten gesungen werden, deren
669 3512 1804 3578 Gewaltsaufgebot etwa den Leidenschaftsgewittern einer nor¬
671 3553 1268 3605 dischen Heerfahrt gemäß wäre.
753 3598 1805 3643 Zwischendurch besinnt sich Neumann und möchte doch ein¬
670 3634 1806 3693 mal dem Klima geben, was des Klimas ist. Drum spielt
669 3677 1812 3720 #er den vergnüglichen Liebesleuten, dem Hern Theodor und
665 3714 1801 3771 der Frl. Mizzi einen Walzer auf und legt für das senti¬
674 3751 1807 3804 mentalische Paar Fritz und Christine ein inniges Volks¬
655 3786 1810 3854 liel — All' mein Gedanken, die ich han, die sind bei Dir
661 3824 1578 3892 der schwermütigen Christin' in den Mund
2179 1676 2323 1761 n
1886 1723 2955 1784 Während aber in Schnitzlers Dichtung durch die fein
1814 1767 2946 1842 und sicher abgewogene Gefühlsdosierung das Jauchzende und
1811 1810 2950 1876 das Betrübte tief menschlich zusammenklingt, steht in dieser
1821 1850 2947 1920 Musik Unvereinbares fremd nebeneinander. Und der erste
1809 1900 2432 1966 Akt ging ziemlich lau vorüber.
1888 1916 2946 2000 Nun hatte Neumann aber mit der Darstellung Glück.
1809 1967 2951 2034 Seine Christine war Marie Labia, die mit Schnitzlers
1810 1997 2954 2080 Idyll gar nichts gemein hat und mit ihrer italienisch=tragi¬
1821 2048 2942 2126 schen Maske, tiefverhängt und von den Furien gezeichnet,
1816 2096 2960 2163 als süßes Mädel im Wiener Vorstadtkleidel arg verwunschen
1815 2148 2955 2200 aussah. Um so besser paßte die Linie ihrer Darstellung
1809 2177 2700 2234 zu der Musik und ihren heroischen Ambitionen.
1892 2189 2959 2280 Und im zweiten Akt, als sie fühlt, daß sie den Geliebten
1817 2248 2955 2329 zum letzten Mal sieht, und im letzten, als sie erfährt, daß
1820 2292 2956 2353 er wegen einer fremden Frau im Duell gefallen, und zu¬
1813 2327 2960 2396 sammenbrechend das Leben wegwirft, da gestaltete die große
1819 2368 2957 2434 Künstlerin, jenseits des bürgerlichen Klimas der Wiener
1818 2396 2962 2469 Komödie, zu aufwühlenden, packenden, vom Milieu losge¬
1811 2468 2778 2513 lösten, naturhaften Gefühls= und Affektsituationen.
1893 2463 2958 2558 Schnitzerisch war allein Desider Zador als Vater Chri¬
1826 2530 2956 2590 stinens, der alte Musikus, menschlich gütevoll, resigniert und
1815 2557 2947 2632 stillheiter dabei in seinem Schubert vergnügt, und mit einem
1815 2606 2947 2674 offnen Herzen für das junge Blut und all sein Wunsch
1817 2648 2949 2703 und Weh'. Diese Gestalt ward schlicht und echt durch den
1819 2688 2955 2755 Darsteller aus der Welt des Dichters herübergerettet und
1813 2727 2949 2791 machte Freude. Freilich verschärfte sich das Widerspruchs¬
1811 2776 2956 2828 volle des Ganzen nun wieder durch die Zusammenstellung
1821 2817 2449 2874 dieses Vaters mit dieser Tochter.
1892 2836 2987 2908 Merkwürdige Wirkungen ergaben sich so. Manchmal
1818 2876 3001 2963 Einzeleindrücke, die isoliert, für sich genommen, fortreißens#
1824 2919 2953 2985 konnten; im zweiten Akt vor allem, der ungezählte Hervor¬
1819 2983 2955 3040 rufe weckte. Aber keine Gesamterfüllung, keine dramatisch
1812 3021 2433 3063 volle Auslösung stellte sich ein.
1888 3026 2949 3101 Man gab sich für einen Augenblick hin, der nächste
1821 3089 2963 3159 verwischte alles, und der Nachgeschmack, der noch einmal
1811 3149 2947 3205 alles Zwiespältige, Schiefe in die Erinnerung brachte, ver¬
1818 3176 2047 3244 darb alles.
2157 3191 2800 3312 has
2604 3290 2988 3366 „
