3436 4256
280 178 663 258 Liebele
819 188 1296 291 box 13/8
156 177 721 314 B. 3486841
175 868 3014 938 vien- Grillparzer, trop peu connu en France et de l’existence au jour le jour, à ceux qui ]surtout par l’émotion sincère, le souflie
1203 911 2998 975 napprécient g## les traditions, les con-(de jeunesse et de passion, le lyrisme pé¬
311 906 1212 971 dont l’ouvre dramatique, d’une grandeur
152 911 332 977 ear¬
307 959 1205 1016 shakespearienne, d’une profondeur philo¬
1205 961 2099 1014 quétes et les richesses de T’art immortel
151 963 316 1025 Wertiie
2103 964 3007 1010 nétrant et pathétique qui T'anime, d'un
1212 1003 2096 1052 et consolateur, rappelons que la cendre
2093 1004 3001 1065 bout à l’autre, cette piéce vraiment belle,
311 1014 1215 1060 sophique et d’une beauté tragique impec¬
165 999 322 1069 #ée et
1204 1044 2094 1097 du grand Beethoven repose dans une des
2089 1041 3000 1116 séduisante et émue, véritable drame d’a¬
308 1041 1219 1118 cable peut rivaliser avec les plus célèbres
167 1053 325 1108 e de
1214 1092 2097 1148 nécropoles de la canitale autrichienne, ou
318 1080 1023 1155 productions duthéätre moderne.
2102 1091 3017 1152 mour, de sacrifice et de douleur vécue,
167 1096 314 1152 beau
1209 1126 2092 1192 triomphe aujourd'hui la musiqueite de
355 1116 1221 1197 Et pourtant, malgré tout ce que cette
2100 1137 3008 1208 au dernier acte s’éléve presque au su¬
168 1139 323 1196 avée,
1212 1175 2092 1238 MM. Humperdinck, Ziller et Millocker.
320 1180 1211 1240 assertion peut avoir de paradoxal — et
171 1184 329 1246 faut
2089 1173 3007 1236 blime, celui qui peut se dégager mème
1232 1222 2094 1271 — Mais qu'importe; et cet éclectisme des
2091 1220 2995 1279 d’une tragédie coftemporaine et bour¬
309 1217 1213 1290 rien de plus sot, de plus inutile que le pa¬
169 1227 326 1294 Appré¬
1208 1259 2095 1323 Viennois, en somme, est une qualité de
321 1264 1218 1319 radoxe — c’est surtout dans les produc¬
2097 1262 2998 1328 geoise, lorsqu'une destinée humaine s’y
169 1264 325 1337 le au
1211 1295 2095 1367 plus: — ravpelons-leur aussi que Vienne
323 1311 1210 1368 tions faciles et souriantes de l’art popu¬
2092 1310 3006 1355 décide et s’ybrise. Et avec cela, des qua¬
1208 1337 2102 1411 possede, à Theure qu'il est, et sans au¬
314 1362 1211 1411 laire, —dans les mélodies faciles et exqui¬
2095 1346 2999 1415 lités scéniques de premier ordre, le don si
156 1338 314 1414 Mleurs,
1207 1393 2094 1454 cune contestation possible, les meilleurs
2101 1396 3005 1445 rare d’émouvoir et de plaire, de prêter
326 1393 1217 1453 ses du grand Johann Strauss qui fut tout
160 1403 325 1460 ceux
1213 1438 2096 1485 théätres du monde entier, les plus remar¬
2094 1438 3012 1491 une forme concrête et dramatique aux
314 1447 1215 1504 simplement, ne vous y trompez pas, un
162 1449 317 1507 nune
1214 1482 2087 1538 quables au point de vue des progrés desla
2093 1485 2997 1559 personnages qui symbolisent la thése de
319 1482 1216 1539 homme de génie, l’égal des plus grands
164 1484 326 1554 Schefs¬
2089 1519 2327 1578 Tauteur.
1208 1506 2092 1576 mise en scène, les plus riches comme va¬
318 1513 1209 1588 en une sphére toute restreinte, —dans les
168 1531 327 1587 eas¬
1205 1566 2102 1631 riété du répertoire lyrique et dramatique.
2127 1547 3006 1628 Cette thése, d’ailleurs, n'a rien dartif¬
320 1565 1222 1625 chansons mélancoliques, d’une gräce si
163 1566 325 1633 refois
1211 1616 2088 1662 Je parle de l’Opéra et de cet extraordi¬
2099 1612 2993 1679 ciel on d’abstrait; c’est l’éternel poème de
319 1600 1221 1673 pénétrante et si tendre du poête Lenau,
158 1608 326 1682 ie de
1210 1657 2097 1713 naire théätre dramatique du Burg, qui de¬
2100 1651 3001 1710 l’amour, de la souffrance, des décevtions
320 1654 1221 1714 dans les aimables vaudevilles d’Alfred
155 1653 327 1720 ance,
1208 1696 2095 1760 meure jusqu'à présent la première scène
2095 1697 2996 1763 qui tôt ou tard flétrissent nos glus beaux
318 1696 1220 1757 Lenonge et de Benedix (ou de charmants
155 1699 330 1758 Suvre
1209 1736 2100 1810 littéraire de l’Allemagne et peut-étre de
2099 1745 3000 1800 réves, nos aspirations les plus ardentes
318 1750 1205 1810 et tres véridiques tableaux de meur, lo¬
164 1751 330 1808 ont le
1208 1781 2095 1836 I’Europe entière, — institution sans ri¬
2089 1784 3001 1843 vers l’impossible idéal, le thème immor¬
324 1793 1200 1839 cales se dissimulent sous l’intrigue enfan¬
164 1796 337 1859 Prieux
1211 1830 2091 1885 vales ou les chefs-d’euvre de Shakes¬
2100 1820 3004 1879 tel de la passion victorieuse et sacrée, plus
323 1829 1210 1896 tine de ces auteurs du hon vienx temps)
165 1839 339 1898 gions
1214 1868 2098 1932 peare, de Molière, de Sophocle, d’Eschyle,
2100 1869 2994 1921 forte que lamort, les préjugés er la haine,
168 1873 1210 1931 nphi-!— c’est dans ces produits aimables, éphé¬
1213 1895 2103 1976 d’Euripide, de Lope de Véga, de Calderon
2093 1916 3005 1976 plus puissante que nos erreurs, nos fau¬
319 1919 1207 1971 méres et souriants de la Muse populaire
167 1921 328 1995 Fenou¬
1215 1956 2098 2009 ou de Geethe sont mis en scène et inter¬
2097 1945 2736 2017 tes et que la vie elle-méme.
316 1963 1218 2022 viennoise qulil faut chercher T’expression
165 1970 326 2029 t, les
2123 1987 3003 2057 Et lorsqu'un jeune poéte, éloquent et
1209 1976 2114 2070 prétés avec autant de goüt et de talent
321 2003 1208 2056 esthétique la plus compléte de cette race
176 2013 328 2067 E,les
1209 2045 1917 2122 que tout le répertoire moderne.
2097 2046 3012 2106 sincère nous la raconte à son tour, cette
324 2053 1215 2115 singulière et sympathique, sublime et
161 2039 338 2117 hoven
1248 2078 2096 2152 C’est sur la scène de cet admirable
2095 2088 3010 2150 histoire décevante et exquise, aussi vieille
320 2064 1211 2170 prosaique, compliquée et naive à la fois.
167 2098 321 2162 amu¬
2100 2127 3004 2187 et aussi jeune pourtant que Tunivers re¬
1216 2134 2097 2186 théätre du Burg, ou revivent tant de glo¬
358 2140 1214 2196 Pays paradoxal et charmant, patrie des
153 2128 343 2193 es et
2098 2174 3009 2234 naissant toujours des cendres du passé,
1219 2178 2088 2229 rieuses et d’illustaes, ###ons, et ou étre
326 2179 1216 2245 grisettes sentimentales, dent les éclats de
160 2178 325 2248 r les
2094 2221 3002 2270 nous y prétons une fois de plus une oreille
1203 2223 2093 2292 joué demeure jusqu' présent, pour tout
319 2221 1216 2281 rire remplissent de gaiett et de jeunesse,
155 2216 330 2286 Nova¬
2098 2250 3010 2333 attentive; nous y. goütons un plaisir
1207 2257 2101 2318 dramaturge allemand, le plus grand hon¬
323 2259 1213 2329 aux jours de dimanche et de fétes, les
155 2274 334 2333 ns le
2101 2303 2743 2370 extröme et presque attendri.
1211 2307 2098 2370 neur auquel il aspire, c’est sur cette scène
318 2315 1212 2375 allées moroses du Prater, pays du beau
166 2318 277 2375 ie
2139 2327 2994 2400 Voici enfin un écrivain admirablement
1204 2351 2102 2421 illustre que s'affirma, de facon défini¬
323 2362 1210 2413 Danube bleu et des valses légères, — bien
157 2358 322 2433 ands,
2091 2379 2999 2457 doué pour la lutte terrible du théätre,
1209 2397 2100 2459 tive, le talent d’un jeune écrivain vien¬
321 2396 1223 2459 ingrat celui qui, après avoir goüté l'at¬
2090 2440 2998 2500 pour cet art singulier, puéril et sublime,
1208 2424 2096 2498 nois, M. Arthun Schnitzler, dont la piéce
321 2442 1211 2508 traction lente et placide de sa vie débon¬
157 2433 326 2514 meins
2100 2470 3005 2547 spontans et complexe, le plus profond et
1211 2484 2098 2540 Liebelet, Tepréschtcc à Vienne avec un
323 2480 1217 2554 naire et voluptueuse, oserait en médire,
167 2497 325 2560 epten¬
1206 2519 3008 2589 immensé succès; est en train de fairé le le plus limité à la fois parmi tous ceux
329 2544 1212 2591 et, éloigné d’elle par l’inexorable exis¬
182 2538 330 2603 plus
2099 2571 3000 2620 qui consolent notre cxil'terrestre. Pas un
1215 2564 2109 2635 tour de tous les théätres germaniques, et
314 2571 1215 2632 tence, n’accorderait pas quelquefois à la
150 2584 333 2646 du ca¬
2098 2593 3024 2684 instant, l’action ne se ralentit, l’intérét ne#
1208 2613 2109 2684 a rendu l’auteur viennois célébre du jour
320 2622 1210 2683 souriante cité autrichienne une pensée de
151 2624 334 2699 mot
1205 2659 2092 2725 au lendemain. C’est une cuvre absolu¬
317 2670 885 2730 regrets et de sympathie.
149 2672 328 2732 sycho¬
2088 2687 2993 2766 pite, s’empare du spectateur depuis la
1207 2713 2098 2763 ment remarquable, non sans défauts as¬
364 2699 1216 2769 IIn’y aau'une Vienne au monde, — dit
156 2718 328 2782 Fait in¬
2092 2744 3011 2800 première scène jusqu'au dehouement si
1218 2743 2105 2805 surément, mais ou se manifeste un talent
324 2758 1215 2821 un proverbe local, orgueilleux et naif
159 2760 322 2828 triche,
2082 2791 3001 2859 pathétique dans sa sobriété et son réa¬
1203 2794 2100 2864 dramatique de premier ordre. Par la vé¬
332 2805 1219 2865 comme tout ce qui procède d’un chauvi¬
169 2802 327 2862 artis¬
2095 2833 2446 2906 lisme navrant.
1208 2839 2106 2910 rité des caractères, le monvement et l’in¬
166 2835 335 2917 que le
321 2840 1218 2896 nisme quelconque, et qui, pourtant, ex¬
1203 2880 2094 2947 géniosité del’intrigue, Thumour et le pitto¬
165 2873 331 2948 com¬
320 2887 1224 2957 prime une vérité relative, — et à ceux qui
2303 2896 2959 2993 STANISLAS RZEWUSKI.
162 2920 2142 3010 blime affectent de dédaigner les facilités bauales resque des tableaux de mcurs losales,
