3344 4256
396 96 1556 143 in den kargen Linien einer fast nur skizzirten Zeichnung ein
389 131 1558 183 Meuschenleben ausschöpfen möchten. Die liebe, herzliche Wiener
393 162 1550 214 Geschichte mit ihrer lichten Stimmung und ihrer sanften
386 202 1555 275 Melancholie hält darum das Interesse länger fest, als der
1276 245 1479 307 Es ist
400 253 1276 314 dramatische Gehalt derselben thun könnte.
401 296 1555 363 viel Hübsches, Lebendiges darin. Das oberflächliche,
1284 337 1555 396 gern den
760 333 1290 396 das sich von Jedem
391 341 729 401 lustige Mädel,
395 366 1564 435 Tisch decken läßt und mehr Küsse hat als Gedanken, dann der
396 420 1565 481 Lebens=Flaneur, der nervöse Aufregungen meidet und von
403 457 1568 534 gutem Wein und bequemer Liebe mehr hält als von
395 505 1568 562 pathetischen Gefühlen und heroischen Posen. Und dann in der
400 541 1570 606 Hauptsache: Christine, das junge Kind aus dem Volk, in
402 595 1570 658 dessen stilles Leben der Mann von Welt tritt. Ihr Erster.
397 659 1571 699 Sie giebt sich ihm gleich ganz und gar. (Es zist die
400 674 1572 745 intensive, wunschlose, Alles verschenkende Liebe, die aus der
412 722 1567 787 ganzen Welt jeden anderen Sinn nimmt und Alles nur durch
407 773 1572 830 das warme, uferlose Gefühl sieht. Das Volk von Wien
404 811 1578 882 hat viel solche Mädchen, und der Dichter griff
410 852 1581 922 glücklich. Hier in Berlin sahen wir zwei Darstellerinnen
342 905 1566 964 50 dieser Rolle: Agnes Sorma und Adele Sandrock. Agnes Sorma
236 909 345 969 Für
1567 911 1657 988 1v
332 941 1559 1003 100 gestaltete die Figur aus dem reichen Fond ihres Gemüthes, einen
323 983 1637 1042 200 melancholischen Schleier leicht um die Gestalt legend. Adele par
325 1025 1673 1087 500 Sandrock wieder mit ihrer virtuosen Nervenkunst gab ein düster #aus
275 1069 1571 1127 „ 1000 getöntes, packendes Bild. Beiden Figuren fehlte der Lokalton.
1590 1101 1685 1151 das
418 1114 1562 1175 Es waren wohlüberlegte, fein durchdachte und gut empfundene
1584 1144 1698 1195 den
259 1157 410 1211 Abonne
419 1158 1576 1221 Figuren. Und nun kommt Hausi Niese als Dritte. Kein:
264 1203 404 1262 Abonne
418 1195 1583 1275 Leichtes nach diesen beiden Künstlerinnen, zumal sie aus einem
423 1238 1571 1311 ganz anderen Bezirk der Kunst kommt, aus der lachenden, derb¬
416 1283 1580 1353 drolligen Welt der Posse. Wie will sie das machen? Mit
403 1330 1585 1391 diesen Lachaugen, mit diesem Mund, um den die Funken
899 1386 1575 1434 aller Ausgelassenheiten spielen.
747 1377 859 1447 und
407 1394 697 1446 des Ulks
419 1421 1575 1493 Die Mizi Schlager, die Modistin, ja, das wäre was für sie.
420 1464 1570 1529 Aber die Christine? Die stille, herzliche, traurige Christine.?
413 1497 1580 1579 Man dachte sich Dies und Das, man kann ja transponiren und
411 1546 1586 1608 sich von einem Instrumente Töne denken die diesem
413 1590 1579 1669 sonst fremd. Und also: Christine betrat das Jung¬
415 1629 1584 1713 gesellenzimmer Fritz Lobheimer's und sprach die ersten
422 1657 1639 1762 Worte, that die ersten warmen Blicke und es war, als sehe man die
424 1722 1585 1794 Gestalt zum ersten Male. Es war das liebe, herzige Mädel, das man
424 1760 1650 1829 ans der Lektüre des Buches kennt. Das Volkskind, das einfache, r
415 1812 1581 1868 volle Stück Natur. Kein Strichelchen zurechtgerechnet, kein Ton
420 1856 1606 1925 durch einen Gedankenfilter gegangen. Und wie die Zeichnung
428 1895 1581 1960 im Umriß, so wuchs das Bild mit vollen Farben ins Leben hin¬
412 1932 1594 2019 über, aus dem es entnommen. Wir haben den Schluß des
423 1965 1648 2045 zweiten Aktes machtvoller von der Sandrock gesehen, als diese
411 2026 1597 2087 nochmals die Thür aufriß, mit starren Augen dem
1483 2062 1589 2118 die
427 2064 1473 2132 davoneilenden Geliebten nachblickte, dann langsam
1482 2105 1594 2160 leise
422 2108 1480 2168 Thüre schloß und an dem Ofen zusammenknickend
424 2148 1593 2223 vor sich hin weinte. Die schlichte Herzlichkeit der Niese, ihren
428 2198 1592 2270 Worte, die sich wie von ungefähr einstellen, ein jedes mit dem
421 2237 1584 2308 Echo im Herzen, griffen gar tief. Welche starke und dennoch zart
433 2271 1599 2352 geführte Linie im Schmerz, urweiblich und von einer er¬
855 2323 1588 2391 Eine erstaunliche Unmittelbarkeit der
433 2340 860 2396 greifenden Reinheit.
434 2365 1587 2443 Empfindungsäußerungen, ein freies Hervorquellen ohne jeden
435 2411 1587 2477 künstlichen Druck. Das Zusammenbrechen bei der traurigen
438 2457 1597 2533 Botschaft im letzten Akte, der betäubende Schlag, und der
440 2494 1600 2572 stumme Schmerz, der dann stoßweise in zerrissenen Worten
866 2541 1596 2598 erschütternd. Wie viel Können in
432 2559 860 2620 herausbrach, waren
428 2581 1605 2647 diesem wuchtigen Naturalismus! Welch eine reiche Begabung, die
443 2643 1599 2709 den herzlichsten Humor und die tiefste Trauer auf ihren Saiten
437 2679 1594 2742 hat. Man war zu einem Experiment gekommen und befand sich
1477 2714 1604 2779 Aus
440 2723 1458 2806 mitten in einem künstlerischen Sensationsereigniß.
1454 2750 1604 2813 Nacht
438 2765 1441 2830 einer prächtigen Soubrette ist über
448 2795 1601 2887 eine große Schauspielerin geworden, eine Groß¬
437 2837 1607 2920 macht in der Theaterwelt, die zur Lösung großer Auf¬
438 2894 1602 2961 gaben des Dramatischen den Adelsbrief der Kunst hat.
447 2935 1601 3017 Und als wolle sie uns die lustige Welt, aus der sie kommt,
452 2978 1609 3051 nochmals drastisch vor lachende Augen führen, spielte Hansi Niese
444 3029 1613 3096 die Annie in Schnitzler's „Abschiedssonper“, Schon wie
444 3061 1607 3143 sie die Figur faßt: Ballerine aus dem Revier der
457 3118 1600 3188 50 Mark=Gagen mit den Allüren: Halb Nacht=Café
446 3134 1618 3232 halb Coulisse, und darüber die Dummdreistigkeit, die sich
455 3196 1623 3279 noch was darauf einbildet, fast ausschließlich von Sekt und
447 3243 1611 3310 Austern zu leben. So viel Humor im Worte, Laune und Witz
456 3294 1623 3358 in der Geste und Spaß im Blick die Niese hat, so viel schüttete
458 3307 1619 3410 sie über die Figur. Welche Drastik und welche Natürlichkeit!
449 3373 1622 3449 Und wo sind die Rollen für dieses Genie aus den zwei Reichen!
461 3413 1617 3480 der Kunst? Der Beifall, den sie fand, war immens. Neben
462 3479 1615 3541 ihr stand der prächtige, humorvolle, herzlich=natürliche Theodor
462 3492 1621 3578 Jarno's, den wir schon vom Deutschen Theater her in bester
456 3567 1624 3624 Erinnerung haben. Als Anatol war Herr Jarno von liebens¬
451 3589 1613 3653 würdiger Laune. Herr Marx, die Mizi Schlager des Frl
463 3635 1609 3712 Wirth und Frau Pagay sind hervorzuheben. Herr Reuse
455 3689 1616 3759 war ein wenig temperamentlos. Absurd in der Maske wa
1387 3722 1600 3788 N. F. —
464 3733 1217 3814 Herr Froböse als der „fremde Herr“.
2675 143 3138 241 box 10/6
1996 160 2359 249 5. Lieb
2203 184 2598 274 Seler
2326 1084 2694 1180 Telefpn 12801
2043 1176 2972 1264 ∆Unternehmen für Zeitungs-Ausschnitte
3039 1205 3257 1275 Ausschnitt
1855 1232 2137 1326 W 10U
1800 1267 1919 1340 22
2983 1272 3253 1364 Nr. 58
2198 1259 2801 1383 „OBSERVER
1797 1367 3248 1439 I. österr. behördl. concess. Bureau für Zeitungsberichte und Personalnachrichten
2093 1429 2959 1530 Wien, IX/1 Türkenstrasse 17.
2032 1519 3034 1604 Filiale ir Budapest: „Figyelör, VIII. Josefsring 31 a. —
1782 1646 3001 1867 Ausschnitt aus: Berliner Tegehlätt.,
3001 1805 3225 1933 1%
1799 1838 2205 1943 vom 4. 7. 90
1971 1993 3171 2073 F. E. Die Hansi Niese=Matinee, die gestern im Resibenz¬
1914 2071 3181 2120 theater stattfand, bedeutete einen großen künstlerischen Erfolg für
1925 2125 3193 2170 diese Schauspielerin, die man noch bis vor Kurzem nicht weit über
1929 2144 3179 2216 den Stephansplatz hinaus kannte. Sie hat wahr gemacht, was sie
1922 2191 3186 2252 nach ihrem ersten Auftreten als Mitglied des „Wiener Ensembles“ im
1921 2234 3183 2306 Thaliatheater einem Mitarbeiter unseres Blattes versprach, sie zeigte
1921 2272 3181 2333 sich uns auch im ernsten Charakterfach, und die Poffenkomikerin
1918 2320 3181 2379 hatte gleich die Kourage, hier just dasselbe zu spielen, was vor
1915 2361 3183 2428 wenigen Wochen Adele Sandrock hier spielte — ein Duell mit
1913 2424 3184 2467 Waffen, die nicht gleich schienen. Sie hat es gewagt, und sie durfte
1922 2445 3186 2500 es wagen, wie man ihr nun nach vollzogener That nachrühmen darf.
1980 2487 3188 2550 Als Christine in Schnitzlers „Liebelei“ gab sie sich so
1922 2541 3184 2591 voll von herzlichem Empfinden, und geräde im britten Akt, auf der
1926 2573 3185 2639 Höhe der Dinge, so reich an Ausdruck und vor allem so stark an
1941 2633 3182 2675 Ausdruck, daß sie nun auch die Maske der tragischen Muse in ihr
1927 2658 3184 2717 Wappen stellen kann. Freilich läßt sich nur dieser Erfolg,
1939 2697 3185 2761 nicht die Leistung im Einzelnen mit der Christine der
1938 2734 3186 2803 Sandrock in Parallele stellen. Die Sandrock sättigte auch diese
1933 2795 3188 2852 Rolle ganz mit ihrer Individualität, die Niese unterdrückte die ihre.
1940 2828 3183 2892 Sie spielte nur ganz und gar Schnitzler und gewann es sich ab,
1940 2864 3191 2927 durchaus in den verhaltenen, andeutungsweisen Ton des Autors auf¬
1940 2909 3190 2975 zugehen. Die Sandrock war schöpferischer, griff weiter aus und ver¬
1943 2957 3180 3011 allgemeinerte das kleine Einzelschicksal; diese kleine Soubrette war
1926 2992 3183 3058 aber dafür das richtige Wiener Christinchen, mit so viel weicher Liebe
1925 3045 2438 3110 und Romantik im Herzen.
1974 3058 3195 3141 Nachher gab Frl. Niese auch die zweite Rolle, die Adele Sandrock
1929 3126 3198 3181 hier mit der „Liebelei“ zusammengespielt hat, die flotte Annie in
1946 3163 3190 3226 Schnitzlers „Abschiedssouper“. Sie war vollendet als
1920 3212 3195 3262 naschhaftes, spielerisches und grundfalsches Balletkätzchen, absolut
1825 3197 1913 3284 Für
1935 3260 3201 3325 echt, absolut wienerisch und mit einem Temperament von prickelnder
1933 3303 2152 3360 Lustigkeit.
1980 3327 3221 3393 Fräulein Niese wurde sehr oft gerufen. Sie kam in guter Gesell¬s
1848 3378 3190 3432 " 10 schaft heraus; die Herren Jarno und Fräulein Wirth hatten sie
1936 3410 3247 3479 besonders glücklich unterstützt. Und als Fritz in „Liebelei“ hatte Herr das
1822 3454 3241 3505 Abon Hubert Rausch auch wieder einmal vor einem Berliner Publikum den
1825 3503 2772 3560 Avo# seine schlichte und gefestete Art zeigen können.
