3436 4352
429 58 1510 136 eie Nebenfache zn sein. Sie ärgert sich nur
1517 83 1569 119 di
311 87 1504 170 darüber, daß er im Duell für eine Andere gefallen ist, und
1526 114 1621 165 ließ
304 129 1501 204 daß er ihr nicht einmal geschrieben oder etwas zum Andenken ge¬
1525 153 1624 205 Tite
300 179 1503 252 schickt hat! Unwillkürlich denkt man an Frau Marthe's Ausruf:
1519 189 1625 243 bere
312 220 1500 299 „Was, kein Schaustück, kein Geschmeide?“ Hier hätte sich der echte
1515 229 1620 277 Sein
303 243 727 309 Dichter zeigen müssen.
1512 267 1609 316 draf
423 275 1499 369 Aber noch ein anderer, noch viel wichtigerer Einwand gegen
1515 307 1620 356 nach
300 309 1607 405 die „Liebelei“ drängt sich dem Zuschauer auf. Die tragische Wendung die
297 365 1609 443 des Stückes wird nämlich keineswegs dadurch herbeigeführt, das Car¬
299 395 1611 470 Fritz sein Verhältniß zu Christine nicht ernsthaft nimmt und es sehr
288 436 1511 539 blos als eine „Liebelet“ auffaßt, während sie ihm ihr ganzes Herz
1509 462 1621 510 aber
287 484 1500 555 geschenkt hat und mit wahrer, tiefer Liebe an ihm hängt. Seine
1505 499 1620 550 Frä¬
289 515 1488 595 „Liebelei“ mit Christine steht mit der Ursache seines Todes und der
1498 528 1618 590 behe
294 549 1490 633 dadurch herbeigeführten Verzweiflung Christinen's in gar keinem
1499 575 1606 625 Ber!
285 594 1490 676 Zusammenhange. Damit aber fällt das ganze Stück, dessen Thema
1498 613 1602 667 das
294 635 1483 726 doch offenbar sein sollte, zu zeigen, was für Unheil aus den „Liebe¬
1500 653 1622 704 gewi
288 667 694 724 leien“ entstehen kann.
1486 692 1609 749 Pub
405 711 1485 791 Die Aufführung, sonst in fast allen Partien glänzend, litt unter
1492 723 1606 791 hera
279 736 1489 824 einem schweren Besetzungsfehler. Wie kann Frl. Sandrock die
1121 808 1156 840 „
279 788 1495 875 Christine spielen, das „blühende“ Geschöpf? Christine muß vor allen
280 816 1488 907 Dingen jung und frisch sein, wie die Schlager=Mizzi, ihre Freundin
272 859 1493 933 Durch eine entsprechende Christine würde das ganze Stück ein
286 910 1475 975 anderes Gesicht bekommen haben. Fräulein Sandrock sah aus wie
1493 922 1573 988 25.
284 937 1480 1024 Mizzi's Mutter, nicht wie ihre Freundin. Aber auch ihre Kunst ließ
1486 980 1586 1029 im (
286 986 1465 1061 sie in der Verzweiflungsscene im Stiche. Das waren nicht die Töne,
286 1019 1479 1088 die aus dem Innern kommen, das war nicht Wahrheit, sondern
271 1051 1590 1151 Komödianterie. Vortrefflich war Fräulein Kallina als Mizzi.] glüc
272 1104 1586 1179 So viel Natürlichkeit, so viel Humor; es fehlte nur ein wenig Dem= und
281 1129 1591 1222 perament. Als Strumpfwirkersfrau gab Fräulein Walbeck wieder' pa:
455 1182 552 1256 W
1439 1174 1591 1330 12
648 1249 789 1326 Ö
367 1250 568 1359 W
642 1303 677 1330 —
787 1264 1214 1359 L
92 1347 1552 1442 kein ein wahres Cabinetsstück. Solche Rollen spielt ihr Niemand nach Quartet
87 1423 1372 1478 iht Die Herren Kutschera und Zeska gaben die beiden Studen¬
1383 1431 1555 1483 und zwi
174 1441 1370 1517 ten sehr gut. Man konnte da sehen, was für eine ausgezeichnete Kraft
1387 1469 1552 1520 Diensta
92 1466 1370 1557 irmdie Burg an Herrn Kutschera gewonnen hat. Zeska's Humor war
1383 1506 1560 1571 28. Jär.
95 1509 1362 1595 dienur etwas zu zahm. Den alten Weiring adelte Herr Sonnenthal,
1382 1545 1534 1594 halb 8
95 1567 1367 1627 ihr so daß man die Gesunkenheit dieses „Vaters“ eigentlich gar nicht merkte.
1380 1582 1551 1638 demnäch
176 1609 1361 1691 Herr Mitterwurzer wirkte als in's Haus gefallener Nächer seiner
84 1612 170 1676 lde
1370 1621 1542 1674 täten. 7
183 1647 1060 1698 Ehre komisch, und das sollte er doch wohl nicht.
102 1654 179 1727 en
1360 1650 1545 1714 handlun
275 1687 1363 1755 Das einactige Schauspiel „Rechte der Seele“ von
1369 1704 1552 1755 Composi
117 1690 1378 1774 en[Giacosa macht mit seiner ausgeklügelten Dialectik einen sehr
1380 1742 1551 1795 Fratze
95 1762 1544 1835 en unbehaglichen Eindruck. Ein Ehemann zermartert sich den Kopf dar¬ allen C.
93 1798 1556 1860 ci= über, ob seine Frau den Freund, der sich als ihr unerhörter Ver=Im Ra
174 1847 1360 1898 ehrer erschossen hat, nicht doch geliebt habe und dadurch bringt er
97 1853 189 1932 en
1368 1859 1517 1910 „Mein
179 1876 1375 1937 die gequälte Frau zu dem Geständnisse, daß es wirklich so ist. Daß
1379 1892 1541 1952 Schil
124 1912 1367 1983 =Isie nun dem Manne die Schuld durau zuschiebt und sich als die
1371 1932 1531 1988 Niese
90 1954 1558 2013 ser bekannte „unverstandene“ Frau gerirt, das macht sie keineswegs Aufführ:
95 2008 1367 2059 en sympathischer. Der Ehemann ist ein recht jämmerlicher Geselle, der
1370 2010 1546 2068 Nachmitt
160 2034 1367 2106 von einem Extrem in's andere fällt. Herr Hartmann schien
1376 2054 1549 2105 wird „P
164 2079 1540 2154 nicht recht zu wissen, was er mit ihm anfangen soll. Frau Hohen= zum erst
180 2114 1558 2176 fels bot als Frau ihre ganze Kunst auf. Daß das Stück nichtlein Ba
162 2146 1022 2229 schroffer abgelehnt wurde, ist nur ihr Verdienst.
1428 2169 1559 2227 Die
1465 2211 1528 2266 5
719 2205 894 2271 —
2004 161 2347 232 Liebelei
2529 153 2928 240 box 10/1
1818 165 2444 269 #. I.  Snnae
1801 1445 1978 1564 #
2172 1647 2312 1711 E 6
2034 1644 2748 1770 S . Se
2027 1704 2210 1777 Gau.
2763 1695 3071 1787 P# Min
2278 1790 2784 1881 Wiener Theater.
2083 1865 3081 1950 Zwei Wiener Dramatiker sind in der vergangenen
2002 1927 3072 1992 Woche auf die Bretter gesprungen, der eine hat sich
2005 1977 3064 2029 gar das Hofburgtheater erobert. Arthur Schnitzler
2005 2018 3069 2096 ist vielleicht auf dem Wege, ein Dramatiker zu werden,
1999 2074 3059 2131 einstweilen liegt seine Straße noch weit ab vom Burg¬
1996 2117 3072 2182 theater, wenn es ihm auch gelang, daß dieses zu ihm
2003 2161 3072 2229 kam. „Liebelei“ ist künstliche Verwienerung des
1992 2224 3062 2281 Pariser Liebelebens. Grisetten, in Wiener Dialekt
1996 2273 3068 2320 getaucht, studirende Lebeknaben mit Commis=Manieren,
1990 2312 3066 2361 das sind die Figuren, mit denen der Autor tändelt.
1992 2351 3072 2409 Nichts wahr Erschautes, nur Schnitzelwerk und
1992 2406 3064 2460 Theatermache, eine Gesellschaft von Treibhauspflanzen
1988 2453 3062 2511 mit sorgfältig zerrauften Charakteren. Papa Musicus
1995 2494 3066 2563 predigt die Lehre, ein liebelnder Galan von der
1996 2552 3058 2604 Straße sei für ein Mädchen, für sein Mädchen mehr
1994 2594 3054 2658 werth als ein dauerhafter Strumpfwirker. Das klingt,
1987 2642 3058 2695 das verblüfft, aber es ist nur frisirte Trivialität,
1990 2700 3064 2748 Realismus mit dem coquetten Stirnlöckchen. Die Kunst
1987 2741 3049 2797 der kleinen Effecte ist dem Verfasser der „Liebelei“
3063 2738 3146 2810 Ei¬
1997 2785 3060 2837 wohlbekannt, das machte es der Gemeinde von Jung¬
1993 2835 3102 2908 Wien auch möglich, das Stück mit gefälligem Beifall zu
2426 2935 2543 2999 4#
1913 3034 3022 3099 begrüßen. Die virtuose Darstellung durch die Damen#
1921 3084 3015 3139 [Sandrock und Kallina, die Herren Sonnen=
1926 3108 3023 3193 thal, Mitterwurzer u. s. w. half nach Kräften
1922 3172 3002 3247 dazu. Aber es war doch kein Dichtererfolg, nur ein
1943 3222 2429 3296 Erfolg der — Dichtelei.
