3436 4320
287 167 782 260 5. Liebele
453 175 1410 284 box 12/1
1217 632 1582 722 Telephon 12.801.
662 775 1418 876 „OBSLKVER
502 852 1592 922 1. österr. beh. konz. Unternehmen für Zeitungs¬
706 913 1381 986 Ausschnitte und Bibliographie.
675 958 1456 1048 Wien, I., Concordiaplatz 4.
900 1035 1232 1104 Vertretungen
513 1073 1601 1152 in Berlin, Brussel, Budapest, Chicage, Cleveland, Christiania,
518 1139 1600 1179 Genf, Kopenhagen. London, Madrid, Mailand, Minneapolis,
511 1164 1600 1244 New-Vork, Paris, Kom, San Francisco, Stockholm, St. Peters¬
908 1210 1217 1266 burg, Toronto.
856 1240 1253 1301 Oaellenangabo ohne Gewahr.)
1028 1277 1589 1365 Neue Badische Lan
514 1302 909 1379 Ausschnitt aus:
1291 1351 1607 1446 Mannhei
652 1386 1077 1479 Z.1 UAN 1911
530 1443 670 1489 von:
822 1489 1556 1571 —  Berten, 40. Han., 10115
385 1541 919 1617 uns telegraphisch berichtet:
479 1572 1544 1646 Des Frankfurter Kapellmeisters Franz Neumann „Lie“
1164 1633 1547 1687 ihre Uraufführung
392 1639 1156 1689 belei“ (die in Frankfurt a. M. s. Z.
398 1683 1550 1729 hatte) hatte in der Komischen Oper einen sich steigernden Er¬
392 1710 1556 1775 folg. Der Komponist hat Artur Schnitzlers Wiener Komödte
399 1752 1557 1811 mit dem wörtlichen Text vertont. Er betont aber nicht das
408 1794 1556 1859 schwebende lyrisch=melancholische Klima, nur die lachend=tra¬
400 1831 1562 1900 gischen Akzente. Aus dem lieben Mädel wird so eine schwere
402 1875 1548 1932 düstere Schickjalsmaske. Das war nun wieder geeignet für
402 1905 1553 1982 die Darstellung der Maria Labia. Sie schuf im zweiten Akt
403 1961 1554 2006 die Liebesszene so machtvoll und aufwühlend, daß die mensch¬
404 1985 1567 2067 liche Wirkung hitreißend war. Freilich im Leibenschaftsformat
1348 2034 1508 2083 F. P.
403 2031 1245 2105 jenseits von Scnitzlers Volksliedstimmung.
538 2055 1543 2153 (Die Andemische Gesellschaft für Dramatik) in
1149 2121 1559 2191 ung wit der Heidel¬
664 2246 1422 2362 „GDSEHVEN
517 2315 1609 2429 1. österr. beh. konz. Unternehmen für Zeitungs¬
722 2374 1401 2452 Ausschnitte und Bibliographie.
704 2421 1464 2524 Wien, I., Concordiaplatz 4.
934 2514 1248 2572 Vertretungen
525 2524 1622 2626 in Berlin, Brüssel, Budapest, Chicago, Cleveland, Christiania,
522 2586 1631 2648 Genf, Kopenhagen, London, Madrid, Mailand, Minneapolis,
518 2621 1628 2706 New-Vork, Paris, Rom, San Francisco, Stockholm, St. Peters¬
931 2675 1224 2734 burg, Toronto.
880 2705 1272 2774 Ouellenangabe ohne Gewähr.)
532 2782 947 2865 Ausschnitt aus:
673 2804 1137 2944 z. F SAK 1911
1014 2861 1327 2949 Königeberz
537 2912 697 2964 vom:
889 3004 1329 3105 Vermischtes.
689 3098 1527 3173 Schnitzlers „Liebelei“ als Oper.
511 3161 1783 3233 r. Belin, 20. Innuar. In der Komischen Oper haben
437 3206 1771 3296 heute auch die Berliner nach dem Vorgang von Frankfurt, Köln, Leipzig
447 3273 1772 3348 Tund Bonn die neue Oper „Liebelei“ des Frankfurter Kapell¬
461 3320 1766 3391 meisters Franz Neumann gesehen und gehört. Es ist bekanntlich die
446 3366 1769 3439 Komposition des gleichnämigen Schnitzler schen Dramas. Es war
458 3430 1764 3490 zugleich die letzte Inszenierungstat des künftigen Wiener Hofopern¬
443 3475 1767 3535 Fikektors Gregor also eine Begrüßung und ein Abschiednehmen.
452 3531 1768 3602 Dank dieser Stimmung vermutlich wurde auch in Berlin das nicht gerade
441 3577 1768 3640 gewöhnliche und immerhin nicht unbedenkliche Beginnen, ein modernes
452 3632 1758 3684 Schauspiel von literarischer Qualität unter Musil zu setzen, überaus bei¬
446 3674 1769 3728 fällig ausgenommen. Es war ein großer und unbestrittener
446 3729 1764 3798 Erfolg und nach dem zweiten Akt zumal wollte der Jubel schier kein
456 3794 1767 3851 Ende nehmen. Die Aufführung mit Maria Labia und Jean
448 3834 1764 3915 Nadolowitsch in den Hauptrollen war vortrefflich. Der Komponist
438 3887 1093 3964 konnte mehrfach persönlich danken.
1566 636 1604 716 :
2855 158 3079 246 Telepho.
2949 237 3083 343 2“
2304 265 3055 378 „OSSEKVEN
2131 361 3161 456 I. österr. beh. konz. Unternehmen für Zeitur
2347 421 3020 491 Ausschnitte und Bibliographie.
2309 456 3070 565 Wien, I., Concordiaplatz 4.
2519 544 2856 611 Vertretungen
2137 579 3212 674 in Berlin, Brüssel, Budapest, Chicago, Cleveland, Christiania,
2129 623 3221 701 Genf, Kopenhagen, London, Madrid, Mailand, Minneapolis,
2136 654 3225 754 New-Vork, Paris, Rom, San Francisco, Stockholm, St. Peters¬
2516 705 2813 766 burg, Toronto.
2474 744 2861 812 (Guellenangabe ohne Gewähr.)
2116 777 2781 891 Ausschnitt aus: Münchder
2803 789 3252 901 veste Nachrichten
2461 879 2532 952 11
2346 879 2442 956 1
2771 971 2986 1063 B
2202 1045 2986 1119 Theater= und Kunstnachrichten
2540 1109 3041 1188 München, 20. Januar
2195 1149 3079 1237 g. „Liebelei“] Oper von Franz Neumann,
2139 1222 3074 1268 hatte heute bei der exsten Aufführung in der Ko¬
2134 1267 3076 1311 mischen Oper, wie uns ein Privattelegramm aus
2138 1294 3072 1346 Berlin meldeb einen rauschenden Erfolg, dem,
2129 1339 3077 1382 soweit das Werk selbst in Frage kommt, die Kritik
2140 1373 3083 1428 nicht beipflichten kann. Der Komponist wandelt
2131 1412 3082 1470 allzustark in den ausgetretenen, Pfaden der Italie¬
2133 1459 3078 1517 ner, insbesondere in denen Puccinis, und unter¬
2140 1490 3078 1544 streicht dadurch den feingeschliffenen Dialog von
2134 1532 3068 1584 Artux Schnitzler derart, daß jegliche Intimität
2145 1567 3072 1630 vertoren geht. Die Aufführung orchestral grob¬
2137 1615 3069 1681 körnig, war recht gut. Es war de letzte Inszenie¬
2147 1654 3062 1700 rungsleistung Direktor Gregorsvor seiner Ueber¬
2141 1695 3074 1745 siedelung nach Wien. Gregor, dr Komponist und
2144 1729 3084 1790 sämtliche Darsteller wurden einie dußendmal ge¬
2142 1774 2289 1834 rufen.
2695 2114 3073 2198 Telephon 12.801.
2128 2257 2900 2348 „ODSEMVEN
1998 2332 3070 2401 1. österr. beh. konz. Unternehmen für Zeitungs¬
2186 2387 2870 2439 Ausschnitte und Bibliographie.
2149 2439 2924 2513 Wien, I., Concordiaplatz 4.
2378 2513 2694 2579 Vertretungen
1992 2553 3087 2611 in Berlin, Brüssel, Budapest, Chicago, Cleveland, Christiania,
1994 2600 3086 2647 Genf, Kopenhagen, London, Madrid, Mailand, Minneapolis,
1980 2645 3075 2692 New-Vork, Paris, Rom, San Francisco, Stockholm, St. Peters¬
2380 2680 2679 2736 burg, Toronto.
2332 2719 2736 2779 (Qaellenangabe ohne Gewähr.)
1985 2770 2373 2856 Ausschnitt aus:
2041 2826 3140 3009 #i Mcklaten Wimer Rahentlig.
2025 2912 2147 2954 vom:
2638 2948 2820 3045 Wien
2345 3032 3044 3201 Theaterzeitung.
2152 3189 3060 3298 10, Schnihlers „Liebelei“ als Oper.
2270 3272 3165 3335 Berlin, 20. Jänner. (Privat=Depesche.)
2153 3328 3165 3396 Ein seltener Fall ereignete sich bei der heutigen
2163 3360 3167 3422 Première in der Komischen Oper. Die Dichtung über¬
2165 3416 3161 3462 ragte die Musik beträchtlich. Ein nur wenig bekannter
2170 3456 3163 3503 Komponist namens Franz Neumann war auf
2162 3497 3176 3549 den Gedanken verfallen, Schnitzlers Drama
2169 3527 3172 3594 „Liebelei“ in Musik zu setzen. Er hat
2171 3566 3169 3627 es in einer Flut von geschickt gemachter, illustrierender
2169 3618 3172 3661 Musik ertränkt. Daß Puccini Gevatter stehen mußte,
2158 3657 3158 3719 Pläßt sich bei der Stoffverwandschaft mit der „Bohème“
2166 3704 3173 3776 leicht verstehen, aber auch „Tristan“ mußte heran und
2173 3763 3167 3807 der beleidigte Ehemann spricht im Stile Wotans.
2175 3789 3178 3848 Uebrigens wird Schnitzlers Prosa wortgetreu und
2171 3831 3164 3886 in Wiener Mundart gesungen. Das Publikum fand
2159 3870 3172 3927 an dem schwulstigen Musikwerke Gefallen und rief
2175 3920 3173 3974 neben den Hauptdarstellern Nadalowitsch, Zador
2173 3967 3179 4012 und Maria Labia schon nach dem zweiten Akte
2164 4005 3172 4050 den Komponisten und Direktor Gregor, der die
2162 4023 3193 4117 Inszenierung mit gewohntem Geschick geleitet hatte. *.
