3344 4256
464 180 820 251 iebelei
253 176 1403 298 5. L. box 11/2
2575 966 2717 1046 507
1395 976 2177 1078 Julius Bab: Theater.
853 1033 988 1087 0 0
1805 1083 2739 1146 einandersetzung, alles, was die Dinge vorher
849 1101 1779 1166 weg will, wo es sich bewußt gegen den Bourgeois
1804 1131 2733 1195 zum höheren Problem erheben kann, müßte ver¬
861 1141 1793 1214 und seine Art, die Liebe zu genießen, stellt, da
1814 1169 2736 1229 mieden werden. Sonst springt plötzlich und mit
856 1191 1792 1242 offenbart sich nur um so stärker, daß es aus der
1813 1214 2740 1265 unangenehmer Aufdringlichkeit aus dieser feinen
854 1225 1799 1278 Psychologie und Lebenslogik seiner eigenen Klasse
1813 1246 2745 1303 Wiener Milieukomödie das französische Sitten¬
866 1271 1797 1323 nicht heraus kann. Christinens Tod, der ja ein
1809 1281 2741 1347 stück heraus, zu dessen hochbegabter Deszendenz
867 1299 1791 1354 Vorwurf gegen den bürgerlichen Liebhaber sein
1810 1320 2746 1389 sie gehört. Und begabte Deszendenz bedeutet
858 1358 1794 1411 soll, ist von einem Begriff der Liebe diktiert, der
1803 1375 2735 1423 Ueberwindung, nicht Rückfall. Darum war es
865 1375 1792 1455 nur in bürgerlich=literarischen Kreisen götzenhaft
1813 1398 2736 1467 mir in der Aufführung der Kammerspiele höchst
864 1426 1791 1488 gilt. Weiter unten wechseln die Begriffe; und
1811 1437 2745 1514 peinlich, daß Fräulein Höflich im letzten Akt so
863 1461 1790 1522 auf die Frage: Was war ich ihm? kann es da
1817 1502 2740 1543 angestrengt schreien, so erbittert predigen zu
855 1498 1794 1559 kaum eine totliche Antwort geben. Man hat da,
1816 1523 2739 1582 hören. Diese Worte fielen mit einer so durch¬
865 1546 1788 1606 wie verliebt man auch sei, noch immer ganz andere
1816 1560 2741 1622 bohrenden Schärfe, mit einem so niederschmet¬
1391 1577 1794 1639 an einen Leichnam
861 1589 1364 1647 Sorgen, als solche, die
1806 1613 2744 1657 ternden Gewicht aus ihrem Munde, als zöge da
868 1624 1793 1682 gerichtet! — eigentlich ins Gebiet der verspäteten
1819 1638 2746 1699 irgend eine ernsthaft heroische Natur das letzte
860 1665 1295 1737 Psychologie gehören.
1811 1676 2752 1737 Fazit aus ihrem verlorenen Leben. So über¬
952 1682 1794 1755 Soviel ungefähr ist gegen das Stück zu sagen.
1816 1720 2741 1780 bestimmt und prinzipiell sprachen, wenn es
865 1742 1803 1796 Wie sehr das alles zugleich für Schnitzler spricht,
1809 1762 2748 1817 tragisch wurde, die großen Damen und die be¬
861 1779 1805 1832 hat sich seither gezeigt. Seine Bestimmung war,
1822 1797 2747 1858 frackten Helden aus dem Salonstück der vorvor¬
873 1818 1801 1881 der Dichter der eleganten, künstlerisch erhobeneren,
1818 1836 2738 1899 letzten Generation. Dieses unzeitgemäße Los¬
875 1861 1798 1911 bewußt empfindsamen Bourgeoisie von 1900 zu
1815 1871 2749 1934 brechen wurde nur um so schmerzlicher, weil vor¬
873 1893 1805 1948 sein. Und sein Instinkt befahl ihm, lieber nach
1825 1915 2757 1983 her die Gestalt in ihrer rechten blonden Süße
873 1936 1800 1991 seiner Natur zu irren, als aus seiner Natur zu
1817 1957 2751 2018 erschienen war. Der Typus war dort, wo er
867 1978 1811 2039 fallen. So kommt es, daß dieses rührend naive
1814 2010 2748 2062 noch nicht tragisch wird, ganz wunderschön ge¬
871 2019 1810 2073 Herz nach zwei Akten kleinbürgerlich anschmieg¬
1821 2035 2748 2098 troffen. Figur und Gebärde, Ton und Blick und
871 2052 1806 2111 samer Liebe im dritten plötzlich die große psycho¬
1817 2077 2744 2140 Haarfarbe — das fund sich zu einer sehr natür¬
868 2091 1803 2164 logische Weisheit eines bourgeoisen jungen Herrn
1821 2111 2753 2172 lichen, in aller charakteristischen Bedeutung doch
878 2136 1799 2187 von 1900 kundtut. Immerhin, zwei Akte lang
1822 2156 2747 2207 unauffälligen Einheit zusammen. Und die
878 2163 1807 2233 steht sie für sich selbst da, nach ihrer eigenen Art
1828 2189 2748 2250 traurige Melodie der zweifelnden Fragen, das
882 2207 1810 2273 geformt, in Uebereinstimmung mit ihrer Seele und
1824 2229 2754 2297 stille Beben der Angst in der zwitschernden
887 2250 1803 2310 mit ihrer Klasse. Es ist ein wunderschönes Bild,
1834 2282 2749 2330 Stimme, der leicht hinschwebende melancholische
872 2291 1806 2334 ein Bild von hohem künstlerischen Wert und von
1828 2313 2757 2367 Unterton der Rede, das war nun zum Entzücken
875 2337 1807 2390 dokumentarischer Dauer. Der Typus ist mit dem
1828 2346 2760 2415 gar. Schade, daß dieses echte und feine schau¬
872 2368 1809 2445 ganzen Reiz seiner psychologischen und sozialen
1831 2397 2756 2464 spielerische Kunstwerk zum Schlusse sich selbst
880 2407 1802 2469 Zwiespältigkeit gegeben: in seiner gesund prole¬
1832 2445 2007 2505 zerstört.
884 2445 1811 2503 tarischen Schlichtheit und wieder mit der kleinen
1897 2456 2753 2524 Sonst läßt sich von dieser Aufführung wenig
879 2482 1825 2551 süß schmerzlichen Nostalgie nach gut bürgerlichem
1836 2499 2759 2569 sagen. Sie ist gut. Die Szene selbst hat immer
875 2532 1821 2581 Wesen, von dem er seine Begriffe von Ehre und
1827 2544 2747 2607 den bewußt verfeinernden, leicht gezierten Stil,
890 2562 1818 2625 Treue, von Reinheit und Einheit in der Liebe
1835 2587 2755 2646 der vom Dichter herkommt; ein wenig oberhalb
874 2605 1811 2664 hat. Daß dieser Zwiespalt schließlich so grell ins
1829 2619 2766 2683 der baren Natürlichkeit. Die Figuren sind leicht
881 2643 1811 2696 Bewußtsein tritt und so heftige Worte findet, ist
1836 2670 2763 2728 und sauber angefaßt, keine zur Charge verzogen,
881 2688 1813 2745 fehlerhaft und gegen die Natur. Aber daß der
1832 2699 2764 2765 keine unnütz zum Problem vertieft. Man findet
896 2723 1810 2787 Zug zur höheren Klasse so fein gesehen und so
1836 2747 2757 2807 sich rasch und angenehm in dieser netten kleinen
883 2762 1810 2821 still gestaltet ist, wie im ersten und zweiten Akt,
1843 2791 2760 2843 Welt zurecht. Daß ihre Gebilde nirgends zu
886 2812 1820 2864 dazu brauchte es das Auge und die Hand dieses
1839 2824 2762 2884 bedeutenderen Dimensionen aufwachsen, ist heute,
879 2847 1811 2903 von Grund aus bourgeoisen Dichters. Es ist
1826 2861 2760 2915 da wir dieses Stück eigentlich schon mehr historisch
887 2885 1815 2945 ein Werk seiner persönlichsten Kunst und rühm¬
1835 2902 2765 2972 als menschlich auf uns wirken lassen müssen, kein
894 2931 1329 3002 licher Dauer würdig.
1844 2951 2478 3019 sehr bedauerlicher Mangel mehr.
979 2948 1827 3026 Für Kammerspiele ist dieses Drama sehr ge¬
2388 2972 2724 3059 Willi Handl.
885 3000 1817 3058 eignet. Es sieht sich mit seinen liebenswürdigen
897 3045 1822 3111 Reizen und mit seinen unschuldigen Irrtümern
1907 3046 2767 3114 Der Bund der Jugend. Als erstes Stück
899 3092 1824 3134 in nächster Nähe noch recht gefallig an. Eine
1836 3094 2770 3176 für seinen Ibsenzyklus hat Otto Brahm jetzt den
902 3118 1830 3180 kluge Regie wird sich an die stilisierte Schilderung
1849 3137 2765 3208 Bund der Jugend“ einstudiert. Er hat recht,
894 3162 1825 3213 der Milieus und der Typen halten und der
1839 3175 2767 3248 sein Ibsen beginnt mit diesem Stück. Der
898 3196 1825 3263 Tragödie, soweit es angehen will, Schweigen
1844 3214 2767 3281 meine nicht, und der Ibsen, dessen lebendige
891 3244 1818 3302 auferlegen. Der Schluß des Stückes müßte in
1838 3262 2762 3314 Kunsttat diese Generationen überleben wird —
890 3279 1815 3336 einem undeutlichen, etwas melancholischen Dämmer
1849 3289 2772 3360 so denke ich — auch nicht. Der hatte, als er im
888 3325 1822 3372 bleiben, als eine Möglichkeit der Stimmung,
1834 3331 2764 3405 Jahre 1869 den „Bund der Jugend“ schrieb,
899 3360 1827 3410 nicht als Notwendigkeit des Schicksals wirken.
905 3370 2778 3460 Alles Programmatische in dieser letzten Aus= seiner innersten Lebensweise schon zwei zeitlos
