3344 4224
166 74 273 172 5.
295 75 676 162 Liebelei
278 133 710 209 enenete tene te eneaneteseren
861 70 1271 180 box 13/5
1621 195 1819 359 ATIE
1272 353 2112 473 „OBSERVER'
1369 439 2081 523 I. österr. behördl. konzessioniertes
1342 485 2113 573 Unternehmen für Zeitungs-Ausschnitte
1408 541 2031 628 WIEN, I., WOLLZEILE 11
1469 602 1952 672 TELEPHON R-23-0-43
1273 719 1654 811 Ausschnitt aus:
1558 1008 2097 1114 Tariser Zeitung,
1466 1070 1876 1157 18.11.1953
1214 1130 2915 1218 WFEHTAHENHEFNHRSEEHHEHEHLEEHHEHHENNEHETER
1923 1257 2511 1375 WEAL
2571 1270 2873 1386 =K.
2558 1412 2859 1526 K
1224 1475 2912 1596 LHEAEEHEHHEHHHHESAÄSZEAGEEAHHAHÄÄNHAHANST
1196 1583 2138 1786 Pariser Sais
2214 1600 2912 1799 nbeginn
1231 1830 2909 1915 Die vorige pariser Spielzeit wer an riond einen Verkörperer ganz unge¬
1189 1903 2579 1963 wichtigen dramatischen Werken und wöhnlichen Formates.
1186 1944 2908 2022 sehenswerten Aufführungen besonders Was in den letzten Jahren in Frank¬
1190 2011 2913 2091 arm gewesen. Der beginnende Winterreich an Shakespeareinszenierungen
1189 2064 2916 2139 dagegen hat nicht schlecht eingesetzt. geboten worden war, verdient meist
1194 2110 2906 2166 Rund dreissig Schauspielbühnen, über eine völlige Ablehnung. Die unverfro¬
1189 2173 2905 2248 die Frankreichs Hauptstadt augen-Trene Verballhornung des „Kaufmanns
1190 2224 2907 2288 blicklich verfügt, haben seit Saison- von Venedig', die das staatliche Odéon
1192 2272 2904 2343 beginn schon mindestens ein halbes jüngst wieder aus der Mottenkiste ge¬
1193 2326 2905 2410 Dutzend Vorstellungen geliefert, die holt hat, ist dafür ein ebenso gültiges
1195 2387 2909 2438 den Durchschnitt recht beträchtlichBeispiel wie die Kühnheit Gaston Ba¬
1188 2424 2906 2491 überragen. So gehören etwa „Prièrel tus, den weiblichen Star seiner Truppe
1187 2487 2905 2555 pour les vivants' und „Tovaritch“, ein in Hosen zu stecken und einen angeb¬
1183 2546 2908 2606 ernst-satirisches und ein heiter-senti-lichen „Ur-Hamlet' mimen zu lassen.
1182 2590 2905 2648 mentales Stück des produktiven Juc- Nach seinen Versuchen, Shakespeares
1192 2645 2899 2705 ques Deval, zwar nicht zu den Spitzen-Sonette „Lukrezia' und „Venus und
1187 2692 2904 2763 leistungen heutiger Bühnendichtkunst,  Adonis'’ für die Bühne zu erschliessen,
1178 2753 2903 2815 doch sind es handiverkssichere Arbei-Thatte ich André Obey für einen höchst
1186 2796 2905 2870 ten eines einfallsreichen Könners, derunberufene Bearbeiter für „Richard
1180 2848 2033 2916 einer Reihe anderer Erfolgsautoren er¬
2045 2849 2898 2918 III. gehalten. Er hat jedoch das Ge¬
1180 2888 2024 2966 heblich überlegen ist. Der selbstgefäl¬
2032 2893 2915 2972 genteil bewiesen. Die Inszenierung des
1182 2940 2043 3017 lige Sacha Guitry, der augenblicklich
2041 2950 2902 3018 grandiosen Werkes durch Charles Dul¬
1175 3008 2895 3073 auf fünf pariser Bühnen gespielt wird, lin, die vor wenigen Tagen präsentiert
1181 3070 2895 3126 hat mit „Un Tour au Paradis' (Ein worden ist, muss als der erste seriöse
1181 3108 2897 3183 Ausflug ins Paradirs) bestimt eine Versuch verzeichnet werden, der seit
1168 3173 2907 3235 seiner besten Leistungen der letzten Jahren durch eine französische Bühne
1179 3222 2912 3290 Jahre geliefert, die durch die Annehm- im Dienste Shakespeares unternommen
1179 3264 2902 3324 lichkeit noch gefördert wurde, den rei- worden ist. Da seine grossen Klassiker
1183 3305 2903 3402 zenden Victor Boucher und den feinen den Franzosen daran gewöhnt haben,
1183 3366 2894 3428 Jean Périer, statt des Autors und sei-Thistorische Tragödien in rauschenden
1180 3426 2888 3472 ner jeweiligen Favoritin, als Hauptin- Versgewande und unter Respekt des
1184 3465 2896 3547 terpreten würdigen zu dürfen. Nicht laristotelischen Geestzes von den drei
1176 3533 2901 3569 mit Unrecht ist in frenzösischen Zei-Einheiten an sich vorüberzichen zu se¬
1178 3560 2890 3661 tungen, anlässlich des bestrittenen Er-hen, ist dieser für die Prosafassung
1179 3630 2887 3708 folges, den Guiery jüngst in London einer Shakespearschen Bilderfolge an
1177 3687 2882 3752 gefunden hatte, auf die Gefahren hin-sich kein übermässig bereitwilliger
1185 3736 2885 3796 gewiesen worden, die für den Ruf des Würdiger, und ihre unzulängliche
1170 3792 2881 3846 französischen Theaters darin liegen, Mittlung führt gelegentlich sogar zu
1183 3841 2886 3901 dass dieser gewiss recht geistreiche, Heiterkeitserfolgen in den Massenster¬
1178 3889 2888 3950 doch überaus frivole Dilettamt vor aller (beszenen; wenn es jedoch Männern wie
1182 3938 2887 4005 Welt als einer seiner berufensten und Dullin und Obey gelingt, das Wesent¬
1170 3990 2910 4066 charakteristischsten Vertreter zu gel- liche des Shakespeareschen Geistes zu#
