3436 4256
435 147 828 226 Liebelei
1339 149 1414 236 1
973 146 1340 249 box 11
273 144 932 270 5. Jlhnnmns
800 1042 1256 1147 Telephon 12801.
424 1131 1649 1244 Alex. Weigl's Untern n für Zeitungs-Ausschnitte
1444 1197 1649 1261 Ausschnitt
975 1236 1323 1351 RYER
1473 1255 1728 1340 Nr. 87
405 1244 952 1374 Naloz.OBS
962 1325 1761 1403 Zeitungsberichte u. Personalnachrichten
330 1355 954 1434 I. österr. behördl. conc. Bureau
918 1401 1550 1477 Türkenstrasse 17.
544 1404 914 1502 Wien, IX/1,
635 1492 1375 1555 —— Filiale in Budapest: „Figyelö“ -
334 1523 1767 1606 Vertretungen in Berlin, Chicago, Genf, London, Newyork, Paris, Rom, Stockholm.
905 1629 1161 1732 Wien
1170 1637 1576 1758 Bilder
329 1676 854 1778 Ausschnitt aus:
322 1754 908 1931 vom: 477—
520 2014 1568 2102 Unsere geschätzte Mitarbeiterin, Beatrice Dovsky, die auf
423 2089 1559 2145 der Bühne als Darstellerin wie als Autor schon wiederholt
432 2148 1548 2210 schöne Erfolge errungen, hat am Samstag im Raimund.
436 2193 1548 2248 Theater wieder mit einem neuen, ungemein lustigen Ein¬
425 2239 1544 2307 akter debutiert, „Olgas Spitzbube“, der sehr gefiel und Fräulein
433 2291 1556 2348 Dovsky als Autor wie als Trägerin der Hauptrolle einen
432 2344 1547 2407 schönen Triumph brachte. Mit ergötzlichem Humor wird ein
428 2406 1556 2468 weiblicher Advokat am Tage seines ersten sorensischen Erfolges
442 2456 1547 2518 vorgeführt und die Verfasserin hat den Mut, ihre Heldin
439 2495 1546 2548 ad absurdum zu führen. Fräulein Dovsky spielte mit über¬
432 2547 1557 2605 legenem Humor ihre Rolle durch und Herr Thaller zeichnete
447 2590 1540 2660 ein „Steinbrüderl“ mit außerordentlich launiger und scharfer
1550 2597 1755 2682 inclusive
342 2603 445 2671 Für
1573 2652 1722 2699 Porto.
449 2656 1536 2702 Charakteristik. In den Nebenrollen boten Fräulein Schneider,
1561 2691 1745 2744 Zahlbar
449 2692 1547 2753 Herr Homma und Herr Lackner ganz vorzügliche Leistungen.
1531 2724 1762 2793 im Voraus.
446 2745 1535 2806 Dem lustigen Einakter folgte Arthur Schnitzlers vom Burg¬
434 2777 1793 2861 theater her bekanntes Schauspiel „Liebelei", das Hohelied des itte ist das
345 2836 1792 2908 Abor Wiener „süßen Mädels“ zu dessen Lob man heute kaum mehr stcht es den
357 2880 1682 2960 Abol etwas zu sagen hat. Dieses Werk Schnitzlers ist eines der besten idern.
438 2937 1800 2999 Stücke der Wiener Literatur und verdient es, im Repertoire thaltend die
357 3010 1800 3060 luhz einer Wiener Bühne erhalten zu bleiben, wie kein zweites. Morgen¬
354 3031 1790 3104 b1ä Frau Niese als Christine ließ anfangs kühl, aber im dritten er Zeitung")
369 3098 1798 3159 wod Akte riß sie mit elementarer Gewalt alles hin, es war eine ihrer thschaftliche
359 3122 1784 3202 Lebe größten und unvergeßlichen Darbietungen. Fräulein Reingruber: Diese Mit¬
362 3178 464 3233 thei
449 3196 1557 3252 gab die Schlager=Mizzi urecht und lebenswahr; Herr Homma,
444 3235 1558 3304 Herr Jules und Herr Lackner gaben ihren Vorbildern im Burg¬
447 3290 1560 3346 #theater kaum etwas nach und Frau Anatour und Herr Raeder
450 3332 1556 3415 waren gleichfalls vorzüglich. Das Raimund=Theater darf auf
453 3387 1113 3474 diese Vorstellung geradezu stolz sein.
2285 1126 2748 1214 Telephon 12801.
1915 1203 3149 1290 Alex. Weigl’s Unternehmen für Zeitungs-Ausschnitte
2920 1271 3141 1349 Ausschnitt
2136 1297 2839 1420 „OBSERYER“
2966 1324 3224 1424 Nr. 80
1760 1349 2044 1451 10l5
1818 1403 3253 1496 I. österr. Fehördl. conc. Bureau für Zeitungsberichte u. Personalnachrichten
2027 1474 3045 1536 Wien, IX/1, Türkenstrasse 17.
2213 1542 2848 1610 - Filiele in Budapest: „Figyelö“
1816 1596 3245 1665 Vertretungen in Berlin, Chicago, Genf, London, Newyork, Paris, Rom, Stockholm.
2583 1724 3078 1847 0, Wien
1812 1745 2339 1835 Ausschnitt aus:
1818 1835 2387 1983 voms (K 40
2029 2063 3196 2142 Der dramatischen Seifenblase folgte eine Aufführung= vonl
1917 2137 3185 2194 Schnitzlers „Liebelei“ mit Frau Niese als Christine Weiring.
1920 2172 3186 2233 Das aus Rührseligkeit und Leichtsinn zusammengebraute Wiener¬
1920 2222 3194 2282 tum Schnitzler'scher Marke ist auf dem Wege von der Hofbühne
1924 2280 3198 2348 am Franzensring in die Wallgasse nicht echter geworden; hier
1916 2320 3189 2385 aber am richtigeren Platz. Übrigens bemühten sich außer Frau
1919 2367 3189 2433 Niese, die aber erst im Schlußakte sich selber fand, die Herren
1920 2426 3186 2480 Lackner, Homma und Jules sowie Fräulein Raingruber
1918 2462 3202 2552 und Frau Anatour mit gutem Gelingen redlich um ihre Rollen.
2285 2589 2802 2678 Bezugs-Bedingungen:
1819 2652 2995 2741 Für 50 Zeitungsausschnitte (Artikel oder Notizen) Kr. 15.—
2873 2674 3232 2777 28.— inelusive
1921 2708 2024 2754 100
3038 2726 3211 2770 Porto.
2874 2747 2989 2792 50.—
1926 2747 2038 2792 200
3033 2760 3215 2816 Zahlbar
1928 2788 2036 2833 500
2820 2780 2996 2838 „ 110.—
2680 2798 2729 2847 „
2565 2805 2629 2864 „
2854 2797 3251 2880 200.—) im Voraus.
1868 2825 2042 2894 „ 1000
1944 2859 3260 2921 Im Gegensatze zu anderen Bureaux für Zeitungsausschnitte ist das
2896 2909 3270 2980 auch steht es den
1838 2909 2860 2968 Abonnement durch keine bestimmte Zeitdauer begrenzt;
1844 2959 3140 3027 Abonnenten frei die aufgegebenen Themen zu ergänzen oder zu ändern.
1935 3012 3258 3084 Der „OBSERVER“ veranstaltet täglich einen Auszug enthaltend die
1825 3065 3257 3119 Inhaltsangabe aller wichtigen Mittheilungen der Wiener Morgen¬
1826 3116 3263 3165 blätter (Tagesjournale ausser „Neue Freie Presse“ und Wiener Zeitung“)
1842 3137 3258 3198 wodurch eine Uebersicht über das gesammte politische und wirthschaftliche
1830 3197 3266 3257 Leben des In- und Auslandes in drastischer Kürze geboten wird. Diese Mit¬
1823 3238 2853 3309 theilungen werden in Wien um 9 Uhr Früh verschickt.
2150 3306 2920 3398 Prospecte graris und franco.
