3484 4224
908 162 1414 263 box 12/6
270 166 804 241 5. Liebelei
437 223 902 286 sssase.
452 368 923 445 Francisco, Stochnen..,
1021 382 1427 452 Weuig. Poronte.
655 439 1181 511 Quelienangabe ohne Gewähr.)
1188 431 1531 525 eitung, Wien
452 491 870 573 Ausschnitt aus:
443 562 899 657 vom: 5-5t21975
400 729 1536 817 (Deutsches Volkstheater.) Schnitzlers „Liebe¬
281 775 1533 869 lei“; weil Fräulein Wagner die Christine spielt, und
303 858 1533 916 zwar mit gutem Gelingen spielt. Sie gibt nicht die übliche
346 883 1534 966 ßlich=sentimentale Weichheit; ab und zu schlägt allerdings
300 934 1533 1014 die an Gestalten größeren Formats geschulte klassische Linie
300 983 1519 1063 durch und manche Stelle gerät zu heroisch=bedeutungsvoll.
299 1031 1518 1112 Herrn Kutscheras lebenbejahende Robustheit wehrt sich
310 1094 1522 1152 noch immer gegen die kümmerliche Bedrücktheit des alten
303 1152 1518 1215 Weiring. Herr Edthofer durch den Ton herber Natür¬
302 1183 1520 1260 lichkeit und durch die über alles Theater triumphierende
302 1235 1519 1297 warme Menschlichkeit bezaubernd wie immer. Herr Huber
283 1291 1524 1336 drastisch, lustig und temperamentvoll und Fräulein Wal¬
291 1345 1516 1400 [dow als Schlager=Mizzi sehr erheiternd. Hierauf „Kom¬
290 1387 1517 1446 stesse Mizzi“. Dreiviertel Stunden köstlichsten Amüse¬
286 1427 1539 1510 ments für den Zuhörer. Ein technisches Meisterwerk vor
278 1529 1529 1601 allem; ein Kleinod in der Dialog= und Konversations¬
288 1562 1520 1643 behandlung. Anmutig in seinen zarten Ironien, über¬
302 1623 1524 1689 raschend durch die selbstverständliche Kühnheit der frivolen
297 1669 1515 1734 Linienführung. Ausgezeichnet und sehr zum Ergötzen des
291 1698 1515 1790 Publikums dargestellt von den Damen Waldow und
305 1760 1535 1832 Glöckner und den Herren Lackner, Kramer,
294 1799 1116 1897 [Edthofer, Huber und Klitsch.
1324 1808 1473 1902 p.f.
356 1966 802 2065 Ausschnitt aus:
631 1965 1579 2110 WIENER ABENDPOS“
717 2055 895 2110 Juk 19
361 2072 520 2140 vom:
394 2191 1427 2250 (Deutsches Volkstheater.) Samstag wurden zwei be¬
372 2241 1422 2305 liebte Stücke von Artur SSchnitzler in teilweise neuer
362 2282 1404 2361 -Besetzung dem Spielplane wieder eingefügt: „Liebelei“
366 2346 1422 2422 und „Komtesse Mizzi" oder „Der Familientag“
363 2386 1422 2462 In der „Liebelei“ wurde die weibliche Hauptrolle der Christine,
369 2432 1425 2504 des Wiener Mädels, das keine kleine Liebelei, sondern nur
378 2475 1427 2569 die große, starke, ewige Liebe kennt, der Frau Erika von
372 2549 1430 2601 Wagner zugewiesen. Die Christine gehört — rein
385 2586 1427 2675 theaterlechnisch — nicht in des Fach der jugendlichen
376 2640 1431 2716 Heroine, sondern in das der sentimentalen Liebhaberin.
380 2686 1419 2755 Außerdem sollte diese durchaus wienerisch empfundene Ge¬
379 2724 1430 2811 stalt — in Wien wenigstens — immer von einer wirklichen
391 2778 1434 2861 Wienerin gespielt werden. Die Figur wurzelt zu tief
385 2828 1438 2899 im Wiener Boden. Auch einen leisen dialektischen
393 2883 1434 2957 Anklang müßte sie haben. Frau von Wagner
396 2941 1444 3014 „kommt von Heroinen“; sie ist keine Österreicherin
389 2983 1431 3071 und muß sich alles Stilisierte, Heldische, Groß¬
387 3032 1427 3107 artige erst abschminken und sich in die einfacheren
392 3075 1440 3146 engeren Umrisse hineindrücken. Daß ihr dies gelang,
392 3138 1427 3209 spricht für ihr Talent. Ihr aus dem Gemüt tief herauf
393 3192 1438 3266 quellender, warm zum Gemüte redender Herzenston ließ ein
452 3250 1516 3318 rortschwingendes Echo zurück. Aber — bei allem Respekt
443 3316 1516 3385 vor der sympathischen Leistung — muß gesagt sein, daß
449 3371 1502 3440 es einer icht wienerischen sentimentalen Liebhaberin viel
443 3431 1500 3497 leichter geworden wäre, hier noch besser zu sein.
446 3467 1512 3537 Die übrige Besetzung ist bekannt. — In „Komiesse
453 3522 1514 3576 Mizzi“ spielte zum ersten Male Herr Lackner mit
444 3557 1505 3639 gutem Gelingen die Rolle des alten Grafen, die vor ihm
442 3615 1507 3673 Herr Thaller mit geschmeidiger, aristokratischer Eleganz und
452 3672 1505 3739 Grandezza lebensvoll gestaltet hatte. Es ist nicht leicht,
442 3719 1510 3773 Rollen aus Thallers Erbschaft zu übernehmen. Frl. Waldow
443 3765 1504 3838 war ebenfalls neu; sie legte sich auf ihre lebendige, scharfe
454 3819 1509 3887 Art die Titelrolle klug zurecht, vermochte zu interessieren,
449 3876 1511 3932 zu unterhalten. Herr Huber gab den Fiaker, eine ganz
450 3921 1505 3984 kleine Rolle, aus der vor ihm Herr Lackner überraschend
443 3974 1508 4044 viel herausgeholt hatte, mit guter Beobachtung der heiteren
440 4009 1498 4085 Wirklichkeit. Den beiden Stücken folgte herzlicher Beifall.
2186 380 2697 481 (Quellenangabe ohne Gewähr.)
1937 446 2650 585 Ausschnitt alssgo19z8abe)
2170 528 2223 605 1
1945 555 2121 630 vom:
1890 639 2864 785 Theater und Kunst.
1974 769 2900 840 Deutsches Volkstheater. Dem gestrigen
1885 814 2900 887 Schnitzlerabend („Liebelei“ — „Komtesse Mizzi“)
1882 870 2897 938 lenchtete—in—seinem ersten Teil ein freundlicher
1899 902 2905 973 Stern. Viktor Kutscheras alter Musikus ist
1895 958 2903 1015 ein wahres Kabinettstück von Menschlichkeit erfüllter
1902 994 2895 1060 Darstellungskunst. Aus allen Quellen der Liebe und
1900 1038 2911 1110 Güte entströmen seine Worte, tief aus dem Gemüte
1897 1080 2427 1145 quillt sein Schmerz.
2431 1080 2899 1158 Frau Wagners
1892 1132 2896 1193 Christine hält gleichen Schritt; das kleine
1884 1166 2074 1220 Wiener
2322 1162 2484 1227 Mädl“
2138 1167 2266 1227 „süße
2528 1174 2709 1233 nimmit
2764 1181 2894 1236 zwar
1883 1209 2899 1273 bei ihr etwas aristokratische Linien an, aber die
1893 1261 2911 1309 weiche Anmut der Wienerin und deren warmblütige
1890 1299 2895 1351 Leidenschaftlichkeit kommen eindringlich zum Aus¬
1888 1338 2905 1394 druck. Köstlicher Humor ist in Frau Thallers
1884 1382 2899 1454 alter Binderin und Fräulein Waldows spitze
1895 1432 2905 1498 und g'schnappige Schlagermizzi ist bis in die stets
1889 1478 2904 1525 nervösen Fingerspitzen echt. Die Herren Edthofer
1884 1528 2898 1585 und Klitsch geben ihre nichtigen Nebenrollen in
1886 1576 2912 1625 guter Haltung. Das ausverkaufte Haus sparte nicht
1890 1612 2838 1670 mit Beifall. Den Abend schloß „Komtess
1887 1643 2907 1720 Mizzi“, seinerzeit mit der Galafres, Thaller,
1885 1699 2923 1741 Kramer und Edthofer, eine der abgerundetesten und
1876 1738 2907 1807 harmonischesten Derbietungen dieser Bühne. Von
1882 1790 2893 1846 diesem Quartett sind nur Kramers fein¬
1880 1812 2919 1896 stilisierter Fürst und Edthofers urkomischer
1882 1874 2912 1946 Gymnafiast übriggeblieben. Herr Lackner ist als
1884 1918 2900 1985 Graf Pazmandy zu derb=rustikal und Fräulein
1877 1959 2906 2042 Waldow gibt statt der zart instrumentferten Gräfin
1873 2007 2591 2074 Mizzi, eine Komtesse Schlagermizzi.
2690 2012 2858 2073 L. F.
1968 2040 2958 2127 Stadttheater, Ein Glomahend. der G4
1931 2457 2808 2561 Ausschhit Ase Zeitung, Wien
2335 2533 2419 2592 .
2328 2539 2528 2628 # 1970
1950 2574 2097 2644 vom:
2033 2682 2819 2764 Theater und Miulik
2125 2749 2755 2845 Deutsches Volkstheater.
1973 2802 3020 2880 Arthur Schnitzlers Schauspiel„Liebelei“ erfuhr
1876 2868 3004 2914 im Deutschen Votkstheater, neu einstudiert, die vorzüg¬
1875 2908 3002 2962 lichste Aufnahme. Das wirkungsvolle Volksstück ergriff
1867 2959 3003 3001 namentlich in dem tragischen Abschluß der als Lustspiel
1884 2990 3006 3043 beginnenden Szenen. In die Besetzung der Hauptrollen
1883 3028 2995 3074 teilten sich wie früher Fräulein Wallentin und die
1881 3064 3000 3118 Herren Kutschera und Edthofer; neu waren Frau
1876 3115 3003 3158 v. Wagner, welche für die Rolle der Christine die
1991 3145 3004 3202 sten Töne fand, und Herr Huber als lebens¬
1995 3183 3011 3236 er Theodor Kaiser. Als Schluß folgte des Dichters.
2003 3217 2998 3277 ige Komödie „Komtesse Mitzi“. Ihre satirische
1999 3264 3005 3310 derung verschiedener Lebensverhältnisse und lebendig
1990 3302 2994 3357 chneten Figuren übten in der prächtigen Darstellung
1963 3341 2999 3392 ch die Damen Waldow (Titelrolle), Glöckner
1875 3380 3016 3451 (Ballettänzerin) und die Herren Kramer, Edthofer,
1880 3433 2996 3475 Lackner und Huber die vortrefflichste Wirkung aus.
1888 3470 3003 3553 Der beilane geläte Alend estant sch der Uicheftsen
1888 3541 2667 3628 Anerkennung des gut besuchten Hauses.
