3436 4352
460 417 779 475 ministers ent¬
467 455 749 510 such gemacht
511 486 755 546 es an der
502 528 744 585 Grund¬
500 566 752 618 orwürfe
496 603 743 661 rde. Amtlich
504 642 740 695 rgänge zur
527 681 747 735 eformen
481 719 742 768 noch nicht
509 754 744 805 niemals
484 790 746 843 itliehen,
510 833 759 884 ndungen,
499 865 752 927 eigenen Ver¬
551 905 756 960 Hohen¬
515 938 754 998 n, Bosse,
510 981 755 1047 n, Schön¬
484 1041 764 1116 „Depesche.)
470 1101 762 1157 acher Franz
475 1142 767 1200 ner Productiv=
470 1172 766 1244 ier in Arbeit,
448 1227 754 1287 ng seiner An¬
451 1268 765 1332 senböck be¬
475 1293 755 1381 sich enthalten
454 1377 766 1458 t=Depesche.)
435 1439 767 1504 gefundene Briefe
448 1482 764 1543 Excommissär der
433 1519 765 1585 deutschland
522 1568 762 1624 Er besaß
486 1603 755 1670 Hauptaufgabe
426 1649 765 1708 men französischen
416 1697 758 1753 ln und sie den
481 1730 766 1790 er als großer
429 1772 761 1827 Kriegsministerium
418 1822 770 1880 ungen jenseits
450 1855 764 1916 wurde, wurde
453 1890 767 1957 wird beschuldigt,
449 1937 761 2003 und der in Köln
465 1988 769 2043 zu haben. Die
425 2023 764 2074 chwartz sei ein
415 2066 774 2142 kind und wurde in
427 2136 766 2207 aure gab heute
441 2190 775 2245 n Portugal
531 2228 768 2275 ein großes
420 2229 532 2276 in
429 2260 774 2323 : Minister und der
426 2304 761 2353 st Lobanoff
415 2339 772 2398 roßfürsten wurden
433 2377 772 2425 wiesen. Bei dem
428 2410 773 2473 genüber dem Prä¬
426 2452 778 2516 : ein glänzender
422 2516 781 2592 t=Telegramm.)
425 2578 782 2630 und Betriebs¬
430 2610 782 2668 ellschaft mit be¬
457 2648 776 2701 in eine Actien¬
429 2682 776 2750 pital im Betrage
478 2724 785 2777 dem Bankhause
440 2763 774 2814 Lomp. in Wien
438 2798 787 2866 Die Actien sollen
439 2838 616 2892 werden.
461 2922 791 2975 ihm die dritte
453 2951 780 3013 diesmal aber ein
458 3000 789 3053 rähwinkel“,
437 3038 776 3092 Zenefice stattfand,
470 3074 787 3130 zweiten 1052 fl.
431 3107 783 3163 enden im Juli
445 3150 792 3203 rfeu werden) und
480 3182 774 3245 wovon Nestroy
438 3222 655 3277 neu bezog.
445 3244 777 3316 mber blieb das
469 3294 676 3347 t berichtet:
455 3332 780 3386 rs Ferdinand von
451 3370 783 3442 hr Nachmittags in
455 3431 782 3511 Parade auf dem
451 3482 644 3535 Kaisers.
460 3505 776 3568 ihr in der Stadi.
454 3563 791 3616 tern. Viele Todte
469 3595 788 3657 Excessen wurden
489 3653 793 3723 im Carltheater
457 3707 783 3759 ht der Herr
469 3738 791 3798 Vorstellung fand
462 3774 785 3839 Lompagnie statt,
488 3813 782 3885 nach Abzug der
479 3881 793 3941 turmpetition des
472 3931 786 3985 srückung sämmt¬
475 3969 734 4019 chlossen.
478 4003 803 4064 petition an den
561 4043 798 4090 Sicherheits¬
486 4079 791 4139 zit dem Militär.
2024 300 2692 374 10 October 1895 Seite 5
889 310 1592 397 Illustrirtes Wiener Extrablatt
1732 361 2757 456 Das Ehepaar fand in Fran Hohenfels und Herrn
2629 432 2757 489 hatte
2524 433 2619 490 sie
1023 411 1487 499 Theaterzeitung.
1742 420 2528 499 [Hartmann glanzvolle Vertreter;
2637 474 2750 525 Zu¬
847 471 2636 518 Hofburgtheater. Zwei Ehebrüche, ein feelischer leichteres Spiel, als er, denn sie fand die
1756 515 2753 569 stimmung aller Weiber, während er in den Angen
758 522 1752 573 und ein leibhaftiger, bilden die buchstäbliche Triebkraft
1752 545 2759 622 der Männer und Weiber lächerlich erschien. Herr Hart¬
752 559 1754 614 der gestrigen Novitäten. Zuerst kam das einactige Schau¬
764 600 2755 660 spiel „Rechte der Seele“. Das ist eine psycho= mann setzte alle Hände in Bewegung, um nicht
2632 637 2764 701 Das
1748 643 2643 704 die Beute seiner unseligen Rolle zu werden. —
752 655 1753 703 logische Schrulle von Ginseppe Giacosa. Der
1763 676 2761 741 Hauptstück des Abends war, das dreiactige
1498 691 1750 748 zeigt uns
750 686 1466 759 berühmte italienische Moralsieder
1766 714 2756 772 Schauspiel „Liebelei“ von Arthur Schnitler.
756 732 1743 782 diesmal ein dreieckiges Verhältniß, von dem
754 770 2772 830 eine Ecke bereits abgebröckelt ist. Der Hausfreund Die Frage, ob die Arbeit des begabten Wiener Schrift¬
762 809 2753 865 hat sich nämlich aus unerwiderter Liebe erschossen. Die stellers in's Burgtheater gehört, ist eine müßige. Die
1764 849 2764 903 Leute, die bei Sudermann's „Schmetterlingsschlacht“
754 856 1746 912 trauernden Hinterbliebenen sind der Ehemann und die
1754 894 2763 956 Beifall geklaischt, brauchen sich auch bei der
755 898 1741 969 Ehefrau. Der Hausfreund war so unvorsichtig, nur sich
1759 926 2766 994 „Liebelei“ nicht zu schämen. Auch in seiner
1551 936 1757 993 zu ver¬
756 946 1531 996 selbst und nicht auch die Briefe
1765 978 2757 1031 jüngsten Arbeit zieht der Verfasser den Vorhang vor
764 982 1756 1036 nichten. Aus diesen Briefen ersieht zwar der
1385 1014 1752 1082 Nichts vorzuwerfen
1754 1004 2771 1069 dem Wiener Grisettenthum. Wir haben es dem dichtenden
763 1032 909 1095 Gatte,
906 1021 1375 1094 daß seine Frau sich
1765 1062 2764 1122 Mediciner schon bei einer anderen Gelegenheit nach¬
1436 1055 1752 1120 eifersüchtig auf
1191 1065 1418 1127 t trotzdem
764 1065 1130 1126 habe, aber er
1756 1091 2771 1156 gesagt: Er läßt, seine Patienten liegen und
761 1102 1756 1166 den Todien. Warum? Erstens hat er Nichts zu thun,
1755 1137 2756 1201 hebt die Gefallenen auf. Zwei Grisetten, innig gesellt,
772 1147 1752 1201 als über sein Eheleben nachzugrübeln; zweitens weiß er,
1768 1181 2758 1241 sind die Heldinnen des Schauspiels, die Eine sorg¬
763 1193 1757 1243 daß er mit der Schönheit und der Kraft des Haus¬
1760 1232 2769 1281 los und leichtlebig, die Andere sorgenvoll und
776 1227 1758 1285 freundes niemals hat concurriren können, und drittens
1981 1267 2762 1319 Die fentimentale Maid hat eine
1767 1271 1992 1329 Rutimental.
775 1269 1757 1330 fürchtet er, seine Frau habe die Liebe zu jenem Manne
1769 1310 2774 1364 Aebschaft mit einem jungen Manne, der dieses Vei¬
765 1316 1755 1366 nur ihrer Pflicht geopfert. Diese Furcht entbehrt nicht
1771 1348 2775 1406 Alniß nur als eine Liebelei betrachtet. Die Liebelei
766 1355 1766 1415 der Begründung. Nach einer Reihe von häßlichen
1774 1394 2774 1445 #ird aber von der Grisette furchtbar ernst genommen.
761 1390 1768 1458 Eifersuchtsscenen, die jetzt die kleinen Unterhaltungen am
1769 1432 2780 1486 Sie weiß nicht, daß den Liebhaber festere Bande an eine
774 1439 1778 1492 scheußlichen Herd des Ehepaares ausmachen, gesteht die
1799 1463 2776 1523 Eheiratete Frau knüpfen; sie erfährt erst die volle
772 1481 1767 1539 Frau, der Nörgeleien müde, die reine Wahrheit. Sie
1774 1512 2776 1576 Lzahrheit, als er von dem betrogenen Gatten im Duell
776 1520 1768 1587 hat den Freund wirklich geliebt und liebt ihn noch. Sie
1763 1551 2775 1621 ödtet worden. Die Aermste ist in Verzweiflung, sie bürzt,
779 1565 1769 1621 war ihm nie zu Eigen, aber jetzt empfindet sie die Neue ihrer
1819 1599 2776 1657 irgend einem Sprunge bereit, aus d m Hause und der
777 1606 1767 1666 Tugend. Ja, sie fühlt sich tief unglücklich, daß sie anständig
1778 1634 2777 1693 Fater jammert: „Sie kommt nicht wieder, sie kommt
776 1657 1760 1704 geblieben. Sie überhäuft den Gatten mit den bittersten
1770 1682 2777 1730 richt wieder!“ O, dieser Vater! Er ist Musiker in einem
778 1695 1772 1753 Vorwürfen. Warum? Erstens war der Hausfreund nicht
1772 1716 2774 1781 Vorstadttheater und das gerade Gegenstück zu dem un¬
771 1735 1768 1792 nur schöner und kräftiger als der Mann, sondern auch ge¬
1775 1764 2776 1836 sterblichen Stadtmusicus Miller. Er verflucht seine Tochter
781 1771 1767 1833 scheidter; zweitens hat der ungekrönte Menelaus in seiner
1780 1801 2761 1864 nicht, er beschimpft nicht ihren Liebhaber, er sagt nur
770 1817 1763 1869 Einfalt nie Etwas von dem geheimen Kampfe seiner besseren
1772 1848 2778 1912 m einer nachbarlichen Strumpfwirkerin, gewissermaßen sich
775 1860 1768 1918 Hälfte zwischen Liebe und Pflicht bemerken wollen, und
1775 1897 2779 1949 selbst zum Troste: „Was hat denn so ein armes Ge¬
772 1893 1771 1950 drittens hat er jetzt ihre Seele gewaltsam geöffnet, und
1774 1913 2780 1999 schöpf schließlich von seiner Tugend, wenn schon nach
776 1945 1761 2004 da mußte er doch sehen, daß sie für ihn Nichts mehr
1775 1972 2757 2021 ahrelangem Warten richtig der Strumpfwirker kommt.“
774 1987 1771 2041 enthalte! Die seltsame Dame thut überhaupt so, als ob
1778 2013 2776 2082 And nach dem Tode seiner zur alten Jungfrau zusammen¬
775 2020 1767 2077 man in ganz Italien frei nach Suppé sänge: „Hast Du
1770 2056 2788 2118 geschrumpften Schwester meint er: „Ich hätte mich am
775 2069 1770 2126 nur meine Treue, die Liebe brauchst Du nicht!“ Und der
1778 2098 2780 2155 liebsten auf die Knie vor sie hingeworfen und sie um
777 2108 1767 2164 Gatte? Er bittet, fleht, jammert und heult! Dann weist
1777 2145 2786 2205 Verzeihung gebeten, daß ich sie so gut behütet
767 2152 1769 2206 er in seiner Verzweiflung der platonischen Ehebrecherin
1775 2185 2784 2235 habe vor allen Gefahren und vor allem — Glück“.
768 2193 1778 2245 die Thür, um gleich darauf wieder in ein unmännliches
1771 2224 2775 2283 Woher der alte Mann diese philosophische Resignation,
775 2234 1776 2291 Wehklagen auszubrechen. Die Frau aber jubelt auf
1769 2257 2786 2323 diese pikante Weisheit schöpfte? Er ist halt Violin¬
779 2283 1778 2334 und sie verläßt ihn zur selbigen Stunde mit den Worten:
1779 2305 2779 2364 spieler im Josephstädter Theater. Die Freundin seiner
781 2326 1780 2380 „Wenn ich diese Schwelle überschritten, dann bin ich für
780 2347 2784 2419 Dich eine Todte!“ Man könnte beinahe sagen: Die Todte Tochter, die sich um keinen Mann kränkt,
1779 2392 2789 2448 nimmt ihre Liebeleien minder sentimental und fährt auch
886 2407 1773 2469 der Todte, das heißt, die Geschiedene und
775 2413 895 2463 und
1785 2431 2789 2490 besser dabei. Ist das die Moral des Stückes? Der erste
1453 2441 1775 2496 als Verlobte!
784 2438 1464 2505 der Verschiedene empfehlen sich
781 2501 2784 2533 Das ist das Stück des Giacosa, das uns Otto Act besteht aus wohlgelungenen Milieuschilderungen, die
1777 2515 2791 2566 Imnur einmal durch einen boulevarddramaartigen Einschnitt
776 2525 1776 2588 Eisenschitz, der ehrliche Makler in italienischen
1784 2555 2776 2616 unterbrochen werden. Es int das die Seeue, in welcher
784 2566 1768 2633 dramatischen Werthen, prompt übermittelt hat. Inter¬
1790 2595 2784 2660 der betrogene Ehemann auf zwei Minuten in der
793 2615 1778 2666 essant ist die Sache, aber viel zu spitzfindig und geklügelt.
1781 2642 2788 2705 Wohnung des jungen Mannes erscheint, um ihn heraus¬
791 2657 1776 2713 Unter den beifallspendenden Besuchern des Hauses gab
1780 2679 2790 2750 zufordern. Man war sich der Gefährlichkeit dieser
790 2702 1772 2750 es gewiß nur wenige, die nicht noch freudiger zugestimmt
1779 2728 2778 2780 Episode im Burgtheater bewußt und ließ sie
794 2742 1773 2794 hätten, wenn die Frau ihren Mann mit den
1783 2762 2787 2834 daher von Mitterwurzer spielen, der wol niemals
792 2785 1776 2836 Worten verlassen hätte: „Mit einem so dummen
1782 2808 2792 2868 vorher auf einer Bühne so wenig zu sagen hatte. Das
788 2827 1770 2884 Kerl, wie Du einer bist, lebe ich keine Stunde länger.“
1779 2857 2796 2914 Publicum nahm das lebhafte Zusammensein der beiden
1788 2879 2785 2955 Grisetten mit ihren Liebhabern nicht ohne Wärme auf= Arthur
808 2914 1777 2967 — Alarmtrommeln. — Ausrückung der Nationalgarde
1782 2934 2794 2987 Schnitzler, der Begründer des Anatolismus, feierte da
795 2957 1775 3004 ohne gesetzlichen Zweck und Bestimmung. — Der Kampf
1788 2976 2786 3036 einen wohlverdienten Erfolg. Leider bekannte er sich in
1568 2995 1777 3041 Auf dem
779 2994 1524 3049 beginnt sich in die Vorstadt zu verlegen.
1780 3024 2789 3086 den späteren Aufzügen zum Ifflandismus. Auch die dra¬
784 3027 1788 3079 Carmeliterplatz wurde von den Garden meuchlings
1777 3061 2784 3130 matische Gleichheit der Actschlüsse schadete. Im
788 3073 1774 3119 in die Cavallerie geschossen. — Zwiespalt in der Garde
783 3109 1777 3159 selbst. — Kampf in der Stadt — Bürger gegen Bürger!
1781 3091 2795 3162 ersten Acte bleibt, der trauernde Liebhaber,
810 3147 1777 3203 — Kriegsminister Latour wurde vom Volke im Hof¬
1785 3141 2794 3206 im zweiten Acte die trauernde Geliebte und im dritten
797 3182 1771 3228 kriegsgebäude ermordet und auf dem Hof an einer
1779 3186 2796 3242 Acte der trauernde Vater mutterseelenallein zurück. Im
787 3221 1771 3271 Laterne aufgehangen! —— Das k k. Militärzenghaus,
1785 3231 2794 3285 letzten Acte stehen vier Personen auf der Bühne in einem
785 3260 1787 3300 von wenig Infanterie vertheidigt, wurde vom Volke
1793 3264 2783 3340 Preiswettweinen begriffen, daß die Thränen in
793 3295 1775 3344 gestürmt, von Nachts bis sechs Uhr Früh von Garden
2375 3302 2779 3369 den Souffleurkasten
2275 3298 2386 3367 in
2130 3321 2279 3370 bis
1786 3319 2143 3380 Strömen fließen
794 3324 1778 3400 und Legion mit Kartätschen beschossen und auf Beschluß
1779 3355 2786 3418 hinein. Diese Kührseligkeit veranlußte einige Leute, den
783 3365 1098 3426 des Reichstages
1784 3396 2794 3447 Erfolg — Schnitzler wurde wiederholt gerufen — durch
904 3403 1783 3460 Samstag, den 7. October der Nationalgarde über¬
1788 3432 2800 3491 Widerspruch zu trüben. Gespielt wurde gut. Fräulein
793 3443 1780 3493 geben, welche es mit Hilfe des Volkes plünderte und be¬
1798 3478 2795 3534 Sandrock, Lie Tochter, und Sonnenthal, der
787 3490 1791 3539 stahl. — Die Zahl der Todten und Verwundeten ist höchst
796 3522 1783 3580 bedeutend. Der Kaiser und seine Familie sind geflohen
1792 3519 2792 3576 Vater, setzten alle Taschentücher in Bewegung. Herr
839 3560 1786 3605 die begüterten Einwohner verlassen die Stadt. — Der
1792 3543 2802 3620 Kutschera gab seiner Rolle nicht mehr Farbe, als sie
788 3601 1780 3658 Zweck des Kampfes — die Errungenschaften des Sieges
1798 3599 2790 3660 besitzt. Herr Zeska ließ keine Pointe des Dialoges fallen.
1592 3631 1785 3682 Tiefe, er¬
831 3639 1601 3682 — wer weiß sie — wer kann sie nennen? —
1798 3642 2783 3702 Als lebensfreudige Schlager=Mizi — o, Burgtheater! —
1205 3671 1786 3721 Unvergeßliche Tage gegenseitigen
792 3668 1166 3726 schütternde Trauer!
1789 3682 2793 3754 überraschte Frl. Kallina mit ihrem frischen, natürlichen
1031 3713 1731 3770 Ich war auf der Wache im Strafhause.
794 3713 1041 3774 Mordens! —
1792 3727 2799 3793 Spiele alle ihre bisherigen Nichtverehrer, also das ganze
900 3741 1789 3793 Samstag, 28. October. Ich ging um zehn Uhr
1791 3763 2808 3841 Haus. Seit gestern darf sie als vollwerthig betrachtet
801 3779 1785 3834 mit Carl in die Stadt zu Sina wegen der Gagen¬
1785 3806 2807 3866 werden. Die Vorstellung war kurz; um halb 10 Uhr
801 3819 1788 3872 geder, dann um 12 in's Carltheater. — Die Leopold¬
799 3858 1783 3910 stadt, seit 10 Uhr Vormittags beschossen, wurde um 1 Uhr
1791 3838 2810 3910 lag der lodte Liebhaber bereits begraben. Man
794 3899 1776 3939 ernstlicher angegriffen, mit Granaten beschossen und über
1803 3892 2815 3962 hätte also, um zu wissen, was aus dem betrogenen Ehe¬
800 3934 1787 3984 Barricaden und Leichen um 5 Uhr erstürmt, viele Häuser
1787 3947 2806 3991 mann und seiner Frau geworden ist, zu Schnitzler's
802 3978 1402 4028 in Brand gesteckt und geplündert.
1800 3977 2815 4047 „Liebelei“ Giacosa's Einacter noch einmal, und zwar
902 4000 1785 4052 Sonntag, 29. October wollte der Gemeinderath
1802 4020 2410 4090 als Fortsegung aufführen können.
795 4043 1785 4093 der Stadt Wien capituliren, allein durch die Nachricht
803 4086 1803 4136 vom herannahenden ungarischen Hilfscorps griff Alles in
