3484 4256
22 2411 105 2526 sile
-3 2513 111 2570 len in
-14 2544 105 2598 den.
-18 2570 128 2643 öffnen
-10 2615 108 2685 oßen
-4 2648 116 2709 ein
-18 2695 137 2755 inehn
-8 2731 125 2790 ingend
18 3005 86 3048 le v
10 3035 107 3083 fnahn
16 3075 85 3141 Au
29 3127 114 3242 9.60
569 178 903 254 iebelei
1045 176 1513 274 box 10/3
367 176 966 303 5. LieLeIeT
1934 863 3457 943 Tabeiseeht. Da über ging es dem Fürsten Bismarck, wie es später Anfung an
644 928 3454 990 windlichen Widerwillen gegen die Zweideutigkeiten und den Phrasen= der konservativen Partei gegangen ist. Stöcker wollte nicht lediglich Es heißt #
660 981 3449 1023 schwulst des früheren Hofpredigers. Stöcker ist weder ein großer Werkzeug sein. Er wollte dem Fürsten Bismarck nicht nur dienen,fehlle, zu ei
1929 1076 3435 1150 ständigkeit (die doch nie ganz vollständig ist) die künstlerisch feinere heiratheten
3221 1126 3454 1181 ist: — wie
1938 1121 3222 1196 Andeutung. Und die zarten, halben Gefühle, die feinen Vorstöße
1001 1088 1613 1224 Feuilleton.
1947 1160 3463 1237 und leisen Regungen statt der brutal=kompakten Ganzgefühle — die liche in Du#
1561 1161 1901 1261 Nachdruck ist verbeten.
3202 1221 3459 1280 stordenen G
1934 1221 3048 1287 ja auch innerhalb des Naturalismus jenen weichen müssen.
1989 1264 3449 1341 Aber was will so viel theoretisches Gerede bei einem solchen Bucht hört nur, d
3218 1311 3458 1371 dem Gatten
1097 1286 1538 1387 Berliner Brief.
1932 1298 3223 1378 Das Buch führte den dreißigjährigen Anatol durch mancherlei zarte,
3212 1349 3462 1420 daß nachher
719 1383 3217 1422 Seit einer Woche ist der Oesterreicher Arthur Schnitzler in sanfte, verlogene, witzige, süße und lyrisch=weiche Situationen. Immer
3211 1399 3461 1466 Und nun er
645 1419 3216 1480 Berlin. Ein Mann in Beginn der Dreißig; von mittlerer Gestalt, dreht es sich um Weibliches. Bald um die holde Cora, die Anatole
3215 1448 3451 1507 ihm und ih
646 1463 3224 1524 mit einem nicht langen, blonden, anscheinend weichen Vollbart; Arzt in der Hypnose befragen könnte, ob sie ihm treu ist, — und die er
3224 1491 3468 1556 hat es befür
658 1521 3215 1566 seines Berufs. Doch vor allem ist er seines Berufes ein Dichter. lieber nicht befragt. Bald um eine verheirathete Frau, die nicht den
3240 1538 3467 1602 — Schiller
1936 1566 3227 1621 Muth zur Liebe hat; die dem „süßen Mädl“ aus der Wiener Vor¬
663 1540 1947 1621 Wenige kannten ihn hier. Wohl nur die kleine Schaar, die nach
3217 1589 3460 1659 thümliche S
1944 1598 3213 1653 stadt kontrastirt wird, die ihn hat. Bald um ein ausgehendes Ver¬
661 1612 1952 1664 Neuem und Feinem umherspürt; wohl nur die Mitarbeiter und die
3274 1641 3466 1706 Sie wit
1948 1650 3225 1705 hältniß mit einer Verheiratheten, bald um ein Circusgeschöpf, bald
655 1657 1942 1709 Leser abseitiger Zeitschriften, in denen sein Name hie und da auf¬
3217 1671 3415 1752 Mäd'ln.“
1942 1690 3222 1756 um ein Theatermädel, das beim Abschied brutal offen wird, bald um
654 1696 1942 1766 taucht; die Freunde der „Neuen Deutschen Rundschau“ auf deutsch:
1949 1738 3455 1790 eine Dirne, die einen Augenblick versuchte, ein liebendes Weib zu  und seinem
663 1746 1943 1817 „Freie Böhne“ in der er seine feine Novelle „Sterben“, dann auch
3223 1780 3463 1847 leichtsinnig¬n
663 1784 3227 1848 einen minderwerthigen novellistischen Briefwechsel veröffentlichte, und sein, bald um eine zur Disposition gestellte Ilona, die an Anatols
1951 1836 3217 1888 Hochzeitsmorgen das Gemach verläßt mit den Worten: „Auf Wieder¬
3224 1833 3457 1903 dreieckigen
650 1820 1948 1898 die jetzt wieder seine jüngste Erzählung bringen wird. Endlich kannten
1951 1880 3213 1942 sehen! . .“ Der Inhalt ist nichts. Die Art der Darstellung wunder¬
3220 1881 3425 1938 gemächt.
651 1898 1952 1948 ihn diejenigen, welchen ein kleines Buch einmal in die Hand gefallen
655 1929 3458 1995 war, nicht anderthalb hundert Seiten dick, auf dem Titel das Wort fein, ohne schlimme Schärfe, — sodaß diese anscheinend „gewagten“ am Josefstäl
661 1978 3439 2046 „Anatol“. Auch ein kleines Schauspiel „Das Märchen“, von derSzenen auch ein keusches Oberlehrergemüth ohne wesentliche Entrüstung noch nie
1940 2014 3223 2073 genießen würde. Und eine Stimmung schwebt über dem Ganzen,
3212 1998 3462 2095 tiefe Reigu
665 2017 1962 2090 Qual und der Grausamkeit zweifelnder Liebe umwittert, ging von
1951 2058 3214 2127 so zart und leicht, — soviel Grazie und ironische Melancholie, daß
3215 2045 3444 2128 in seiner
657 2081 1948 2154 Hand zu Hand und gefiel manchem. Wer aber das Anatol=Buch ge¬
1954 2110 3103 2186 nur ein kennzeichnendes Wort dafür am Platz ist: entzückend.
3190 2105 3458 2171 ldoch in jed
665 2119 1952 2185 esen hatte, der war verloren; er stand für immer im Banne des
1997 2160 3454 2231 Jetzt hat dieser bald schalkhafte, bald träumende, bald skeptisch ihm nicht lü
653 2169 1875 2223 Dichters Desselben, den jetzt Berlin als Dramatiker bewundert.
1952 2204 3458 2264 kopfschüttelnde und bald innig anbetungsvolle Poet ein Drama ge=tiefer=innige,
739 2207 1949 2270 Anatol ist ein wundersames Buch. Sieben kleine Dramen
3218 2244 3465 2309 sie lachen sei
1948 2259 3214 2318 schaffen — im Deutschen Theater wurde es gespielt — das in seiner
656 2257 1950 2311 bilden den Inhalt. Besser: sieben Scenen. An die Aufführungs¬
3209 2289 3449 2355 Klavier setzt,
1953 2309 3212 2368 schlichten Tragik den Hörern ans Herz griff, und das seinen Dichter
653 2304 1954 2373 möglichkeit ist nicht immer gedacht: eins der Dramchen spielt
1950 2336 3452 2403 mit einem Schlage in den Kreis der Besten rückte, die wir besitzen. Nebenzimme
653 2345 1951 2413 „in den Straßen Wiens“ und führt durch mehrere Gassen
1950 2393 3452 2457 Wir freilich, wir Wenigen, haben längst gewußt, was #r war: jetzt dreißig Jahr
660 2407 1943 2452 an Schaufenstern vorbei, zu einem Fiaker, in welchem die Dame
3210 2430 3450 2497 nannt; es h
1949 2436 3222 2506 weiß es auch das berlinisch=westliche Theaterpublikum. Er#tte einen
653 2446 1944 2522 davonfährt. Aber etwas anderes widerstreitet der Aufführung stärker
3211 2480 3461 2549 gierungsbezi
1943 2491 3223 2555 tiefen und freudigen Erfolg. Und doch ist er im Grund#uch hier
664 2493 1954 2553 als diese Arußerlichkeit. Die Scenchen sind so spinnwebzart, so luftig,
3212 2528 3455 2589 verlebte. D
1942 2538 3222 2586 nicht ein Dramatiker im üblichen Sinne. Es handelt sich um eine
665 2539 1946 2597 so flächtig, so entgleitend, so fein, daß die Bühne mit dem jetzt noch
3215 2576 3445 2642 Faust, aber
1944 2584 3221 2643 seltsame Erscheinung: er hat weit mehr Stimmungselemente als
665 2586 1949 2657 bestehenden Riesenumfang, welcher die letzten intimsten Wirkungen
3282 2624 3456 2684 Herr we
1941 2629 3210 2692 dramatische Elemente — und er ist trotzdem bühnenwirksam auch im
657 2624 1546 2704 zu nichte macht, etwas zu roh dafür erscheint.
3215 2665 3452 2727 Zimmer. D
1948 2671 3214 2737 Sinne der Masse! Es giebt keine Längen: alles fesselt auch den
729 2681 1950 2747 Was ist das Wesen dieser Schnitzlerschen Poesieen? Schnitzler
3206 2715 3453 2778 dämmert vor
1953 2723 3226 2795 Alltagsbesucher. Das liegt wohl an dem tiefmenschlichen einfachen
660 2729 1951 2803 ist nicht unbeeinflußt von den Wiener Symbolisten geblieben, und
3201 2756 3456 2827 äußerliche —
1952 2765 2403 2843 Inhalt seiner Tragödie.
657 2754 1941 2834 ein Wiener Symbolist — jener Herr von Hoffmannsthal, welcher sich
3213 2810 3456 2874 unruhig. D
1996 2821 3207 2876 Eine Tragödie ist es, wenn er „Liebelei“ auch Schauspiel nennt.
654 2808 1962 2881 Loris nennt — hat in einer poetischen Vorrede zum „Anatol“ ihr
3200 2852 3450 2920 bleibt allein
1951 2846 3213 2921 Eine Tragödie ist es, wenn auch manches lustige und halb=lustige
659 2860 1943 2929 Wesen zu kennzeichnen gesucht. „Also“, sagt er, „also spielen wir
3203 2896 3457 2963 ruft Christin
656 2908 1961 2964 Theater, spielen unsre eignen Stücke, frühgereift und zart und traurig,
1948 2909 3225 2968 Wort herzliches Lachen weckt. Ja, eben darum eine wahre Lebens¬
3198 2949 3449 3017 „Gute Nacht
654 2960 3207 3023 die Komödie unsrer Seele, unsres Fühlens heut und gestern, böser tragödie, weil beide Elemente, das leichtsinnige und das schmerzenvolle,
3203 2994 3465 3051 gehen die M
646 3006 3203 3082 Dinge hübsche Formel, glatte Worte, bunte Bilder, halbes, heim=ldicht beieinander wohnen. In einer halb leichten, halb dunkel¬
3208 3039 3462 3120 steht noch eine
655 3056 3212 3134 liches Empfinden, Agonien, Episoden .. .“ Es wird mehr der gefärbten Stimmung setzt alles ein, Jauchzen tönt dann dazwischen,
3251 3092 3431 3158 Es ist se
664 3093 3217 3155 Hauch gegeben, der über den Dingen liegt, als die Dinge selbst. Lebensfreude, wienerischer Uebermuth, aber schon hier senkt
3195 3137 3456 3211 die über dies
649 3146 3209 3214 Mit einem einzigen Wort wird immer eine kleine Welt herauf=sich, in einer kurzen schweren Scene, von der nur Zwei wissen,
661 3192 3446 3255 gezaubert. Zu dem tiefen Stumpfsinn des nackten Holz.=Schlaf=der Schatten hernieder, — der dann zum Tode führt. Ein es war von
653 3235 3449 3318 Naturalismus ist es der vollendetste Gegensatz. Statt der Voll=junger Mensch, Fritz Lobheimer, hat ein Verhältniß mit einer ver=einig diesmal
2102 3368 3235 3570 Cere (erducs
