3392 4256
295 199 661 296 Liebele
432 197 1291 326 ##1 box 13/1
2279 634 2977 722 ——
1601 640 1998 713 —.—
2277 704 3205 782 einigen Darstellern aus, in denen offensichtlich
2286 773 3196 833 Eigengestaltung und Regiewillen im Gegensatz
2289 819 3196 892 standen. Der Film hat unzweifelhaft Eindrucks¬
1125 743 1633 916 Liebelei.
2278 866 3188 943 kraft und so war auch die Aufnahme — selbstver¬
2290 907 3191 984 ständlich seiner Impression entsprechend — die
2276 963 3195 1041 denkbar günstigste. Ein Verdienst vor allem
1057 941 1634 1056 Im Primus-Palast.
2282 1011 3186 1096 der Darstellung, und über dieses Kollektivum
477 1036 2263 1124 Es hieße Schnitzler bitteres Unrecht tun, es ihnen gelungen, einen Spielfilm von gutem
2274 1068 3191 1139 hinaus einer Darstellerin, deren große
1348 1110 2258 1174 Niveau und vor allen Dingen von Steigerung
2279 1110 3196 1169 Kunst (vom Kenner war sie längst erkannt) erst
429 1115 1332 1177 wenn man seinen Namen in Verbindung mit
1347 1154 2255 1216 und Endhöhe zu schaffen. Die Längen im An¬
424 1139 1351 1242 dieser „Liebelei“ nennen würde; allerdings den
2278 1164 3197 1238 durch diesen Film für die Oeffentlichkeit
431 1201 2254 1288 Autoren H. Juttke und C. Klaren noch] fang sind mehr ein Fehler der Regie als des
2275 1216 3190 1286 deutlich wurde: Vivian Gibsons. Es
2290 1262 3197 1333 wurde zwar durchweg nach Vermögen
3211 1277 3288 1334 9
2284 1308 3289 1379 est gespielt; aber eine abgerundete und inih
2277 1369 3291 1440 jeder Nuance durchdachte und durchfühlte j'm
2287 1402 3202 1478 Leistung bot einzig und allein diese Schau¬
2294 1448 3195 1523 spielerin in der Rolle der Doris Velten (wo
2283 1502 3186 1565 haben die Regisseure ihre Augen gehabt, die seit
2289 1560 3190 1624 Jahren eine derartig große Begabung in kleinen
2277 1601 3194 1666 und höchstens mittleren Rollen agieren ließen).
2272 1641 3189 1720 Nach ihr die Novize Evelyn Holt als Christine.
3197 1657 3290 1749 un
2284 1695 3196 1760 Der jungen Darstellerin ist keinesfalls eine starke
3236 1728 3286 1794 zit
2280 1750 3201 1815 Begabung abzusprechen, wenn auch ihr Aus¬
2287 1784 3186 1866 drucksvermögen und ihre Einf ihlungskraft Be¬
2286 1831 3196 1909 grenzungen zeigen, die sich schon in dieser an
2287 1881 3199 1953 und für sich psychologisch unkomplizierten Rolle
2281 1940 3193 2008 der Christine klar ausdrücken. In Momenten
2281 1990 3200 2046 reiner Passioität, still erduldeten Leidens ist sie
2277 2037 3198 2103 stark. Bei allem, was darüber hinausgeht, ver¬
2283 2075 3199 2154 sagt sie und wird wohl auch in Zukunft über
2286 2102 3205 2184 eine bloße routinierte Gestaltung von Effekten
2288 2184 3202 2232 nicht hinauskommen. Louis Lerch als Fritz
2289 2202 3208 2287 Lobheimer noch unausgeglichener als seine
2285 2256 3208 2333 Partnerin, leidet im Anfang unter d## eigen¬
2282 2321 3203 2379 willigen Hand des Regisseurs, hat aber in den
2290 2359 3211 2426 Schlußszenen gute Momente. Sehr gute Hilde
2284 2410 3214 2487 Maroff — ihre Begabung braucht nicht noch
2944 2439 3211 2527 als Mizzi
2286 2462 2878 2530 einmal bestätigt zu werden
2286 2481 3205 2569 Schlager. Jaro Fuerth, Robert Scholz,
2285 2565 3197 2611 Karl Platen, Henry Stuart in den übrigen
2290 2605 3195 2672 Rollen mit annehmbaren Leistungen Der Film
2287 2644 3203 2714 gewinnt durch die gute Photographie Eduard
2295 2697 3196 2758 Hreichs und verliert unter Der unglaublich
2287 2748 3059 2823 geschmackosen musikalischen Untermalung.
2991 2793 3158 2868 -ekoe—
2628 2871 2851 2958 ben hur.
2345 2979 3191 3064 Draußen, in der Provinz Berlins, im Wal¬
2291 3048 3196 3103 halla=Theater benutzt Direktor Samst die Kon¬
2303 3093 3199 3161 junktur des Ben=Hur=Films, und läßt sich
2306 3149 3195 3217 nach dem Wallaceschen Roman von
1375 3132 2271 3223 Manuskripts. J. und 2. Fleck, die inszenierten,
453 3145 1352 3236 größeres zufügen, wenn man ihr Werk als Ver¬
2291 3193 3206 3245 Barrett und Siegfried O. Lutz ein Sen¬
1375 3213 2282 3266 legten überhaupt im großen und ganzen mehr
455 3211 1351 3288 ballhornisierung und Verflachung bezeichnen
2294 3240 3212 3318 sationsstück in sieben Bildern schreiben, das seine
1378 3241 2270 3321 Wert auf die Besonung des rein Gegenständ¬
457 3258 1358 3334 wollte. Sie hatten aus einem Bühnenwerk,
2297 3293 3209 3354 Darsteller mit viel Mühe, Pathos und gutem
1377 3295 2276 3352 lichen, des Handlungablaufs, als auf Vertiefung
446 3306 1349 3398 dessen Feinheiten im Dialog zutiefst verankert
2298 3335 3203 3408 Willen spielen. Volkskunst — aber mehr Volk
442 3349 2284 3415 liegen, einen Film zu schaffen, und so konnten sie und Schaffung der betonten Atmosphäre, des
2300 3385 3206 3448 als Kunst; wer für sie etwas übrig hat, amüsiert
1370 3387 2280 3460 Stimmungsgehaltes. Ihre Art der Regie¬
452 3398 1358 3485 notwendigerweise nichts anderes übernehmen,
3053 3437 3190 3510 Inz.
1363 3433 2808 3516 führung drückte sich zuweilen recht deutlich bei sich bei diesem Trauerspiel.
457 3456 1363 3551 als das grobe Handlungsskelett. Immerhin ist
