3436 4256
919 157 1346 246 box 12/3
215 159 847 266 5. Liebelei
338 1099 1372 1221 schnltt aus: Die Drau, Essegg
482 1191 978 1304 14. MAl 1912
327 1257 429 1324 3.
335 1329 1267 1427 Theater, Kunst und Literatur.
518 1416 1088 1495 Deutsches Theater.
316 1473 1287 1535 „Liebelei“, Schauspiel in 3 Akten. — „Ab¬
323 1531 1296 1613 schieds=Souper", Lustspiel in 1 Akt von
593 1584 1021 1673 Arthilt Schnftler.
388 1637 1284 1712 Zu Ehren des feinsinnigen Dichters, der
312 1695 1280 1760 am gestrigen Tage sein fünfzigjähriges Wie¬
319 1754 1289 1816 genfest feierte, wurden unserem Publikum sei¬
310 1804 1292 1862 #tens der Theaterdirektion einige Leckerbissen
309 1851 1276 1906 Schnitzlerschen Geistes aufgetischt. Die „Liebe¬
318 1899 1283 1967 lei“ schildert uns das Liebesleben von flotten
316 1948 1283 2017 Wiener Burschen und gewährt einen Einblick
314 1997 1281 2069 in die rätselhaften, unergründlichen Tiefen der
305 2054 1284 2107 Erotik. Die weibliche Hauptrolle lag in den
314 2102 1286 2162 Händen des Fräulein Mizzi Hellborn, die
318 2151 1283 2209 sich ihrer schwierigen Aufgabe mit viel Wärme
308 2202 1279 2259 und Geschick entledigte. Ihr Partner, Herr
305 2246 1271 2299 Gabler, der gestern hier zum ersten Male
308 2287 1274 2358 auftrat, zeigte noch Spuren von Unsicherheit
312 2340 1259 2411 und Unvertrautheit mit unseren Theaterver¬
310 2392 1276 2459 hältnissen. Trotzdem konnte in seinem Spiele
314 2442 1276 2507 sein Talent konstatiert werden und hoffen wir,
304 2494 1260 2561 daß er hievon unser Publikum bei seinem näch¬
311 2552 1273 2602 sten Auftreten überzeugen wird. Mit gewohn¬
316 2599 1277 2660 r Maestria mimte Herr Direktor Popp den
426 2641 1272 2719 Weiring und erzielte oft stürmischen
301 2709 1256 2762 Benall. Fräulein Dewald und Burg¬
295 2752 1269 2817 hard;, sowie die Heren Raul und Labatt
301 2799 1172 2862 boten durchwegs einwandfreie Leistungen.
386 2854 1269 2903 Im „Abschieds=Souper“ konnten die vier
302 2888 1276 2964 Darsteller, die Herren Labatt, Raul und
302 2945 1272 3008 Froon, sowie Fräulein Hellborn, die
302 2996 1264 3060 ganze Kraft ihres überschäumenden Tempe¬
300 3034 1265 3092 raments und die ausgelassene Fröhlichkeit der
298 3092 1263 3150 jungen Wiener Lebewelt dokumentieren. Das
306 3147 1259 3212 Publikum unterhielt sich ausgezeichnet und ap¬
294 3199 1270 3260 plaudierte stürmisch. Die Darsteller mußten
300 3232 1280 3312 wiederholt vor der Rampe erscheinen und für
299 3291 980 3375 den rauschenden Beifall danken.
2201 165 2881 230 ng
2054 154 3100 285 Schnitt aus
2006 287 2162 381 Im:
2390 304 2541 409 B
2434 346 3021 479 appauer Zeitung
2328 356 2426 444 900
2332 431 2388 479 4
1921 461 3103 627 Theater, Künst und Literatur. den
2978 580 3111 663 lieb
2329 593 2598 684 „Anatol.“
2028 658 3099 745 Einakter=Zyklus von Arthur Schnitzler. ima
2053 707 3107 792 Mit einem Kriegsanleihelag hatte Me
1965 764 3109 839 sich Donnerstag abends auch unsere Bühne in Se
1971 839 3109 895 selbstloser Weise in den Dienst des vaterländischen Tit
1954 890 3099 943 Werkes der Kriegsrüstung gestellt. Zur Auf=sin
1957 919 3107 992 führung gelangten vier der „Anatol=Szenen“ von C.
1962 982 3098 1048 Schnitzler, in denen der Verfasser, bevor er die B.
1973 1028 3070 1080 „Liebelei“ schrieb, die junge Lebewelt der Groß- 8
1970 1061 3082 1136 stadt in scharfen Strichen portraitierte. Als be¬ Be
1965 1110 3101 1187 sonders „zeitgemäß“ und stimmunggebend für die de¬
1966 1171 3087 1233 Kriegsonleihepropaganda können die feingeschlif: S.
1975 1212 3102 1280 senen Satiren auf Schwächlinge der Gesellschaft, de¬
1975 1258 3095 1336 die nur die Lust an der Selbsttäuschung zu kennenm
1970 1305 3094 1361 scheinen, gerade nicht gelten und in unseren vonsste
1974 1357 3098 1432 düsterem Ernst und harter Notwendigkeit erfüll- ste
1976 1416 3106 1470 ten Tagen könnten diese leichtfertigen Dialoge, M
1980 1463 3103 1512 die über erotische Dinge nicht hinauskommen, fü
1976 1520 3020 1567 kaum geschrieben werden. Vom literarischen und
1973 1527 3105 1619 künstlerischen Standpunkte freilich werden diese Gi
1969 1594 3125 1678 Einakter, die in graziösester Art die Stimmung ret
1969 1670 3122 1714 einer vergangenen Wiener Generation zum Aus= der
1969 1710 3150 1768 drucke bringen, stets ihre Geltung behalten, denn non
2893 1751 3162 1828 arbei= elekt
1972 1757 2807 1816 was der Wiener Dichter in diesen Erstl
2970 1797 3152 1875 5, Som
1972 1808 2823 1862 ten an Charakterzeichnung, Menschen
2988 1839 3174 1920 günstt,
1979 1851 2927 1914 Stimmungsgehilt und Wahrheitsliebe bi
1973 1902 3190 1962 wird immer wertvoll bleiben. Die Anatol=Dia= Olmütz
1983 1951 2928 2012 loge sind gewiß keine Dichtungen, die in
1972 1999 2853 2062 Tiese gehen, aber immerhin außerst sche
1986 2063 2704 2112 ausgenommene enge Ausschnitte
1987 2101 2674 2167 komödie des Lebens mit seinen
1987 2154 2696 2216 keiten. Der feinste Reiz der Schn
1980 2198 2729 2269 tritt hier bereits deutlich zutage: di
1989 2255 2855 2309 psychologischen Beobachtung hat dem Die
1983 2293 2894 2384 neswegs den Humor lächelnder Ueberleg
1993 2350 2198 2417 geraubt.
2086 2371 3013 2461 Zur Aufführung gelangte „Die Frage an das
1987 2452 2959 2517 Schicksal", wo Anatol, der nicht nur über
1991 2499 2966 2555 Kunste der Verführung, sondern auch über
1999 2526 3048 2600 Mittel der Hypnose gebietet und durch sie Treue
2002 2593 3039 2656 oder Untreue der Geliebten zu erkunden vermag,
1990 2641 2825 2708 aus fiebernder Angst, der dämmernde
2953 2683 3037 2749 lach
1994 2697 2793 2756 erkenntnis zugrunde liegt, auf die Wa
2958 2735 3054 2796 und
1994 2734 2792 2803 der er zu dürsten vorgibt, lieber ver
1996 2775 2790 2848 sich weiterhin in den weichen Schleie
1997 2833 2778 2915 wißheit einhüllt. Dann folgte die kö
2001 2879 2772 2944 sode, in der der durch seine Siege üil
2061 2931 2765 3001 en und Frauenherzen übermutige
2091 2978 2772 3053 spöttischen Freunde Max seine
2108 3030 2809 3097 geister anvertraut, erfahren n
2112 3068 2895 3148 ika, die ihm die wertvollste Episode
2078 3126 3052 3202 nten Reigen war, so gründlich vergessen hat,
1997 3174 3047 3233 daß sie ihn nicht mehr wiederzuerkennen vermag.
1988 3217 3057 3282 Das darauffolgende, oftgespiekte und vielbewährte
2002 3275 3060 3336 „Abschiedssouper“ zeigt dasselbe Motiv in besserer
2005 3318 3042 3378 Durcharbeitung: die gefräßige Ballett=Diog, die
2008 3379 3052 3437 dem zum Abschied entschlossenen Liebhaber den
2012 3421 3051 3491 Abschiedstriumph wie einen fetten Bissen vom
2012 3467 3062 3530 Munde wegschnappt — ein wahres Klemod un¬
2004 3513 3070 3593 serer Komödienliteratur. Den Beschluß bildete
2003 3583 3056 3629 der Einakter „Anatols Hochzeitsmorgen“, die Ab¬
2014 3606 3055 3675 schiedsszeue von der Geliebten, deren Schmerz
2014 3661 3060 3732 Linderung in dem Bewußtsein findet, den Ver¬
2019 3719 3064 3777 rat des zur Trauung Eilenden am eigenen Ge¬
2009 3764 3063 3826 schlechte rächen zu können, denn nicht sie, sondern
2013 3824 3051 3871 die Gattin Anatols wird die Betrogene sein.
2117 3854 3074 3915 In der Aufführung wurde die Stimmung
2014 3903 3063 3974 des zarten, oft etwas melancholischen Witzes der
2011 3947 3060 4023 Schnitzlerschen Kunst nicht gleichmäßig gut getrof¬
2014 4000 3075 4065 fen. Den Anatol spielte Herr Wer ner=Ei¬
2006 4043 3083 4113 gen etwas selbstherrlich und eigenwillig, nicht
