3484 4256
227 224 609 286 Liebele
235 216 1223 340 1 box 13/4
1045 404 1577 511 „OBSERVER“
978 477 1658 581 Wien, I., Vellzeile Nr.1
1079 544 1583 631 Telefon R-23.0-43
1125 604 1641 724 Arbeiterzeitung, Wies
1299 718 1474 813 333
968 749 1122 834 26.
603 839 2100 1050 Die Welt des Films
1328 1045 2269 1130 das vorsätzlichen Mord bedeutet, und tritt
451 1027 1298 1166 Alt-Oesterreich im Füm
1360 1109 2269 1177 wegen dieses Duells aus der Armee aus.
1356 1142 2277 1217 Auc sonst hat sich manches an der Dichtung
776 1143 1062 1244 „Lebelei“
1362 1187 2262 1250 Schnitzlers geändert. Der fremde Herr, der
1361 1219 2264 1296 Duellgegner, erscheint bei Schnitzler nur ein¬
512 1215 1361 1305 Die Liebestragövie Christine Weyrings
1369 1276 2265 1327 mal, und als er ins Zimmer kommt, bringt
453 1284 1362 1338 beginnt im Tonfilm mit dem Kaiserlied: in
1368 1321 2271 1388 er den kalten Hauch des Todes mit; im Film
457 1329 1355 1376 der Oper lernt sie, bei einer Festvorstellung,
1365 1355 2269 1430 wurde er zu einer großen Rolle, er ist keine
454 1365 1359 1417 der der Franz Josef beiwohnt, den Mann
1373 1402 2269 1473 symbolische Figur mehr, sondern der sehr
452 1409 1352 1461 kennen, dem sie ihr Herz schenkt, an dem sie
1363 1453 2271 1491 reale rachsüchtige, betrogene Gatte aus dem
453 1458 1353 1501 zugrunde geht. Der Prunk eines Gala=Abends
1356 1473 2273 1555 alten Ehebruchsdrama. Daß die Möglichkeit
460 1498 2264 1588 in der Wiener Oper wird in diesem Film der Darstellung von Vorgangen im realen
456 1541 1367 1581 aber nicht entfaltet, weil Kaiser, Aristokraten
1368 1555 2264 1633 Raum nicht immer der Bühne gegenüber
449 1583 1365 1639 und Uniformträger aller Chargen im
450 1604 2277 1670 deutschen Tonfilm jetzt sehr beliebt sind, auch ein Vorteil ist, beweist die Schlußszene
1371 1656 2273 1719 des Films: im Stück läuft Christine fort,
455 1665 1361 1708 sondern weil diese Szene wie ein Grund¬
1374 1698 2274 1770 der Vater weiß, sie wird Selbstmord be¬
453 1709 1362 1763 akkord die Stimmung, die Atmosphäre, den
1365 1739 2281 1806 gehen, sie wird nicht wiederkommen; dieses
455 1752 1355 1802 Geist der Zeit und der Welt andeutet, in
1375 1784 2268 1831 ungewisse Verschwinden im unsichtbaren
450 1787 1355 1852 der Christine Weyring lebt, liebt und stirbt.
1379 1832 2261 1881 poetischen Raum ist unvergleichlich wirkungs¬
448 1833 1366 1899 Der Dichter kann auf der Bühne nur einen
1375 1866 2273 1949 voller als der Fenstersturz, der im Film
451 1880 1362 1938 kleinen Ausschnitt des Lebens geben, er ge¬
1372 1909 1671 1976 gezeigt wird.
450 1923 1359 1966 staltet eine Welt am dramatisch konzen¬
457 1954 849 2018 trierten Beispiel
876 1970 1365 2026 eines -Einzelschicksals:
1427 1939 2295 2030 Max Ophüls, der Regisseur, hat das
448 2011 1359 2056 Liebesjubel und Liebestragik Christine
1368 2000 2284 2057 Hauptgewicht auf die Wiedergabe der Atmo¬
451 2046 1362 2096 Weyrings sind zugleich Lebensjubel und
1369 2055 2272 2108 sphäre des Vorkriegs=Wien gelegt. Die
448 2089 1364 2137 Lebenstragik des „jungen Wien“ der Jahr¬
1369 2093 2285 2150 Straßenszenen, das Kaffeehausbild, die Auf¬
1374 2130 2279 2196 tritte in der Kaserne haben die richtige spezi¬
447 2132 1371 2187 hundertwer de. Der Film, seiner Struktur
451 2170 1364 2224 nach episch, ist nicht auf die psychologische
1373 2172 2271 2231 fische Stimmung, ohne aufdringlich „Milieu¬
457 2215 1366 2284 Perspektive des Theaters angewiesen, er
1375 2219 2284 2267 malerei“ zu betreiben; sie wurden von Franz
459 2254 1368 2312 kann ein Stück Wirklichkeit mit der ganzen
1381 2259 2282 2322 Planer mit künstlerischer Einfühlung sehr
466 2298 1375 2346 Weite des realen Raums wie ein Panorama
1377 2299 2284 2361 schön photographiert. Um den Stil des
460 2335 1360 2391 auf der Leinwand vorüberziehen lassen. Das
1371 2347 2280 2401 Theaters und die Enge des Ateliers zu
458 2390 1366 2433 alte Oesterreich, dessen Musik gedämpft durch
1377 2389 2286 2452 durchbrechen, läßt Ophüls das Liebespaar
459 2435 1375 2481 die Zeilen der Dichtung von Arthur
1381 2428 2283 2492 eine lange Schlittenfahrt unternehmen, zeigt
459 2475 1368 2520 Schnitzler klingt wird im Film sicht¬
1381 2477 2274 2518 er die Offiziere bei einem Geländeritt. Das
459 2512 1375 2558 bar. Die beiden jungen Leute, die Schnitzler
1372 2512 2286 2581 Duell wird akustisch angedeutet; man hört
466 2551 1377 2615 als typische Vertreter der Wiener Vorkriegs¬
1383 2557 2281 2618 nur einen Schuß, und da man weiß, daß
1379 2599 2268 2659 der Gegner des Helden den ersten Schuß
462 2602 1369 2654 bourgeoisie gezeichnet hat, sind im Film
1387 2640 2275 2717 hatte, wird ohne das Bild der Duellanten
457 2643 1377 2702 aktive Offiziere. Nicht allein, weil der Geist
1377 2683 2049 2743 klar, daß der Held gefallen ist.
459 2676 1375 2734 des alten Oesterreich sich am Geist des alt¬
479 2728 1374 2773 österreichischen Militarismus leicht darstellen
1436 2713 2273 2789 Die darstellerische Ueberraschung des
1376 2765 2270 2824 Films ist Magda Schneider. Sie spielt
468 2771 1370 2822 läßt, sondern weil das den Autoren Hans
1384 2816 2275 2883 die Christine ohne Starpose, ohne Pathos,
446 2814 1373 2870 Wilhelm und Kurt Alexander auch
1376 2853 2272 2910 ganz schlicht, ganz einfach; für den Verzweif¬
455 2857 1359 2916 die Möglichkeit gibt, aus dem „Freiwild“
1372 2883 2275 2953 lungsausbruch der letzten Szene findet sie
460 2894 1365 2949 von Schnitzler das Motiv des Kampfes
1383 2944 2265 2994 zwur nicht den richtigen Herzenston, aber sie
476 2921 1369 2993 gegen das Duell herüberzuholen; der
1369 2980 2273 3049 rührt hier durch die Echtheit und Natürlich¬
480 2983 1377 3038 Film braucht mehr „Stoff“ als das Bühnen¬
1375 3021 2271 3087 keit des mimischen Ausdrucks. An zweiter
477 3018 1363 3075 drama, er braucht mehr konkrete Handlung.
1381 3065 2277 3121 Stelle ist Gustaf Gründgens zu nennen,
473 3065 1366 3124 Theodor, der Räsoneur aus der „Liebelei“
1379 3111 2275 3184 der „fremde Herr“; eine Schauspielerleistung!
470 3104 1375 3169 erhebt nun lauten Protest gegen das Duell,
1384 3216 2293 3287 von größter Einprägsamkeit. Luise Ullrich
1380 3275 2287 3323 ist eine resolute, schlagfertige Mitzi, Wolf¬
1380 3325 2274 3370 gang Liebeneiner ein glaubhaft schwär¬
1390 3359 2284 3415 meriscler und glaubhaft ratloser Leutnant,
1393 3395 2287 3456 Willy Eichberger spielt den Vorkriegs¬
1386 3442 2288 3483 feschak recht nett, Paul Hörbiger die
1393 3478 2291 3551 stark zusammengestrichene Rolle des Vaters
1390 3522 2133 3583 mit feiner Charakterisierungskunst.
1444 3575 2288 3637 Den seelischen Tiefgang der Dichtung
1379 3597 2282 3678 Arthur Schnitzlers hat der Film nicht; er
1383 3672 2290 3724 will ihn auch nicht haben. Aber er läßt den
1384 3702 2287 3763 erloschenen, trügerischen Glanz einer Zeit
1376 3753 2279 3805 nochmals aufleuchten, die mit spielerischer
1378 3793 2272 3846 Melancholie und gezwungener Gutgelaunt¬
1378 3831 2271 3884 heit über ihren eigenen Kummer hinweg¬
1372 3873 2284 3931 kommen wollte, die den Verzweiflungsschrei
1382 3915 2278 3976 eines an der Welt zerschellenden Menschen
1373 3948 2273 4022 mit der Marschmusik der Militärkapellen
1371 3992 1624 4063 übertönte.
1763 4007 2255 4070 Fritz Rosenfeld.
