3436 4256
286 175 654 255 Liebele
266 212 795 305 ene enen —n .
836 172 1267 263 box 13/7
825 852 1944 913 angebetet! — Hat er denn das nicht gewußt: .
834 916 2056 987 Daß ich ihm alles gegeben hab’, was ich ihm hab'
1928 953 2050 1021 daß
830 964 1869 1024 geben können, daß ich für ihn gestorben wär.
839 1015 1983 1069 er mein Herrgott gewesen ist und meine Seligkeit
844 1067 2046 1124 hat er das gar nicht bemerkt? Er hatlvon mir fort¬
840 1101 2053 1172 gehen können, mit einem Lächeln, fortgehen aus dem
839 1165 2058 1217 Zimmer und sich für eine andere niederschießen lassen
948 1206 2059 1259 Vater, — Vater, — verstchst du das?“ — Das
833 1262 2050 1317 Spiel ist zu ungleich. Christine muß sterben ... denn
847 1305 2058 1363 solch ein Weib muß mit ihrer gemordeten Seele aus
840 1351 1536 1419 dem Leben gestrichen werden.
931 1401 2051 1457 Die Aufführung von „Liebelei“ stellt hohe Anfor¬
840 1452 2056 1515 derungen an die Kunst der Darsteller. Fritz und
846 1500 2050 1569 Christine können sich sehr leicht und zur Unzeit ins
844 1544 2053 1614 pathetische verlieren. Obzwar Herr Stillfried den
855 1605 2065 1668 Fritz mit vielen Schönheiten gab, ist ihm vorzuwerfen,
843 1657 2056 1715 daß er ihn für den ersten Akt mit zu viel lunigkeit
843 1699 2063 1758 ausstattete. Nach seinem Spiele mußte man annehmen,
852 1765 2064 1823 es sei ihm vollkommen ernst um Christine und diese
858 1797 2063 1859 „Liebelei“ sei seine echteste Liebe! So blieb Herrn Still¬
844 1848 2071 1906 fried im 2. Aufzuge keine Vertiefung mehr übrig, um
856 1902 2071 1955 beim Abschied von Christine durchschauen zu lassen,
851 1961 2061 2010 daß er erst jetzt den großen, herrlichen Schatz in Chri¬
857 2011 2063 2061 stine gefunden hatte ... und daß sein Herz jetzt zum
857 2045 2076 2097 erstenmale — jetzt, wo es zu spät ist — tiefe Liebe
857 2108 2074 2155 fühlt. Ich könnte mir auch denken, daß der Darsteller
856 2138 2070 2198 des Fritz beim Abschied fein. ahnen lassen könnte, daß
854 2190 2070 2244 dieser Abschied auch ein Abschied von Liebe, Glück
857 2236 2078 2312 und Leben ist. — Frl. Wernay hat das stille, tiefe
858 2286 2070 2343 und innige Mädchen, die Christine überraschend gut
866 2339 2082 2400 dargestellt; weniger gelang ihr die Darstellung des
868 2388 2066 2453 herzzerreißenden Schmerzes der aus allen Himmeln des
865 2439 2067 2496 Glückes Gerissenen in den letzten Szenen. Frl.
864 2495 2074 2554 Wernay war da das verlassene Mädchen mit der To¬
862 2532 2072 2590 deswunde .. statt der tragischen Heldin, die voll
861 2585 2077 2638 des übermenschlichen Schmerzes das Weh' des im Hei¬
862 2635 2084 2697 ligsten getroffenen Weibtumes versinnbildlicht. Sonst
860 2679 2075 2738 aber war die Leistung des Frl. Wernay eine zu Herzen
873 2726 2075 2798 gehende. Die Schlager-Mizzi des Frl. Wild zeich¬
874 2777 2073 2847 nete sich durch leichten Humor aus, ließ aber zu sehr
867 2825 2077 2881 das halb angestochene des „Wiener Früchtel“ vermissen.
869 2878 2087 2940 In aller Frische aber gelang es ihr, den Gegensatz zu
876 2919 2083 2992 Christine darzustellen, als das Mädel, das die wahre Liebe
874 2994 2089 3035 nie gekannt hat, sie nie kennen wird und nichts an¬
869 3031 2034 3092 deres verlangt, ja nichts anderes versteht und will
869 3079 2088 3141 als „Liebelei“! — Eine Prachtfigur war der alte Wei¬
878 3126 2079 3184 ring des Herrn Czimeg. Ein Abkömmling jenes Mu¬
877 3166 2086 3236 sikus Miller aus „Kabale und Liebe“. Nur echter, klein¬
871 3216 2089 3270 bürgerlicher in seiner Abgeschlossenheit und so er¬
884 3284 2105 3354 haben über seine enge Welt . .. so menschlich-frei
