3436 4256
144 169 263 245 5
320 172 608 244 Liebel
846 175 1279 260 box 13/2
1483 314 2309 415 „OBSERVER
1591 406 2273 467 I. österr. behördl. konzessioniertes
1557 460 2288 508 Unternehmen für Zeitungs-Ausschnitte
1614 507 2228 578 WIEN, I., WOLLZEILE 11
1689 575 2153 628 TELEPHON R-23-0-43
1486 694 1850 772 Ausschnitt aus:
1745 825 2248 913 Glornale # italla Roms
1499 922 1636 994 vom:
1759 936 2215 1063 -5 NOV. 1932
2174 1083 2638 1198 AC
1562 1148 1682 1231 1
2648 1162 2785 1221 4
1732 1083 2165 1242 R
2157 1212 2874 1279 mente femminile, clie costituisce i
1451 1231 2151 1326 +Cristina,,
2160 1272 2881 1319 personalità dell’attrice. Dal raccogli¬
2166 1303 2879 1351 mento, dall’attenziont neil ascoltärsi#e
2156 1344 2880 1389 dall’allenamento,verr anna a Kiki
1452 1322 2118 1428 di A. Schnitzler al“ Valle
2146 1377 2873 1439 Palmer, cheié per se stessa, conie don¬
1471 1420 2150 1466 Tutti conoscono Arturo Schnitzler
2161 1418 2871 1475 na, und spirte attentore originale, ie
1442 1435 2139 1499 autcre di Girotondo che appartiene
2168 1456 2876 1520 note che afflechirannoe Comilete¬
1446 1482 2149 1534 alla maturita dell autore, scritto quan¬
2171 1492 2514 1548 ranno la sua ärte.
2621 1500 2678 1542 1. 00
1449 1526 2148 1577 do gia il commediografo viennese era
2191 1528 2871 1584 Ieri sera ella fu molto applaudita
1441 1562 2143 1610 arrivato allo scherno e alla satira del¬
2165 1575 2877 1617 specialmente dopo il rapido finale del
1441 1607 2143 1662 Tamore. Per ora in Liebelet, cher4 Il
2171 1615 2714 1655 secondo atto e dopo il terzo.
1445 1641 2156 1689 titolo originale di & Cristina ), serit¬
2199 1644 2873 1692 Camillo Pilotto fu, come sempre, ec¬
1448 1675 2150 1727 ta nei 1895. l'amcre é la cosa piu im¬
2168 1681 2877 1728 cellente e seppe attenuare, dove con¬
1446 1713 2138 1757 portante che ci sia al mondo, per
2172 1721 2869 1762 veniva, la pesante umanità della sia
1454 1758 2140 1802 quanto l’autore e i suol personaggi ne
2167 1761 2867 1807 parte. Degli altri interpreti mi piac¬
1443 1784 2139 1828 riconoscano la consistenza effimera.
2173 1795 2871 1840 que la Ressana Masi che recito con la
1449 1825 2141 1870 L'amore in Liebelei“e incomprensione.
2175 1838 2879 1890 consueta grazia e con una gloconcata
1453 1861 2143 1919 C’é chi dà tutto e chi da poco o nien¬
2172 1862 2796 1921 spontanea e seducente. Al Cervi#
1447 1901 2146 1945 te, come se facesse un gioco. Pur am¬
2167 1908 2877 1956 interpretó bene il personaggio di Fritz,
1440 1946 2146 1991 mettendo che Tamore non dura e pur
2169 1944 2869 1998 rimprovero una certa secchezza nel¬
1454 1980 2139 2016 essendo preparati a vederlo presto di¬
2172 1978 2873 2035 l’espressione e allo Scelzo, che pure
1440 2018 2142 2061 leguare, quel breve tempo che chiude
2169 2013 2874 2067 ha ottima padronanza scenica, T’esa¬
1443 2053 2140 2093 la sua storia érincomprensione. Cristi¬
2160 2062 2869 2121 gerata enfasi, nen del tutto giustifl¬
1445 2094 2141 2136 na da tutta se stessa perché la sua
2168 2106 2781 2146 cablle, prodigata nel primo atto.
1437 2125 2157 2174 dedizlone é l'unica stcria della sua vi¬
2190 2137 2882 2186 Pietro Scharoff ha messo in scena 11
1446 2163 2146 2208 ta. Fritz vi mette quel tanto di spen¬
2159 2174 2878 2224 lavoro con accuratezza e meticolosità.
1445 2204 2149 2249 sieratezza e di leggerezza che pud ca¬
2169 2210 2878 2257 Ma questa volta non ho ricchosciuto
1445 2247 2141 2290 ratterizzare un episodio. Ecco T’incom¬
2160 2243 2878 2299 T’espressione tipica del suo stile. Mi
1446 2282 2137 2321 prensione eccc 1l dramma & Che cosa
2172 2281 2869 2322 é parso leggermente generico. Nel met¬
1440 2320 2136 2363 dunque sono stata io per lui?'9 — 8i
2163 2325 2872 2374 tere in scena una commedia bisogna
1438 2351 2143 2407 chiede con terribile angoscia Cristina
2159 2361 2866 2398 buttarcisi dentro per farsi riconoscere.
1440 2396 2151 2435 alla fine del dramma. Né Fritz aveva
2175 2393 2878 2457 L'allestimento scenico era degno del
1442 2429 2143 2474 capito la grande passione che in quel¬
2159 2433 2887 2485 gusto e della originalità di Marta Pal¬
1441 2471 2134 2514 la donna aveva suscitato, né Cristina
2165 2474 2876 2525 mer Il pubblico ha applaudito tre vol¬
1445 2509 2136 2550 s’era reso conto della poca importanza
2172 2509 2880 2548 te al primo atto, quattro o cinque al¬
1441 2535 2151 2609 che Fritz aveva dato alla sua rela¬
2170 2544 2890 2612 secondo eitre all#terzo. Questa sexa, la#
1445 2581 1564 2627 zione.
2163 2577 2572 2650 commedia si replica.
1459 2607 2149 2664 Liebelei, ovverosia Cristind, non era
2667 2603 2842 2689 L. A.
1443 2650 2154 2701 nuova essendo gia stata datg trenta¬
1447 2692 2145 2736 cinque anni fa dalla Compagnia Ma¬
1444 2732 2153 2776 riani-Calabresi sotto il titolo di & Amo¬
1441 2774 2151 2815 regglamenti, due anni dopo la sia
1451 2804 2151 2864 vittoriosa apparizione al 6 Burg¬
1446 2838 1648 2890 theater p.
1471 2883 2143 2929 Cristina é la tipica ragazza senti¬
1437 2917 2149 2972 mentale viennese. Per distogliere Fritz
1447 2960 2149 3000 dal suo pericoloso amore con una don¬
1444 2994 2147 3044 na maritata, alcuni amici gli fanno
1435 3032 2157 3091 conoscere una sartina figliola d'un
1444 3068 2150 3121 violinista. Questa & Cristina. La ra¬
1438 3105 2144 3147 gazza si da corpo e anlma al giova¬
1432 3143 2156 3207 notto che é improvvisamente ucciso in
1444 3189 2152 3233 duello dal marito della signora. Allora
1438 3222 2150 3269 Cristina si accorge di essere stata nel¬
1437 3253 2146 3306 la vita del suo adorato una piccola so¬
1435 3306 2152 3345 sta, un capriccio passeggero. C’era sta¬
1430 3330 2149 3388 to nella vita di Fritz un piccolo posto
1432 3366 2161 3420 per lei che, invece, aveva dato tutto
1437 3412 2167 3459 E ora che farà? Potrà andare a pre¬
1428 3447 2153 3510 gare sulla tomba presso cui é gia pro¬
1436 3482 2144 3527 strata un'altra donna, la donna fata¬
1429 3520 2156 3572 le che fu veramente il grande amore
1442 3558 2148 3611 di Fritz? &Che cosa sono stata io per
1436 3591 2140 3646 lui? Un gioco, nient’altro che un gio¬
1426 3624 2155 3699 coln. Cristina non vede altra soluzio¬
1443 3669 1770 3721 ne che la morte.
1726 3714 1868 3771 ** *
1447 3746 2155 3836 La commedia é dura, é vecchia, e
1435 3806 2153 3872 possiede — frammisto a un realismo
1431 3847 2138 3879 scientifico (l’autore é anche medico)
1435 3878 2137 3917 e a quel senso di fatalità che deriva
1431 3909 2150 3958 dall’imminenza della morte, che#### ti¬
1432 3951 2138 4006 pica nello Schnitzler, quel languore
1437 3993 2143 4042 viennese che 1 valzer delle operette
1432 4025 2133 4086 hanno con fragile rapimento traspor¬
1438 4067 1952 4121 tato dalle rive del Danubio.
1460 4112 2129 4144 Ma leri sera, piu che per la com¬
