3436 4256
310 118 712 191 Liebelei
866 118 1298 212 box 13/4
297 157 735 235 deneeeen e  en den dun an
410 313 927 434 - 9. NOV. 1954
443 491 1021 610 Die Neue Zeitung
715 588 1064 691 Sannstadt
213 657 503 751 Kino Roxy
300 712 1425 794 Ab heute rollt die entzückende Premier= „Liebelel“
218 766 1433 861 die nach dem gleichnamigen, berühmten Roman Arthur
212 824 1431 879 Schnitzler's verfilmt wurde. Die Hauptrolle spielt die
213 879 1439 944 reizends Magda Schneider, ihr Partner ist Wolfgang
213 927 1445 988 Liebeneiner, der unserem Kinopublikum aus dem
209 967 1437 1028 Film „Die schönen Tage von Aranjuez“ noch in bester
223 1023 1439 1079 Erinnerung ist. Eine ebenfalls große Rolle hat die ent¬
222 1072 1439 1136 zückende Blondine Luise Ullrich inne, deren Partner
228 1114 1442 1191 Willy Eichberger ist. Außer den Genannten wirken
216 1166 1444 1228 von den prominenten Schauspielern auch Paul Hörbiger
228 1215 1442 1277 Olge Tschechova und Gustav Gründgens mit. Die un¬
221 1266 1442 1335 gemekn interessante Handlung, die wunderschönen Auf¬
221 1313 1449 1377 nahmen vom Semmering und die unvergleichlichen Melo¬
226 1366 1447 1420 dien von Johann Strauß machen diesen Film zu einem
226 1427 1461 1499 Erlebnis für die Zuschauer, das sich niemand entgehen,
226 1466 477 1533 assen soll.
1327 1741 2196 1839 „OBSERVER
1430 1812 2127 1881 I. österr. behördl. konzessioniertes
1391 1862 2172 1940 Unternehmen für Zeitungs-Ausschnitte
1472 1922 2096 2004 WIEN, I., WOLLZELLE 11
1526 1988 2012 2045 TELEPHON R-23-0-43
328 2021 1046 2121 Extrait deAvant-Garde, Louvai
1333 2104 1609 2194 Ausschnitt
333 2119 546 2193 Adresse:
1603 2130 2189 2250 fülkischt Test honstandincpal
313 2195 502 2290 Date:
503 2207 822 2314 6 NOV. 1934
314 2258 516 2361 Signé:
1338 2331 1496 2407 vom:
1640 2334 2125 2442 — I.DEZ. 1334
400 2329 1145 2515 eLouvain
312 2353 409 2534 9
846 2498 1135 2598 CASINO
568 2541 869 2620 LIEBELEI
1749 2547 2707 2648 „Liebelei“ im Kino Saray
525 2589 893 2674 por Max Ophuls
340 2634 1130 2728 Unon spectacle aussi, un peu fade,
298 2682 1130 2772 nonEmpt de mievrerie, et qui vautf
1367 2719 3168 2775 Das Theaterstück von Arthur Schnitzler, „Lie-, könnte. Das rein Menschliche der Handlung ist im
277 2728 1118 2814 surtouf paß sa photographie légère, inti¬
1335 2753 3150 2806 [belei“, ist vom Spielplan der Phenter-verschol-Film geschickt herausgehoben, beherrscht das
1339 2778 3156 2848 llen. Kein Wunder, denn die Zeit, der es angehörte, Blickfeld, und, daß dem vorgezeichneten Wege
305 2790 1114 2861 miste. C’etAhistoire d’un ameur mal¬
1330 2837 3158 2887 list uns Heutigen in vielen Belangen wesensiremd, Ifolgend der Schluß uns heute durchaus nicht be¬
300 2843 1120 2915 heureux auquel le jen de Magda Schnei¬
1331 2876 3155 2932 erscheint unnatürlich. Man darf die Handlung als friedigen kann, das eben ist der Pferdefuß des
308 2892 1115 2958 der apporte une vie sensible et humai¬
2258 2903 3154 2975 Schnitzerschen Dramas, das als Vorlage diente.
1327 2917 2252 2973 [bekannt voraussetzen: Leutnant Fritz, der wegen
296 2910 1132 3024 ne. De ei, de lä quelques traits tres
2253 2953 3151 2994 Dies ist nicht so aufzufassen, als ob wir heute
1334 2953 2247 3017 einer Frau von ihrem Gatten zur Verantwortung
308 2979 740 3054 einématographiques.
2254 2990 3151 3034 nach amerikanischem Muster immer ein „Happy
1332 2984 2247 3036 gezogen wird, und in jenem Augenblick den Schüs¬
2255 3027 3140 3076 end“ erwarten, durchaus nicht! Nur die Begrün¬
1346 3034 2251 3082 sen im Duell erliegt, da er neben Christine, der
329 3043 1127 3105 Nous n'avons pu savoir en temps op¬
2232 3069 3162 3135 Idung ist derart, daß sie heute nicht mehr glaubhaft,
1356 3069 2241 3132 Tochter des Musikers Weiring einem „ewigen“
298 3066 1125 3137 portun si le Casino présentait la version
2239 3105 3151 3180 nicht mehr der Zeit, in der wir leben, völlig ent¬
1343 3111 1756 3174 Glücke entgegengeht.
303 3129 1116 3202 originale allemande ou celle qui fut réa¬
2256 3145 2543 3211 sprechend ist.
1364 3131 2249 3217 Der Film hat es nun glücklicherweise vermieden,
299 3173 1128 3244 lisée avec quelques acteurs français
2278 3198 3150 3248 Ueber dieses Hindernis hinweg hilft eins: die
1343 3199 2258 3258 jene Momente in den Vordergrund zu stellen, die
301 3217 1124 3285 (Rigaud, Simone Héliard, etc...). No.
2253 3234 3168 3296 Kunst des Schauspielers. In dieser Hinsicht ist desl
1345 3236 2255 3290 im Stücke Schnitzlers das Tragende sind: Die Ge¬
2259 3270 3162 3326 Werk als gelungen zu bezeichnen. Mit größter
298 3281 1127 3357 tons pour éviter toute désillusion que
1352 3283 2246 3330 dankenwelt der Zeit vor dem Kriege, die heute
2259 3313 3159 3378 Achtsamkeit wird alles Süßliche, daß der Vorlage
1342 3323 2245 3375 überlebt ist. Uebrig von dem allen bleibt lediglich
306 3317 1115 3395 l’interprétation allemande s’avérait de
2256 3351 3162 3405 anhaftet, vermieden, das Süßliche, das wiederum
1346 3359 2258 3400 das rein Menschliche, das, was durch Mode, durch
292 3352 1135 3427 loin plus homogène, tandis que les
2259 3388 3164 3446 ein Kind jener Zeit war. Sowohl der Daitteller
1347 3395 2263 3452 natürliche Sinnesänderung, durch allgemeinen Fort¬
299 3410 1130 3491 Français, excellents chachn, man¬
2256 3438 3159 3494 des Fritz (Liebener), wie auch die drei Frauenrol¬
1341 3438 2262 3490 schritt, durch geschichtlich bedingten Wechsel nicht
285 3458 925 3543 quaient aus total de cohésion.
1336 3476 3156 3544 berührt wirdt das immer große Problem der Liebe. jlen (Christine — Magda Schneider, Mizzi — Ull¬
2256 3520 3163 3568 rich, Baronin — Tschechowa) sind sorgsam abge¬
1342 3521 2261 3576 Gewiß sind die äußeren Umstände des Werkes
819 3513 1119 3600 FORUM
1339 3559 3152 3619 auch heute noch interessant, aber nur vom rein kul-wogen, und die Spielleitung hat sich alle Mühe ge¬
428 3564 954 3651 LA PETITE DORITT
1339 3589 3168 3645 Iturhistorischen Gesichtspunkt aus gesehen. Tief geben, uns über Klippen hinwegzuhelfen, die heute
1339 3631 3166 3697 eindringen in die Mentalität und in die Psyche kann den Schiffbruch solch eines Stückes bilden müßten.
1355 3689 3156 3728 heute niemand mehr, der jene Zeit nicht an Ort! Der Film ist sehenswert. Nicht allein, um den
1349 3717 3155 3786 und Stelle und schon als gereifter Mensch erlebt Gegensatz von Heute zum Damals richtig zu ver¬
1345 3751 3155 3819 jund gesehen hat. So ist all das, was Schnitzlers stehen, sondern auch der Darstellung und der rei¬
1362 3790 3165 3860 Werk ausmachte, heute nur mehr ein Rahmen, der jzenden Naturaufnahmen sowie der „Milieu“-Schil¬
1341 3831 3032 3912 ebensogut durch einen anderen ergänzt werden derung wegen, die durchaus geglückt sind.
