3484 4352
471 275 826 362 iebelei
265 283 936 396 5. K nnnnn
965 275 1410 366 box 12/5
1264 1543 1420 1608 —
800 1582 1623 1710 Aritt aust 20460 U. 3/117
1004 1697 1672 1843 S Madhuch
849 1889 1773 1986 Liebelei. Volksstück in 4 Abteilungen von
828 1952 1701 2042 VArthur Schnitzler. (Nordische Filmfabrik.)
887 1998 1774 2081 Ober den Atlantisfift Näben wir ausführliel
857 2054 1774 2138 berichtet; nun präsentiert licn auch Schnitzlers
858 2097 1220 2163 Liebelei im Film.
887 2144 1768 2233 In einer elenden Schmiere wohnte ich vor
852 2215 1769 2274 Jahren einer Aufführung von „Liebelei“ bei; die
851 2254 1768 2316 Dekorationen waren primitiv, die Darfteller
848 2306 1765 2372 den Umständen entlprechend: und doch atmete
839 2341 1768 2421 durch die Aufführung ein Hauch „Schnitzler“;
848 2395 1752 2485 lie hinterlief einen nachhaltigen Eindruck,
843 2447 1762 2521 Wenn ich daran denke, daß jetzt allerorten der
835 2485 1763 2578 Film: „Liebelei“ in den prunkvollen Kinopaläften
837 2551 1761 2626 vorgeführt wird, daß ein ausgewähltes Publikum
836 2599 1761 2667 erwartungsvoll „Schnitzler“ begrüßt, dann musz
837 2640 1603 2725 ich mich schämen — für Schnitzler!
873 2691 1751 2771 Wohl behandelt das Volksftück in 4 Abtei¬
840 2740 1750 2811 lungen eine „Liebelei“, aber die Handlung hat
834 2791 1753 2874 mit dem Bühnenwerk in bezug auf realen Wert
828 2835 1136 2902 nichts gemein.
858 2886 1742 2967 Es ilt ein „Schmacht“'stück erften Ranges. Ge¬
821 2937 1755 3018 wiß wird uns die Liebelei Fritz Lobheimers mit
819 2986 1744 3075 Chriftine Weiring und Adele Scholl vor Augen
818 3037 1751 3103 geführt; wir fehen sogar Picknicks und wohnen
824 3090 1751 3184 einem Rendezvous der Liebenden bei: aber alles
815 3135 1597 3212 echt fentimentale, hausbackene Szenen.
845 3183 1752 3267 Der ernfte Fabrikant Scholl beobachtet das
818 3237 1741 3311 Rendezvous feiner Frau mit Fritz Lobheimer:
812 3282 1753 3360 „argwöhnisch beobachtete er feine Frau und
1419 3365 1769 3454 1913/14 Bild und
1818 607 2745 691 den jungen Kavalier, und als dieser nach einem
1817 644 2752 740 Kleinen Souper lich verabschiedete, wußte er,
1819 705 2751 781 dasz er einen Nebenbuhler hatte. So vermeldet
1821 744 2759 842 es die Nordische Filmfabrik. Und einen breiten
1827 810 2747 885 Raum nimmt selbltverltändlich das Duell ein;
1815 849 2750 926 Autos fahren nach dem Wald; die Kontrahenten
1811 887 2743 985 steigen aus; Schüffe krachen bzw. blitzen; tot
1823 956 2629 1026 fällt Lobheimer ins Gras. „Einer t#.“
1845 994 2743 1074 Das Volksltück „Liebelei hat einen traurigen
1811 1040 2740 1124 Schluß. Chriftine, die Tocnter des Violinilten
1818 1098 2732 1171 Weiring erfährt den Tod des Geliebten; lie läuft
1814 1155 2736 1215 durch die Straßen und kommt in das Haus des
1816 1187 2731 1276 Toten; dann fällt lie entfeelt auf die um den
1810 1245 2741 1326 Sarg gestreuten Blumen. — schön — rührfelig
1812 1305 2734 1372 — undtief empfunden. Und „tief empfunden“ sind
1803 1349 2725 1424 auch wiederum die Worte der Nordischen Gesell¬
1808 1397 2736 1470 schaft: „Dann Stiehlt sie lich in das Haus. Ihr Herz
1804 1440 2724 1515 schlägt nicht mehr. Und dann Iteht lie vor
1810 1490 2736 1561 einem Totenbett: Zitternd hebt lie ein Tuch von¬
1796 1540 2724 1618 einem Itarren Gelicht. Er ist es — tot! Alle
1809 1582 2729 1675 Qual, all ihr Leid drängt o voll Wucht in ihre
1797 1643 2726 1701 Bruft, daß ihr Herz bricht. So finkt lie, den Blick
1800 1688 2556 1759 auf der toten Gestait, Iterbend nieder.“
2555 1710 2657 1761 ** *
1829 1727 2712 1806 Hiermit ist ja eigentlich zur Genüge die Ten¬
1798 1792 2721 1865 denz und der Wert des Stückes beliegelt. Mir¬
1798 1833 2702 1925 grufelt’s, wenn ich daran denke, daß die Nor¬
1792 1886 2708 1969 dische den Anatole-Zyklus verfilmen würde.
1798 1920 2707 2001 Welch schöne Einblicke bekäme man wohll
1797 1985 2699 2063 von einem Weihnachtsmarkte. „Weihnachtsein¬
1797 2024 2703 2112 käufe“ laffen lich im Film ja lo schön wiedergeben,
1790 2086 2689 2161 auch ein „Abschiedslouper“ läßt lich fein arran.
1786 2129 2712 2206 gieren. Man fagt, Schnitzler hätte den Film
1788 2181 2702 2260 eigens „kinodramatiliert“ Fühlte er nicht, daß
1791 2230 2694 2300 er feine Perfönlichkeit, fein Anfehen als Literat
1783 2276 2701 2348 wegwarf? Kurz: Das Volksftück in 4 Abteilungen
1788 2334 2689 2385 „Liebelei“ ift ein Schmachtstück, ein fentimen¬
1773 2374 2691 2443 tales lang ausgelpreiztes Machwerk ohne tiefern
1774 2415 2697 2496 Gehalt, allerdings nicht unlittlich oder volks¬
1781 2479 2698 2553 verderbend. Photographie wie Technik sind
1778 2523 2692 2582 gut. Die Darftellung mit Plylander in der
1771 2573 2592 2647 Hauptrolle nordisch kühl und abgewogen.
1804 2617 2691 2702 Wer in dem Film „Liebelei“ literarische und
1764 2672 2695 2755 künftlerische Werte erwartet, wird enttäuscht
1769 2716 2689 2790 fein; das Tentimentale Frauenpublikum allerdings
1764 2767 2689 2845 wird lich vielleicht den Film gefallen laffen und
1763 2812 2692 2902 vor Rührung lich eine Träne aus dem Auge
1770 2857 1941 2914 wischen.
1802 2917 2475 2990 Arme Dichtung — armer Dichter!
2364 2948 2681 3059 L. H., Berlin.“
1980 3209 2991 3321 Ausschnitt aufliener Mittags-Zeitorg
1970 3318 2127 3375 vom:
2109 3424 2950 3588 Theater und Kunst.
2144 3554 2980 3668 Die „Liebelei“ im Film.
2053 3626 3073 3707 Kopenhagen, 30. Juli. (Privattelegramm.]
1927 3674 3075 3756 Die „Noroisk Compani“ in Kopenhagen hat nach einer
1940 3743 3089 3816 auf rein mimische Wirkung gestellten textlichen Bearbeitung;
1938 3764 3056 3840 durch Artur Schnitzler dessen Drama „Liebelei“
1935 3824 3071 3870 erworben. Die Pollem Gang. Für die Rolle
1933 3865 3074 3924 der Christine wurde Frau Ida Orloff vom Wiener Burg¬
1940 3903 3070 3951 theater, als Lobmeiet der berühmte Filmdarsteller Waldemar
1932 3945 3074 4013 Psylander gewonnen. Schon aus dem Engagement dieser
1931 3998 3083 4033 beiden hervorragenden Kräfte erhellt, wie sorgfältig sich die Ge¬
1937 4029 3099 4126 sellschaft, die auch Hauptmanns „Atlantis“ für deg
1937 4071 2803 4150 Film stellt, ihrer küntlerischen Aufgabe widmet.
