3392 4320
444 257 821 336 iebelei
253 255 824 371 3.
874 259 1398 352 box 11/4
1739 159 2052 216 in Berlin. De
1737 175 2820 248 hagen, London, Madiid. Mailand Meg
1794 233 2787 285 Paris, Rom, San Francisco, 8# kholm, St. Petersburg.
2084 268 2510 330 (Quelienangabe ohne Gewähs).
1737 335 2118 400 Ausschnitt aus:
2489 350 2705 424 Referni,
2471 408 2667 499 nger
1741 420 2265 530 vom 20.GK DeS-
1697 599 2742 711 Stseater, Kunst u. Literatur.
1767 678 2728 774 Städt. Franz Josef=Theater. Arthur
1837 745 2743 819 er, der das gestern aufgeführte Schauspiel
1681 764 2741 869 r vielen Jahren schrieb, stammt eigentlich
1686 864 2728 914 aus einer ungarischen, nur später nach Wien ver
1678 896 2791 966 schlagenen Familie. Er ist ganz Oesterreicher,
1677 939 2766 1011 geworden. War früher Arzt und ist heute eine
1693 1001 2777 1071 anerkannte führende Persönlichkeit der sogenannten
1688 1047 2758 1121 „jungwiener“ literatischen Strömung. Er schrieb;
1696 1067 2737 1158 einige Theaterstücke, wie „Freiwild“, „Märchen“,
1689 1143 2755 1215 „Vermächtniß" und „Liebelei“, das wir gestern
1691 1199 2737 1258 sahen. Wirklich werthvolle Erzeugnisse sind seine
1692 1250 2739 1307 Novellen: „Dämmerseelen“, „Leutnant Gustel“,
1697 1285 2801 1340 „Sterben“ und „Frau Bertha Garlan“ Letzthin
1687 1331 2729 1403 schrieb er einen großangelegten Roma# der den
1691 1364 2741 1458 pompösen Titel führt: „Der Weg ins Freie“ der
1684 1424 2737 1500 aber bei weitem nicht das hielt, was er versprach.
1685 1486 2730 1557 Sein verbotenes Buch „Reigen“, sei der Voll¬
1687 1536 2740 1607 gändigkeit halber noch erwähnt. Schnitzler liebt
1691 1579 2737 1631 keine, komplizirte, rein psychologische Probleme.
1697 1621 2727 1692 Die Realistik seiner Beobachtungsweise, Geschmei¬
1710 1659 2733 1746 digkeit und Grazie, sind seine Vorzüge. Echt wie
1679 1718 2723 1787 nerische Sentimentalität und eine übertriebene Bie¬
1686 1776 2731 1851 tanung des Erotischen sind seine Fehler. Er wird nie
1702 1823 2723 1885 Großzügiges schaffen, also kein mächtiges Drama,
1690 1883 2738 1957 keinen epochemachenden Roman. Das vorerwähnte
1684 1921 2729 1977 „Der Weg ins Freie“ sollte ein bedeutenderes
1693 1972 2737 2037 Werk werden. Es ist zerfahren, langweilig und
1693 2016 2737 2089 einseitig geworden. Schnitzler wird aber immer ein
1694 2061 2753 2130 liebenswürdiger Meister der Kleinkunst bleiben und
1680 2112 2771 2167 Novellen und Erzählungen dichten, die unvergänglichen
1681 2160 2741 2233 Werth besitzen. Auch sein Schauspiel „Liebelei“ darf
1681 2208 2733 2291 nur als eine stimmungsnolle, etwas rührselige Erzäh¬
1695 2264 2795 2328 lung aufgefaßt werden. Es behandelt die hingebungs=
1686 2315 2802 2366 volle, aufopfernde Liebe eines jungen Mädchens zu
1690 2361 2783 2418 einem Jüngling, der mit aller Leidenschaft einer ver¬
1691 2403 2740 2473 beiratheten Frau zugethan ist. Sein Verhältniß zu
1688 2462 2736 2530 dem Mädchen ist nichts anderes als Tändelei oder
1685 2512 2783 2594 wie sich Schnitzler ausdrückt: „Liebelei.“ Daß der d#
1678 2561 2731 2628 Ehegatte den vielseitigen Jüngling im Duell nieder¬
1688 2604 2760 2673 kuallt und das Mädchen in seiner maßlosen Ver=g
1675 2662 2756 2728 zweiflung das Elternhaus verläßt, um gleichfalls
1689 2701 2766 2772 den Tod zu suchen, ist nur ein dramatisch gefärbter ig
1686 2742 2737 2811 Ausgang der Erzählung. Die Aufnahme des
1685 2796 2724 2872 Stückes war bei uns eine ziemlich kühle. Der Mangel
1689 2833 2729 2924 jeder Handlung und die dem ungarischen Tempera¬
1689 2906 2731 2972 ment zu wässerige Sentimentalität, nicht zuletzt
1683 2948 2727 3012 auch eine glatte, schale Uebersetzung ließen im
1690 2999 2743 3055 Publikum keine Stimmung aufkommen. Das Stück).
1679 3051 2731 3112 muß gelesen oder aber meisterhaft gespielt werden.
1682 3101 2748 3168 Das geschah leider nicht. Fräulein Haraßthi
1687 3145 2724 3199 gab die Christine. Bei Schnitzler ein kleines, poe¬
1677 3185 2777 3249 tisches Ding von echt deutscher Empfindsamkeit und ##
1679 3251 2736 3315 gretchenhaftem Idealismus, war sie gestern ein
1687 3284 2745 3372 weinerliches, reizloses Mädchen, das nicht zu fesseln
1682 3346 2770 3400 vermag. Im letzten Akte, wo sie den Tod ihres
1683 3386 2768 3437 Liebsten erfährt, war sie zu larmoyant und obwohl
1679 3432 2733 3523 sie einige gute Momente hatle, konnte sie doch
1673 3491 2783 3573 keine richtige, nachhaltige Wirkung erzielen. Gänzlich
1681 3538 2719 3614 unbefriedigend war Fräulein Kiss, die eine lustige,
1679 3582 2770 3670 Klotte Grisettennatur darzustellen hatte, dagegeng
1670 3640 2730 3693 aber eine überlaute, unfeine Kokotte zehnten Ranges
1679 3679 2747 3751 gab. Rührend war der alte Weiring des Herrn
1674 3738 2704 3786 Szeghö, liebenswürdig und übermüthig de¬
1666 3782 2717 3853 Theodor des Herrn Czobor, elegant und
1676 3820 2716 3877 schneidig der Ehemann des Herrn Klenovics.
1684 3879 2725 3954 Auch Herr Pärtos, obwohl matt und farblos,
1670 3933 2713 3987 verdarb nichts. Von einem guten Zusammenspiell
1674 3976 2715 4052 konnte aber gar keine Rede sein. Schnitzler ist eine
1671 4025 2721 4114 Welt, die uns fremd ist. Für unsere Schauspiele)
1664 4075 2534 4124 scheint sie aber noch viel fremder zu sein
