3344 4256
429 185 697 254 Lrebe
264 168 1386 283 5. ei box 11/2
1592 362 2111 438 KATHERINE GREY.
1462 427 2228 466 She has the leading röle in The Reckon¬
1485 461 2195 515 ing“ at the Berkeley Lyceum Theatre.
1466 541 2198 588 into three parts, and acted instead of
1474 576 2229 629 being read, and you have a fair idea of
1470 619 2227 657 what The Reckoning“ is like. In the
1470 652 2223 691 first of the three parts (the programme
1471 681 2219 722 called them “acts“) two young men are
1472 713 2219 749 giving a little supper to two young women
1479 743 2240 793 in a bachelor apartment. The two young
1471 775 2228 815 men are apparently gentlemen of some
1470 792 2231 847 means and social standing. The two
1466 830 2231 875 young women are pretty and poor. There
1466 868 2221 903 is a deal of love-making of the fly-by¬
1469 902 2222 945 night sort between the two couples, and
1470 932 2226 959 after considerable palaver it is indis¬
1460 965 2209 1000 tinctly demonstrated that the“affection“
1460 993 2221 1036 of the two young men for the two young
1467 1029 2225 1069 women is—well, of the sort which isn't
1469 1060 2226 1101 intended to last. About the same time
1520 1091 2227 1146 is apparent that one of the young
1486 1122 2213 1160 women—Christine whose father plays a
1547 1154 2239 1204 in in a theatre orchestra—is head
1680 1177 2239 1238 in love with one of the young
1730 1217 1831 1255 mer.
1770 1244 2218 1303 little supper is in prog¬
1744 1281 1989 1326 II rings, the t#
1771 1316 1943 1366 0 an adjol
2172 1681 2215 1718 6
2165 1733 2204 1781 It
1888 2953 2077 3011 killed in
1844 3006 2214 3065 thought-the thought
2090 3051 2225 3090 6 Was
1843 3049 2042 3094 shiped him
2065 3078 2211 3124 s a ter¬
1745 3084 2038 3128 man she loved—
2131 3115 2218 3159 shes
1764 3112 2040 3161 Christine, and s
1536 3145 2230 3201 tof her father’s house to seck Fritz’s
1529 3186 1601 3221 ave.
1559 3197 2233 3260 topf“ says Theodorn, Don't go! You
1534 3247 2047 3285 1 find another praying there!'
1554 3270 2227 3334 shall go.“ sobs Christine, but not
1532 3313 1650 3352 pray.“
1534 3337 1687 3383 Jurtain.
1510 3354 2219 3416 The Reckoning“ is a strikingly inter¬
1468 3408 2226 3444 esting and a peculiarly realistic story. As
1473 3443 2226 3486 a play it lacks the qualities which have
1473 3457 2231 3526 ever made the backbone of successkul
1470 3501 2221 3546 drama. Aside from the interest in the
1481 3530 2227 3582 tale the only absorbing thing aboutythe
1482 3566 2227 3620 performance is the cleverness of the
1481 3599 1640 3654 players.
1504 3621 2225 3670 Mies Katherine Grey has never done
1537 3660 2226 3709 ything as well as she plays the part of
1562 3699 2226 3739 stine. There is a strangely appeal¬
1574 3729 2226 3771 note in her volce which sings true
1562 3760 2228 3799 he time, and in her impersonation of
1574 3793 2225 3836 unfortunate young woman she injects
1562 3826 2233 3866 ncerity and an earnestness which are
1569 3855 2230 3905 dmirable as are her sterling his¬
1557 3885 2229 3932 nie abilities. Albert Bruning, as the
1553 3907 2233 3965 sterious gentleman of the first scene.
1484 3955 2237 3993 does a capital bit; George Henry Trader !
1472 3993 2220 4031 is excellent in the pantomimie röle of the
1478 4021 2226 4071 father, Phyllis ankin as the other young
1488 4052 2231 4102 woman is delightfully natural, and John
