3436 4320
585 32 708 92 WN
1610 40 2650 126 zeichnet ist, am Rande des Apgrun  e
562 29 1600 118 geireten und rchten große Versenngen an Dn Ser¬
2659 78 2813 131 Acosta“,
1604 88 2652 154 lieblichsten Blüten einer hingebenden Frauenliebe; ganz
566 87 1595 179 fehlen in Paris nur noch 10 Ctm. zu dem Niveau von 1876,
2661 102 2831 169 Gastspie
572 134 1598 195 wo das stärkste Anwachsen des Stromes im ganzen Jahr¬
1616 151 2642 201 ähnlich aber ist die Todespoesie in Sudermanns „Morituri“
2654 157 2805 212 nächste
559 170 1605 246 hundert beobachtet worden ist. Alle Bewohner der Insel
1622 183 2653 245 (besonders im zweiten Stück dieses Cyclus), wie in Engels
566 213 1606 271 Saint=Denis mußten ihre Wohnungen räumen da sie im
1611 232 2657 291 „Hexenkessel". Es ist kein Leichtes, den Zuhörer den schweren
2661 223 2801 292 Leben
567 248 1601 319 Wasser stehen. Schon seit 17 Tagen ist der Schiffsverkehr
1621 283 2655 330 Druck der hoffnungslosen Situation vergessen zu lassen, und
563 283 1611 358 auf dem Flusse unmöglich. Am Quai des Louvre drang das
2667 300 2800 361 erläßt
1616 318 2656 370 doch vermag es der Dichter durch die ergreifende Darstellung
567 325 1607 382 Wasser in das Gebäude des Oktrois, der Square des Pont¬
2658 343 2805 396 „Lu
1615 366 2654 413 einer mit ursprünglichster Kraft liebenden Frauenseele. Dieser
561 357 1618 414 Neuf ist von Wasser bedeckt der Quai de la Rapée steht
2663 379 2814 431 Am 2
1625 407 2654 456 unmittelbar ergreifenden Gestalt gegenüber vermag allerdings
563 401 1606 462 unter Wasser, in dem großen Weinlager von Bercy arbeiten
2660 418 2806 475 König
1615 449 2657 501 der schwächliche Liebhaber weniger zu fesseln, der die tragischen
564 445 1607 503 die Pumpen Tag und Nacht, um die Keller zu retten. Die
2660 457 2815 518 Beschl
572 482 1607 543 der Seine entlang laufende Eisenbahnlinie der Moulinaux
1622 493 2654 543 Folgen einer Modeliebelei auf sich nehmen muß, an der
2664 490 2803 547 samm
567 524 1432 595 funktionirt nicht mehr, da sie unter Wasser steht.
2672 533 2812 584 (Mün
1622 542 2661 587 sein Herz kaum beteiligt war und der erst im letzten Momente
628 543 1607 614 C.T.C. Lyon. 2. Nov. (Ueberschwemmung.) Die
2665 568 2811 623 Profe
1616 576 2656 637 erkennt, welchen Schatz innigster Zuneigung er kaum beachtet
572 591 1612 669 Rhone und Saone steigen fortgesetzt in beunruhigender Weise.
2671 614 2814 661 Gener
1625 618 2662 665 hat. Es ist ein junger Student, Fritz Lobheimer, der in ein
578 625 1620 697 Zahlreiche Häuser stehen unter Wasser. In Neuville treiben
2674 651 2809 705 (Mün
1623 663 2663 708 Duell mit einem beleidigten Ehemann verwickelt ist. Den
573 665 1614 740 Möbel auf der Saone. In St. Rambert find die Soldaten
2666 689 2806 739 verhis
1628 707 2659 761 tragischen Ausgang sieht er als sicher an, er betrachtet ihn
574 705 1622 769 vom Wasser in der Kaserne eingeschlossen. Die Hälfte der
2666 729 2787 774 Das
1632 744 2666 802 zugleich als Sühne für sein Verschulden. In leichtfertiger
577 739 1620 803 Ortschaft ist überflutet. Viele Häuser sind geschlossen. Der
2677 758 2804 813 gesan
569 779 1623 849 durch die Ueberschwemmung in Lyon und Umgegend ange¬
1628 790 2659 840 Tändelei hat er früher das Herz eines armen jungen Mädchens
2679 796 2830 853 Besah
568 811 1625 896 richtete Schaden ist sehr beträchtlich. Rettungsgesellschaften
1632 835 2661 886 gewonnen, Christine Weirings, deren Vater als Violinspieler am
2671 837 2810 890 nach
583 867 1626 933 organisiren die Hilfeleistung. Bisher ist kein Verlust an
2679 881 2794 926 nach
1620 867 2676 930 Josefstädter Theater in Wien angestellt ist. Was bei dem jungen
588 903 1231 964 Menschenleben vorgekommen. (Tel.)
2674 916 2817 970 Komx
1627 919 2662 972 Manne nur Zeitvertreib war, ist für Christine das einzige
2681 955 2808 1003 wird.
627 920 1626 1019 Hd. London, 2. Nov. (Ausstand.) Seit drei Tagen
1622 959 2670 1019 Lebensglück. Als sie nun erkannt, daß der, den sie so hoch
2671 987 2822 1039 länge
576 983 1619 1064 verweigern die Lohnkutscher den Reisenden ihre Dienste. (Tell)
1614 1005 2668 1072 gehalten, im Duelle für eine andere gefallen, eilt sie davon,
2679 1026 2819 1081 heime
689 1033 1602 1093 Petersburg. 31. Okt. (Ein Raubmord) setz
1636 1051 2673 1103 um nicht wiederzukehren. Als wirksame Folie für diese
2675 1062 2816 1118 Maje
573 1069 1624 1141 die Stadt in Aufregung. In der Wohnung der Witwe
1631 1090 2671 1152 beiden Hauptcharaktere dient das leichtsinnige Pärchen, der
2685 1104 2823 1169 „Der
573 1114 1607 1170 Schako erschien ein Bekannter, ein Elektrotechniker. Er bat
1621 1125 2672 1180 lustige Student Theodor Kaiser und die immer fidele
2674 1145 2800 1190 und
577 1148 1623 1216 warten zu dürfen, weil er in der Nähe beschäftigt wärs
1629 1178 2669 1234 Modistin Mizi Schlager, beides gutmütige Augenblicks¬
2672 1176 2810 1237 bei n
588 1194 1623 1252 Seine Bitte wurde gewährt. Frau Schako ging darauf fort
2676 1217 2814 1274 schrit
1626 1214 2669 1268 menschen; ohne viel Gewissensskrupel genießen sie ihr Leben,
588 1225 1617 1300 um Einkäufe zu besorgen. Der Bekannte blieb mit dei
2674 1252 2826 1320 Kom;
1626 1267 2679 1327 um sich dann so vergnügt wieder zu trennen, wie sie sich ge¬
590 1268 1621 1328 15jährigen Tochter der Witwe allein. Als diese zurückkehrte
2679 1294 2808 1344 folge
1624 1298 2672 1357 funden haben. So stehen sie fassungs= und verständnislos
587 1285 1630 1371 fand sie das unglückliche Mädchen mit klaffenden Wundel
2690 1331 2819 1380 Mün
1627 1348 2667 1415 dem tragischen Ausgange gegenüber. Der alte, kindlich gut¬
580 1342 1623 1401 ermordet vor. Die Kommode war erbrochen und Wert
2679 1368 2826 1421 in M
584 1377 1629 1444 papiere in Höhe von 3000 Rubeln entwendet. Der Mördez
1635 1389 2681 1445 mütige Violinspieler und eine klatschhafte Nachbarin bilden
2689 1408 2814 1454 in W
587 1414 1630 1486 hat am Ort der That seinen Paletot und seine Galoschen
1635 1431 2675 1488 die übrigen Personen der Handlung. Daß das Stück in
2685 1444 2820 1502 Teile
581 1462 1619 1544 zurückgel ssen. Die Polizei ist ihm bereits auf der Spu#
1639 1471 2687 1533 Wien spielt, ist doch wohl nicht eine Konzession an den
2688 1482 2822 1534 enge:
2683 1520 2827 1570 Leder
1635 1519 2672 1576 augenblicklichen Modegeschmack, der für alles „Weanerische“
607 1512 1633 1610 Kunst, Litteratur und Wissenschaft!
2690 1553 2825 1610 Berli
1646 1559 2683 1628 schwärmt, die leichte oberflächliche Lebensauffassung dieses
2694 1594 2810 1646 von
635 1591 1626 1662 U. Wiesbaden, 2. Nov. (Königliche Schau¬
1635 1595 2686 1662 genußfreudigen Völkchens bietet vielmehr den passendsten
2696 1630 2826 1684 Wier
586 1631 1643 1715 spiele.) Das gestrige dritte Gastspiel der Frau E. de
1639 1648 2682 1713 Hintergrund für den Konflikt. Uebrigens sind alle Situationen,
2693 1676 2813 1721 Auß:
587 1683 1633 1740 Lacroix brachte uns Verdis „Aida“, worin die genannte
1652 1684 2689 1747 auch die verfängliche Schilderung eines Junggesellen=Soupers
2688 1705 2819 1759 Mün
580 1718 1634 1802 Dame die Titelrolle in deutscher Sprache sang. Mit Ver¬
1638 1737 2681 1790 ohne alle gesuchte Pikanterie oder gar Frivolität mit wohl¬
2696 1740 2829 1815 kurre
588 1762 1647 1843 gnügen konstasiren wir, daß Frau de Lacroix dabei unsere
1652 1775 2697 1834 thuender Decenz behandelt. Frau Alice Rauch fand in
585 1812 1631 1868 Hoffnungen durchweg erfüllte, stellenweise selbst noch über¬
1644 1820 2687 1877 der Rolle der Christine wieder Gelegnheit, die ganze Inner¬
2691 1805 2826 1886 berich
590 1849 1638 1915 traf. Das Organ klang recht sympathisch. Einige kritisch
2699 1866 2828 1914 „De¬
1637 1865 2688 1919 lichkeit ihres seltenen Talents zu bewähren. Wenn man viel¬
2697 1901 2818 1951 Scei
587 1887 1636 1952 hochgelegenen Punkte wurden teils mit weiser Vorsicht, teil
1652 1908 2684 1968 leicht im letzten Akte für die Töne leidenschaftlicher Ver¬
2694 1933 2824 1999 tönte
591 1937 1634 2014 durch energische Tapferkeit glücklich überwunden. Die Durch¬
1642 1949 2687 2007 zweiflung sich noch einen größeren Aufwand physischer Mittel
2694 1974 2827 2030 „Me
596 1975 1639 2063 führung des Gesangspartes ließ überall die routinire
1652 1994 2684 2048 wünschen könnte, so gestaltete die Künstlerin dafür alles
2705 2017 2819 2068 Sie
597 2027 1639 2093 Sängerin erkennen, die sich von Akt zu Akt freier in ihe
1641 2033 2689 2088 übrige dafür mit einer Tiefe der Empfindung und rührenden
2692 2050 2827 2104 ein ?
596 2071 1634 2138 Aufgabe einzuleben wußte und so steigenden Erfolg erzieljt
1653 2083 2698 2135 Schichtheit, die den Weg zum Herzen der Hörer zu finden
2706 2092 2827 2143 gelas
596 2113 1647 2191 Haftete der Scene des ersten Aktes noch eine gewisse B¬
1644 2118 2695 2192 verstand. Herr Bartak wußte ebenfalls die Gestalt des
2698 2134 2834 2185 ein:
602 2150 1636 2225 fangenheit und Kühle des Vortrags an, so änderte sich dis
2696 2168 2814 2215 gerie
1644 2160 2687 2213 unglückseligen Helden überzeugend wiederzugeben, während
2705 2210 2823 2271 Thä
597 2203 1642 2260 schon in dem großen Duett mit Amneris, während diis
1647 2211 2695 2267 Herr Jordan besonders in den lustigen Partien seiner Rolle
593 2243 1646 2311 Finale des zweiten Aktes bewies, daß das Organ der Frau
1647 2252 2698 2307 am Platze war und Frl. Schäffer mit entzückender Natür¬
596 2289 1642 2340 de Lacroix auch ein großes Ensemble siegreich zu domi¬
1651 2292 2702 2357 lichkeit zu plaudern mußte. Den alten Musiker spielte Herr
605 2325 1648 2400 niren imstande sei. Ihr Bestes bot uns die Sängerin in
1651 2333 2702 2397 Unger mit herzlicher Empfindung und Herr Schwartze
602 2368 1645 2439 dem dramatisch bewegten dritten Akt, wo sich Gesang und
1656 2377 2701 2442 hatte seine kurze Scene (die Herausforderung zum Duell) zu
2709 2333 2822 2450 250
607 2416 1641 2485 Darstellung in anerkennenswertestem Maße deckten. Die ge¬
1661 2415 2693 2474 einer prächtigen Leistung herausgearbeitet. Auch Fräulein
2699 2428 2827 2480 land
602 2462 1644 2521 schmackvolle Wiedergabe ihres Partes im Schlußduett run¬
2705 2472 2825 2521 russi
1652 2463 2700 2527 [Pauly ist in der Rolle der Strumpfwirkersfrau noch mit
2701 2506 2831 2578 wert:
1659 2507 2693 2560 Lob zu erwähnen. Reicher Beifall und Blumenspenden wurden
602 2502 1645 2567 dete dann die Leistung des Abends in befriedigendster Weise
598 2554 1652 2603 ab. Frau de Lacreix erntete reichen Beifall. Den
1654 2550 2705 2623 besonders Frau Dr. Rauch von de##h#hlreich versam¬
1658 2595 2133 2665 melten Publikum zu Teil.
591 2590 1642 2656 Rhadamés sang gestern zum erstenmale Herr Lemisiano. Der
611 2630 1656 2699 neue Tenor, in dessen Entwickelung manche so große Hoffnungen
1701 2635 2708 2695 Th. R. Wiesbaden Nov. (Konzert des
604 2685 1660 2753 setzen, während andere keine Besserung erwarten, gab mit der
1659 2678 2713 2742 Sängerchors des Wiesbadener Lehrer=Ver¬
601 2716 1650 2789 sehr ungleichen Durchführung der genannten Partie wieder
1664 2717 2838 2778 eins.) Der genannte, von Herrn Direktor Spangenbergj Ret
1659 2763 2709 2815 geleitete Verein gab am letzten Samstag, den 31. Oktober,
607 2758 1644 2832 beiden Teilen Anhaltspunkte zur Begründung ihrer Be¬
2703 2761 2828 2821 hat
1667 2804 2714 2854 im Kasino=Saal sein erstes Konzert in der beginnenden
610 2797 1650 2866 hauptungen, vorläufig den Gegnern allerdings mehr als seinen
2713 2803 2832 2868 Han
1664 2845 2712 2890 Saison. Unterstützt wurde er von der Konzerisängerin Frl.
604 2846 1660 2918 Freunden. Wenn es Herrn Lemisiano gelänge, der
2706 2854 2835 2916 Han
1667 2876 2712 2933 Th. Behr (Alt) aus Köln und dem Pianisten Herrn
601 2891 1664 2977 schöne lyrische Timbre einzelner Töne dem ganzen Organ mit¬
2706 2904 2836 2971 inter
1667 2910 2709 2967 O. Voß aus Wien. Die Stimme der Sängerin ist von
610 2932 1649 2997 zuteilen, das Tremoliren und Detoniren, das stoßweise An¬
1659 2949 2713 3011 weichem, sympathischem Timbre und pastoser Fülle, ein aus¬
2707 2954 2840 3020 won
613 2962 1665 3038 setzen des Tones u. s. w. zu vermeiden, — kurz: künstlerisch
1668 2997 2710 3048 gesprochen tiefer Alt. Die Ausbildung verrät die gute
2703 2997 2838 3054 Stat
618 3020 1660 3084 singen zu lernen — so könnte er bei entsprechender Verfeinerung
1674 3026 2697 3078 Schulung; was die Auswahl der Lieder und den Vortrag
2709 3048 2841 3101 aber
1663 3062 2703 3114 derselben betrifft, so wäre neben dem vielen Dunkel und
611 3063 1665 3129 seines Spiels sicher eine ganz tüchtige Kraft werden. Vor¬
2715 3093 2829 3156 Abl
1670 3108 2707 3160 Dämmerung etwas mehr freudiges Licht wünschenswert ge¬
617 3096 1660 3176 läufig bleibt das alles aber noch ein Wechsel auf die Zu¬
1677 3146 2709 3192 wesen — es fehlte die Schattirung, es mangelten die Gegen¬
2710 3142 2842 3203 land
614 3148 1657 3213 kunst. — Diese Unfertigkeit berücksichtigend, mag anerkannt
1668 3193 2707 3238 sätze. Die Künstlerin spendete Lieder von Schubert, Schu¬
2715 3185 2837 3261 zurk
623 3198 1660 3257 werden, daß Herr Lemisiano sich redliche Mühe gab,
1673 3224 2710 3276 mann, Brahms, Franz und Chopin. Der noch ziemlich
624 3232 1667 3296 seiner Rolle gerecht zu werden und in der Cavatine des ersten
2712 3240 2834 3295 inte
1668 3263 2708 3321 junge Pianist (aus der Schule des Wiener Meisters
619 3276 1659 3349 Aktes, sowie in den Duetten mit Alda im dritten und mit
2709 3281 2828 3346 ist,
1671 3292 2708 3351 Leschetitzki) spielte Werke von Bach (chromatische Fantasie)
621 3316 1655 3382 Amneris im vierten Akte manche recht gute Momente hatte.
1675 3337 2709 3384 Chopin, Liszt, Spangenberg u. s. w. Wenn man eine oft sich
2713 3325 2831 3390 wen
621 3355 1670 3437 Unter den bekannten tüchtigen Vertretern der übrigen Rollen
1675 3375 2706 3425 bemerkbar machende Neigung, sich in der physischen Kraft zu
2715 3371 2838 3447 lank
1672 3400 2712 3471 überbieten, abrechnet, so darf man dem jungen Künstler ein
608 3399 1662 3459 ragten wieder Fräulein Brodmann als Amneris und Herr
2718 3427 2823 3488 dür
1670 3448 2705 3497 recht gutes Zeugnis ausstellen. Seine Technik ist recht be¬
609 3445 1665 3516 Müller als Amonasro besonders hervor. Chor und
2712 3477 2823 3539 stin
2419 3482 2713 3537 sein Spiel läßt
2348 3494 2419 3532 —
1673 3486 2362 3553 deutend — wenn auch nicht unfehlbar
612 3488 1671 3553 Orchester boten unter Herrn Kapellmeister Rebiceks sicherer
1678 3524 2721 3581 „Rasse“ erkennen und auch in den Werken zarteren Genres
619 3531 1670 3612 Führung eine sehr gut abgerundete Leistung Dem glänzend
1672 3565 2707 3612 zeigte er Geschmack und Verständnis. Jedenfalls erwies er
2719 3571 2826 3631 Zol
607 3575 1672 3659 ausgestatteten Werke wurde seitens des dichtgefüllten Hauses
1677 3599 2709 3659 sich als recht beachtenswerte jüngere Kraft. Der konzert¬
2721 3617 2822 3678 bei
627 3626 1246 3714 sehr warme Aufnahme zuteil.
1679 3636 2713 3692 gebende Chor sang ein geistliches Stück von einem fran¬
2716 3667 2837 3722 nich
670 3639 1674 3719 P. Wiesbaden, 2. Nov. (Residenztheater.) Daß
1682 3678 2708 3733 zösischen König aus dem 10. Jahrhundert (2??), einen sehr
634 3704 1671 3772 die pessimistische Grämlichkeit, mit der doctrinäre Eiferer gern
1683 3720 2723 3767 wirkungsvollen neuen Chor von Otto Dorn, kleinere Sachen
2726 3716 2822 3774 schl
1681 3757 2718 3803 von C. Attenhofer und Gastoldi und ein anonymes Volks¬
629 3746 1669 3804 die Zustände unserer heutigen Litteratur betrachten, ihre
2722 3762 2832 3815 mei
1677 3788 2717 3849 lied. Für den durchaus nicht leichten Chor von Dorn
616 3794 1667 3845 Existenzberechtigung nicht mehr aufweisen kann, zeigte wieder
2730 3810 2837 3868 folg
1678 3824 2718 3884 („Maurenzug“ betitelt) wäre die Unterstützung durch Klavier
622 3829 1678 3888 das neue Drama, das Herr Direktor Dr. Rauch in seinem
2699 3858 2837 3907 1 zoll.
1685 3866 2714 3916 sehr nützlich sogar nötig gewesen, da die reiche Harmoni¬
617 3882 1685 3962 Unermüblichen Eifer uns gestern Abend im Residenztheater
611 3934 2833 4031 Nachricht — o, könnte sie auch jene so vernichten. den Leuten, die Wasser herbeischleppten, Tücher hinein= schü
1670 3982 2843 4053 tauchten, um sich vor der Glut zu schützen, sprang blei
616 4002 1675 4069 Gustis Hand zuckte und ballte sich zusammen in
623 4030 1778 4112 milder Dornesregung se wallto has hrend „. Meni# —.
