3484 4224
461 151 823 229 Liebelei
980 150 1414 244 box 11/2
287 156 855 277 8. Tnnn
1127 590 1487 651 Telephon 12801.
1273 683 1356 742 95
615 708 1303 810 „UbSEhVEh
417 778 1519 849 I. österr. behördl. konz. Unternehmen für Zeitungs-Ausschnitte
617 848 1346 914 Wien, I., Concordiaplatz 4.
838 918 1143 982 Vertretungen
434 949 1533 1029 in Berlin, Budapest, Chicago, Christiania, Genf, Kopenhagen,
434 997 1527 1057 London, Madrid, Mailand, Minneapolis, New-Vork, Paris, Rom,
605 1040 1388 1108 San Francisco, Stockholm, St. Petersburg.
770 1092 1185 1145 (Quallenangabe ohne Gewähr.)
438 1124 1595 1254 Ausschnitt am: S#pen und
443 1257 842 1339 vom: 2·272.
1125 1260 1513 1383 dluause
519 1431 1498 1571 Kunst und Wissenschaft.
527 1537 1617 1598 Marburger Stadttheater. 20. Febr. „Liebelei“
408 1600 1625 1665 Schauspiel in 3 Akten von A. Schnitzler Benefize für die I. ju¬
417 1632 1629 1715 gendliche Liebhaberin Frl. Et. Die Wahl gerade
417 1703 1638 1744 dieses Stückes zeigt von dem literarisch vornehmen Geschmack
418 1743 1639 1811 der Benefiziantin. Wie es bereits der Titel verrät, handelt
413 1801 1624 1861 es sich um eine Liebesgeschichte und zwar um eine Geschichte,
418 1843 1630 1898 wie sie im Leben nicht allzuselten vorkommt. Aber da ist
418 1898 1622 1951 alles so zart und duftig, alles mit so viel liebevoller Sorg¬
416 1940 1634 2010 falt gearbeitet, an den Quellen des Lebens geschöpft erscheint
415 1990 1634 2041 der Stoff, durch den Dichter poetisch verklärt und geläutert
413 2034 1635 2092 und wir müssen uns sagen: Hier haben wir es mit einem
413 2094 1627 2157 vollen, echten Kunstwerke zu tun. Schnitzler versteht es wie
410 2148 1628 2206 nicht bald einer der Modernen alte und neue Kunst zu ver¬
413 2195 1627 2252 einen, Gemüt, Geist und Phantasie schließen einen Bund
411 2244 1621 2287 und es entstehen Gebilde, die zu dem Schönsten der neueren Lite¬
416 2280 1620 2343 ratur gehören. Es ist deshalb zu bedauern, daß ein Dichter
416 2340 1628 2388 von der Bedeutung Schnitzlers einen „Reigen“ schreiben konnte.
408 2375 1630 2444 Wir lernen in der „Liebelei“ außer dem typisch gewordenen
421 2435 1635 2487 „süßen Mädel“ ein Frauenherz kennen, das an wahre Liebe
417 2487 1625 2545 glaubt, und das, obwohl es sich dem Geliebten rückhaltslos
414 2532 1628 2584 hingibt, rein und keusch geblieben ist. Es tritt uns aber auch
411 2582 1618 2635 jene zynische Lebemännermoral entgegen, nach deren Gesetzen
403 2629 1628 2685 man sich „jenseits von Gut und Böse“ liebt und die darin
400 2680 1628 2743 gipfelt, daß man das geliebte Wesen schließlich wegwirft, wie
410 2734 1626 2778 den Rest einer Zigarette. Die Inszenierung, bezw. Darstel¬
406 2778 1618 2831 lung war eine sehr gute und wir können diesen Abend zu
411 2827 1622 2894 den Genußreichsten der Saison zählen. Frl. Siegwart
404 2877 1626 2928 (Christine) erzielte durch die ausgezeichnete Interpretation
407 2935 1619 2991 ihrer Rolle eine durchschlagende Wirkung. Es war das Her¬
407 2984 1619 3038 vortreten aus sich selbst und die nicht nur virtuose Wieder¬
413 3029 1615 3084 gabe der zahlreichen Affekte, was sympathisch berührte. Hübsche
405 3082 1618 3129 Blumenspenden sowie zwei Lorbeerkränze wurden der Bene¬
414 3126 1614 3189 fiziantin überreicht. Ihr Partner Herr Schramm (Fritz
405 3175 1614 3247 Lobheimer) war nicht minder bemüht, seine Rolle dramatisch
401 3213 1609 3283 wirkungsvoll zu gestalten, was ihm auch sehr gut gelang.
397 3263 1613 3329 Viel Glück hatte Frl. Kern als Mitzi Schlager, sie spielte
401 3308 1616 3373 das süße Mädel, das nur die Liebe und das Glück des
407 3371 1624 3417 Augenblickes kennt, munter und natürlich. Herr J. Richter
403 3431 1627 3486 gab den Vater Christinens, den Violinspieler Hans Weiring,
400 3468 1607 3536 in angenehmer, zu Herzen sprechender Weise. Gut war Herr
404 3503 1623 3567 Stolfa (Theodor Kaiser) es war jeder Zoll an ihm ein
402 3566 1608 3617 moderner Lebejüngling. Frl. Gürtler und v. Ritter ver¬
403 3611 1609 3671 vollständigten das Ensemble. Die Vorliebe der Ersteren für
402 3659 1599 3714 den Taufnamen Mizzi, welche sich in häufigem „Versprechen“
408 3709 1616 3760 äußerte, rief eine unberechtigte Heiterkeit hervor. Das Haus
399 3759 1619 3804 war recht gut besucht und der Eindruck des Stückes war der¬
401 3812 1617 3856 art, daß sich der Beifall immer erst einige Minuten nach
396 3854 1621 3911 Aktschluß auslöste. An Vielen mögen aber wohl die intimeren
403 3909 1325 3986 Schönheiten wirkungslos vorübergegangen sein.
1328 3951 1565 4033 J. J. B.
2558 760 2943 863 Telephon 12801.
2737 861 2813 917 9
2057 840 2751 995 „OBSERVER
1872 957 2975 1037 I. österr. behördl. konz. Unternehmen für Zeitungs-Ausschnitte
2067 1024 2805 1112 Wien, I., Concordiaplatz 4.
2288 1093 2599 1155 Vertretungen
1878 1133 2995 1211 in Berlin, Budapest, Chicago, Christiania, Genf, Kopenhagen.
1882 1173 2998 1238 London, Madrid, Mailand, Minneapolis, New-Vork, Paris, Rom,
2051 1217 2822 1286 San Francisco, Stockholm, St. Petersburg.
2230 1261 2653 1314 (Quellenangabe ohne Gewähr.)
1899 1350 2301 1440 Ausschnitt aus:
2255 1356 2840 1496 „Bielitz, Bialaer Anzelger
1910 1461 2055 1522 vom:
2055 1449 2625 1555 e
2169 1545 2738 1642 Theater und Kunst.
2103 1634 2960 1719 Stadttheater. Mittwoch gab man „Lie
1946 1700 2973 1760 belei“ von Arthur Schnitzler, demselben Schnitzler,
1936 1745 2972 1817 der auch den enschlid: Der Dichter der
1937 1790 2979 1873 Liebelei“ hat noch mehr Sympathie für das an¬
1944 1842 2980 1908 ständige Mädchen, das an seinen Herzensnöten zu
1950 1896 2972 1953 Grunde geht, als für das leichtlebige „süße“
1938 1953 2982 2010 Mädel, dem er im „Reigen“ und im Anatolzy¬
1951 1987 2990 2054 klus in liebenswürdig=kecker Weise ein Denkmal
1950 2048 2979 2102 setzt. Etwas von der Pontisierung der Gefühllo¬
1954 2097 2985 2155 sigkeit oder des rohen Gefühls lacht uns zwar
1954 2144 2979 2210 schon in der „Liebelei“ entgegen, doch der Grund¬
1950 2194 2983 2261 zug des Stückes ist ein ernster. Mit plastischer
1962 2253 2986 2305 Schärfe hat hier Schnitzler den schmerzlichen Kon¬
1942 2286 3022 2371 flikt zwischen grenzenioser Liebe und der zu spät
1935 2331 2986 2410 erwachenden Erkenntnis, eine solche Liebe nicht er¬
1937 2381 2987 2439 widert zu sehen, zu einem Schauspiel verarbeitet.
1959 2431 3004 2502 „Liebelei“ ist bei guter Aufführung einer schönen
1953 2485 2996 2546 Wirkung sicher. Die übte denn auch auch hier
1937 2534 2995 2593 das Stück. Im 1. Akt erzeugte schon allein die
1951 2585 2995 2644 übersprudelnde Laune des Frl. Fabry, der wir
1947 2632 3001 2698 bei allem Respekt vor ihrer Vielseitigkeit so viel
1953 2686 2989 2756 Wienerisches Temperament gar nicht zugetraut
1950 2720 2991 2793 hätten, die nötige Stimmung. Die Herren
1962 2780 2985 2838 Grasselly (Fritz) und Wonger (Theodor)
1958 2844 2984 2895 akkompagnierten ihr in trefflicher Weise. Die Epi¬
1953 2873 2988 2949 sode, die das Erscheinen des betrogenen Eheman¬
1957 2924 2995 3004 nes bildet, erhielt durch ihre gute Darstellung
1970 2973 2987 3039 (Direktor Blasel) den entsprechend düsteren
1962 3038 2983 3096 Charakter. Der 2. Akt war etwas matter, wenn
1925 3085 3014 3164 auch die Einzelleistängen (Grasselly, Pre¬
1931 3189 2995 3272 ster, Fabry, Skal und Wolfgang zum Teil
1940 3264 2988 3329 recht gut waren. Den Höhepunkt des Abends
1940 3317 2988 3374 bildete der letzte Akt, in dem Frl. Wolfgang
1945 3349 2989 3437 als Christine eine außerordentlich ergreifende Wir¬
1948 3402 2987 3467 kung erzielte. Man stand ganz unter dem Ein¬
1956 3447 2992 3519 druck einer echten Kunst, einer Kunst, welche im
1948 3496 2997 3571 Ausdruck des Schmerzes und der Verzweiflung
1950 3568 2995 3629 mit ngtürlichen Mitteln das Höchste leistet. Zu
1957 3596 2993 3671 dieser Höhe schwang sich auch Herr Skal am
1926 3644 2532 3750 Schluß des Stückes empor.
