3436 4192
1030 140 1457 225 box 12/6
481 146 870 218 Liebelei
309 152 876 252 8. Senn
828 423 1352 500 tOuelienangabe onne Senul...
592 483 1610 583 lusschnitt aubeutsche Wacht. Cilli
787 561 1086 635 26 JAN 1916
592 588 753 667 som:
915 747 1639 905 Schaubühne. 7%
753 885 1710 961 Liebelei. Ueber diesem, einst hochgepriesenen
667 939 1699 1005 und jetzt noch hochgeschätzten Stücke des Wiener
673 1001 1701 1066 Hausdichters Artur Schnitzlerliegtdoch ein Hauch
673 1051 1695 1102 von Verwesungsdufk. Es wirkt nicht mehr lebendig,
679 1084 1706 1155 es ist schen der Literaturgeschichte anheimgefallen.
679 1144 1714 1201 Alle Erregungen des Stückes lassen uns mehr oder
674 1174 1723 1250 weniger kalt. Was einst als Naturalismus gepriesen
672 1239 1714 1294 wurde und lebenswahr genannt wurde mutet uns
675 1276 1711 1349 nur als Darstellung reiner Typen an: typisch das
671 1335 1708 1397 junge hysterische Mädchen, typisch ihre liebeserfahrene
674 1375 1715 1450 wurstige Freundin — Gott bewahre, daß ein Wie¬
678 1432 1716 1497 ner Mädel so ist, so sind nur die „süßen“ Mädeln
678 1477 1721 1538 des Herrn Artur Schnitzler — typisch die beiden
671 1520 1723 1601 Junggesellen, der lebenslustige und der melancho¬
1044 1568 1721 1645 das ganze Stück. Und lebens¬
1010 1584 1043 1630 —
679 1589 994 1653 lische, typisch
677 1616 1715 1691 unwahr. Wir haben an Schönherrs Kunst die Be¬
684 1668 1717 1750 geisterung für Schnitzlers Seelenzertrennung verlo¬
676 1710 1724 1787 ren und bewahren vor ihm die Achtung eines geschick¬
676 1766 1733 1845 ten Bühnenschriftstellers, der Vieles leider durch die
682 1819 1742 1872 Brille seiner Volksauffassung sieht. Darum werden
675 1864 1731 1932 seine Stücke ebenso rasch fremd, wie die seines Mit¬
689 1915 1736 1990 genossen Hugo von Hoffmannsthal. Das Beste des
680 1962 1741 2033 Abends leistete Fritz Goldhaber in der Rolle des
689 2010 1742 2078 schwankenden jungen Mannes, den Leidenschaften
688 2059 1734 2131 hin= und herwerfen, der nicht weiß, wo aus und
690 2110 1749 2188 wo ein, und der sich schließlich den letzten Folgerun¬
692 2161 1748 2246 gen mit einer gewissen verzweifelten Edelmannsge¬
688 2209 1735 2272 bärde in die Arme wirft, um sein einzig mögliches
695 2255 1743 2323 Schicksal zu erfüllen in einem ruhmlosen Untergang.
694 2305 1747 2383 Derartige kraftlose Kraf menschen sind für Schnitzler
695 2357 1753 2438 typisch, Grübler über einen Kelch klaren, guten
697 2408 1747 2471 Weines, den sie schließlich verschütten, anstatt ihn
692 2451 1751 2526 zu leeren Fritz Goldhaber wurde dem Schwanken¬
699 2502 1748 2571 den volle gerecht. Die zweite Hauptleistung des
708 2543 1748 2617 Abends brachte Julius Nasch mit dem alten Violin¬
710 2598 1751 2669 spieler Hans Weiring, auch einer echten Schnitzler¬
703 2655 1760 2716 schen Figur, die alles weiß, alles versteht und alles
700 2689 1754 2770 verzeiht. Wenn ein Schauspieler es versteht diese
711 2745 1759 2813 Figur durch warme Herzenstöne zu beleben, dann
715 2770 1768 2870 liegt sie in guten Händen. Und Julius Nasch ver¬
725 2838 1763 2918 stand dies. In einer kurzen, aber gut durchgeführ¬
725 2906 1757 2958 ten Rolle bewies Maria Frolda als geschwätzige
723 2937 1763 3005 Nachbarin, daß man ihr vertrauensvoll Rollen, die
720 2987 1763 3067 starke Charakterisierung verlangen, anvertrauen darf.
734 3041 1759 3106 Die Rolle der Christine war Annie Wipperich zuge¬
735 3083 1758 3165 fallen. Es ist die schwerste, weil unwahrste Rolle
723 3136 1769 3202 im ganzen Stück. Man glaubt nun einmal an ein
731 3193 1759 3253 Mädchen nicht, das sich so mit dem Bewußtsein
729 3231 1758 3310 einer „einzigen“ Liebe an einen jungen Mann klam¬
730 3281 1761 3355 mert, von dem sie nichts kennt, als seine Wohnung,
736 3336 1774 3404 und nichts weiß, als daß er reich und fesch ist.
732 3396 1772 3446 Annie Wipperich hatte daher einen schweren Stand.
737 3438 1775 3504 Sie schien es auch zu fühlen und mußte sich erst
734 3475 1775 3544 langsam in ihre Rolle hineinspielen. Es gelang ihr
739 3528 1769 3607 schließlich im letzten Akte Die Ausbrüche der Leiden¬
739 3573 1777 3652 schaft sind auch viel dankbarer darzustellen, als die
738 3625 1771 3705 Liebe eines jungen Mädchens, das dem Mann folgt,
742 3686 1782 3745 wie ein junger Hund. Ueberdies hat Schnitzler die¬
742 3718 1790 3795 ser Rolle in den ersten beiden Akten keine Gelegen¬
735 3778 1741 3834 heit gegeben, sich auszuleben und sich verständlich zu
736 3805 1836 3904 machen. Sie ist fast stiefmütterlich behandelt. Uns
2765 1152 2930 1218 Seite 5
1968 1306 3005 1363 nur seufzen und anhimmeln ist eine schwer glaub¬
1962 1348 3004 1408 haft darzustellende Kunst, wenn dies ernst genommen
1958 1395 2998 1457 werden will. Annie Wipperich half sich über diese
1953 1455 3007 1514 schwierigen Stellen, so gut es ging, hinweg Sie
1965 1503 2996 1554 bewies, daß sie für größere Aufgaben gewachsen ist.
1966 1538 3006 1613 Käthe Telenas Modistin war derb bis auf die
1962 1599 2997 1652 Knochen. Ein wenig Mäßigung hätte zwar nicht
1963 1639 3007 1698 dem größeren Teile der Zuseher gefallen, wohl aber
1962 1690 2997 1752 dem Gesamteindruck des Stückes genützt. Bühnen¬
1957 1754 3003 1804 geschick hat sie sicherlich und auch die nötige Beweg¬
1971 1788 3006 1852 lichkeit und Sicherheit. Auch Eonard Loibners Jung¬
1960 1834 3006 1929 geselle war vielleicht etwas zu lustig aufgefaßt. Es
1974 1881 3029 1953 muß Humor und Laune in der Rolle aufsprühen,
1976 1935 3013 2002 Lebendigkeit und Jugendübermut. Daß Loibner ein
1970 1986 3012 2065 guter Schauspieler ist, wissen wir bereits und spre¬
1973 2043 3010 2098 chen ihm sicherlich treffliche Bühnenbegabung und
1976 2080 3020 2147 darstellerisches Können nicht ab In der bösen
1965 2138 3028 2194 Rolle, in doppeltem Sinne, des Stückes warl Karl
1979 2186 3022 2253 Tema beschäftigt. Er machte mit der Rolle was
1974 2232 3015 2290 mit ihr zu machen war. Denn es ist ja immer
1979 2276 3008 2341 bös, wenn man Liebesbriefe eines anderen zurück¬
1988 2326 3029 2402 geben und als ganz unschuldiger Mensch jemanden
1976 2380 3019 2441 fordern muß. Tema wußte sich mit Austand aus
1987 2440 3010 2490 der unangenehmen Lage zu ziehen. — Eine Ueber¬
1989 2478 3018 2534 raschung für Bühnenleiter und Zuseher war die
1987 2520 3038 2586 Beigabe einer Zwischenaktmusik. Sie war plötzlich
1989 2576 3029 2644 da, woher mußte niemand, und wurde mit Deifall
1977 2637 3027 2686 aufgenommen. Gut war es, daß der bauliche Zu¬
1996 2683 3039 2739 stand des Theaters vor einiger Zeit überprüft wurde,
1987 2716 3034 2781 denn die Kapelle arbeitete mit besonderer Leistungs¬
1994 2757 3036 2837 fähigkeit die Fortestellen auf das prächtigste heraus.
1985 2805 3069 2882 Uebrigens spielten die Musiker sehr gut zusammen¬
1992 2864 3051 2955 und brachten die Stücke mit gutem Portrage zu
1990 2926 2137 2991 Gehör.
