3484 4224
958 117 1418 224 box 10/4
464 126 826 215 iebelei.
267 139 834 262 5. L. E 4  1
605 852 1597 992 ece
1193 949 1681 1059 dee
439 961 1086 1121 Dde Le
1119 1015 1609 1122 PICCOLO FAUST!
379 1160 1366 1233 usi alla di Testoni: In barba all' autore, e fu
1371 1169 2141 1255 sera, sono caduti fragorosamente, enon
2144 1170 2928 1276 tutto a suo padre, e va ripetendogli:
372 1227 578 1290 preti in¬
580 1221 1362 1302 ripetutamente chiamata al proscenio dal
1372 1241 2140 1305 meritavano altra sorte: fin dalle prime
2143 1256 2924 1338 g Cacciami via ). — II buon vecchio
402 1277 1361 1353 dice il pubblico ammiratore di questa giova¬
1362 1290 2138 1362 scene era presentito il naufragio da un
2145 1297 2915 1362 risponde: & Ma perché? ma se 1o lo sa¬
415 1332 1351 1403 la sa- netta piena di grazia e di sentimento.
1366 1350 2136 1406 mormorio del pubblico, accompagnato
2150 1358 2926 1428 pevo! Non hai nulla a rimproverarti:
632 1386 1348 1444 In Fedora, Padrone delle ferriere la
1363 1396 2133 1450 da sibili, divenuti a dirittura assor¬
2148 1409 2935 1481 bisogna godere la gioventü, per non
572 1418 1361 1515 Compagnia Marchi-Maggi, almoströch
1364 1446 2139 1513 danti fischi nel 2°e 3° atto, anche du¬
2135 1457 2928 1518 rimpiangere il tempo nella vecchiaja:
572 1473 1358 1550 non é solamente nelle commedie bril¬
1368 1495 2138 1559 rante l’azione. — Ur lavoro che in Ita¬
2139 1487 2921 1556 fatti animo, ne troverai un altroi„
566 1530 1365 1597 lanti che essa si distingue, ottenendo
1368 1544 2141 1609 lia non puó aver vita: non si capisce
2137 1544 2930 1618 Questo tipo di padre, non é un esoso
382 1551 579 1647 er sera
577 1574 1349 1662 in queste produzioni bella messe di ap¬
1358 1589 2142 1660 come una buona Compagnia perda il
2138 1593 2922 1656 speculafore, ma un originale, un inno¬
578 1624 1036 1704 plausi e di quattrini.
382 1626 570 1685 ni della
1364 1642 2133 1709 tempo a mettereein iscena certe assur¬
2148 1654 2921 1714 vatore d’idee sulla donna, che dovreb¬
379 1677 570 1749 pantini,
632 1657 1359 1749 Tersera Profumo, al quale moltis¬
1358 1683 2136 1754 dità, per la sola Fragione che portano
2148 1691 2932 1774 be, come l'’nomo, godere Tamore libero,
586 1709 1365 1787 sime belle signore ebbero il buon senso
1365 1735 2129 1800 una firma straniera! — Non varrebbe
2139 1747 2924 1823 piuttosto che avere rimpianti di desi¬
571 1779 1358 1842 di assistere e si divertirono moltissimo!
388 1745 580 1836 tia tut¬
1362 1790 2146 1857 la pena di narrarne la tela, mancando
2142 1803 2886 1873 deri incompiuti nella tarda età. —
373 1817 579 1891 era ha
636 1829 1358 1898 Stasera Felicitd, serata di Brignone;
1364 1826 2137 1915 l’ orditura per firlo; ad ogni modo ec¬
2134 1832 2928 1904 Cosi, se questa teoria fosse messa in
570 1840 1066 1941 tutto venduto da ieri!
373 1875 568 1933 ale dei
1368 1877 1964 1952 covi in poche righe i 3 atti.
2144 1900 2909 1965 pratica, P’onestà della donna non consi¬
384 1923 583 1995 ità del
639 1897 1352 1986 Ogui sera al Panfera la signorn Ade¬
1401 1927 2134 2010 Nel 1 Fritz Sebner (Zampierige Teo¬
2134 1933 2924 2015 sterebbe in quel che cobsiste ora: forse
571 1973 1355 2049 lina Marchi sposa all’egregio capitano
1350 1960 2143 2046 doro Juiser (Talli), sono due giova¬
2141 1993 2917 2064 forse ci guadagnerebbero tutti.. Non
382 1999 564 2089 rono la
574 2010 1349 2088 Bozzi, di questa guarnigione, segue at¬
1350 2036 2134 2097 nottiche passano la vita dati all’amore.
2143 2047 2910 2106 piü zitellone areigne, nevrotiche, iste¬
579 2079 1358 2141 tentamente le rappresentazioni della
385 2067 573 2137 Udina,
1362 2082 2132 2153 Siamo in casa di Früz: é sera; aspet¬
2139 2088 2920 2164 riche. Se l’autore avesse tratteggiato
569 2114 1356 2194 compagnia di sua sorella: mi par di
387 2116 578 2190 i esila¬
1357 2139 2135 2193 tano le grisette; le ragazze arrivano
2135 2135 2916 2212 con pennellate piü accentuate quel ca¬
374 2170 565 2240 ienz10s0
565 2177 1355 2235 leggerle negli occhi che calcherebbe
1361 2190 2125 2249 con focaccee salumi; Cristina (Ma¬
2145 2193 2918 2276 rattere del violinista, avrebbe potuto
369 2220 575 2298 tie la
571 2229 1360 2290 volentieri quelle scene su eui ha avuto
1368 2228 2131 2294 riani)e Nina Hluze (I. Cristina), imban¬
2135 2234 2475 2310 non dispiacere.
565 2266 894 2346 tanti successi!
1434 2270 2136 2349 o la tavola, mangiano, bevono,
2187 2272 2915 2352 LPesecuzione abbastanza lodevole.
371 2295 575 2381 arono i
1430 2338 2138 2403 baciano.e, fra parentesi, tutto cid
2137 2328 2921 2408 La bravissima Mariani ha fatto di
849 2315 1072 2413 +4+
380 2367 576 2430 lia che
1375 2380 2131 2453 ra un mezz0 atto: interrompe l’orgia
2132 2395 2914 2454 tutto nella sua infelicissima parte per
622 2387 1188 2484 Genova 11 — BALlLEA.
383 2414 566 2491 ena Na¬
1351 2425 2134 2498 una bellicosa strappata di campanello
2131 2442 2923 2500 strappare l’ applauso, e infatti ha
623 2459 1353 2538 In attesa di poter rivedere questa
1351 2479 2124 2557 alla porta di strada che agghiaccia i
2130 2493 2906 2562 avuto- una chiamata insieme allo Zam¬
562 2520 1344 2592 sera i simpatiei Sbodio-Carnaghial Pa¬
382 2490 570 2585 udra in
1363 2535 2118 2593 commensali, e si guardano perplessi.
2127 2539 2912 2619 pieri, Talli, Calabresi e alla simpatica
576 2562 1349 2635 ganini, fui per due sere al popolare
374 2566 567 2644 pagnia
1356 2583 2132 2649 & Eluil,, dice Teodoro Huiser a Seb¬
2129 2577 2342 2651 Cristina.
405 2612 565 2683 supe¬
567 2620 1348 2669 Apollo, dove il bravo Castellani alterna
1355 2632 2136 2700 ner, e, prudentemente, va in altra stanza
2190 2624 2903 2712 Stasera il capolavoro di Ferrari,
385 2656 575 2731 ome di
569 2666 1342 2725 le sue rappresentazioni fra le brillanti
1358 2676 2125 2748 con le giovanette. — Luf entra con pas¬
2127 2655 2908 2758 La Satirae Parini, ha fatto stivare
385 2707 561 2780 a deli¬
565 2717 1344 2782 commedie del Bargiacchi, e qualche
1347 2729 2132 2796 so solenne, soprabito abbottonato fino
2123 2713 2910 2814 il teatro: risate e applausi. — Pala¬
376 2763 566 2830 ere con
561 2754 1342 2844 dramma a tinte forti — completando
1350 2775 2122 2836 al collo, occhi terribili, e una bella
2116 2784 2900 2852 dini é stato un dicitore elegante. —
367 2809 563 2886 rima di
564 2803 1317 2881 lo spettacolo con qualche vandeville.
1346 2824 2116 2893 barba bionda. — Luf é un marito tra¬
2120 2818 2907 2889 Magnifico, splendido, accurato il Ca¬
615 2854 1344 2934 La Compagnia ha buoni elementi e
1345 2871 2115 2944 dito che viene a reclamare le lettere di
2125 2887 2912 2956 labresi nella parte del Marchese Co¬
560 2909 1198 2987 ha incontrato completo favore.
1336 2926 2123 3007 sua moglie, che Sebner rifinta: relativa
2118 2911 2916 3015 Tombi. Bravo, bravo, gridavano, e bravo
1352 2964 1492 3031 stida.
2130 2974 2582 3056 gli grido e ripeto io!
849 2964 1051 3063 XXX
362 2989 557 3072 ERRARI.
1407 2993 2122 3097 Atto 2°. — Sdoleinato romanticismo
621 3040 1105 3121 Verona. — ELEDA.
2401 3038 2608 3115 ++
371 3053 554 3130 ebato 7
1344 3053 2128 3144 di Sebner con Cristina, in casa di
381 3109 556 3182 ie pie¬
614 3090 1336 3174 La serata d’onore di Ettore Paladi¬
2185 3092 2850 3196 Cremona. — Manio Auakl.
1340 3123 2116 3192 Gianni Meiring, violinista, padre di
372 3152 553 3223 zati e
557 3158 1332 3221 ni, con la Mamma del Praga, nuova
1344 3167 2123 3232 lei: un vecchio strano, con teorie an¬
2184 3152 2911 3248 Per parocchie sere Cremona fu in
555 3212 1330 3270 per Verona, ha confermato un altro
1350 3223 2114 3285 che piü strane, che va poi sciorinando
2116 3204 2903 3281 preda a serie dimostrazioni, per le
364 3237 550 3323 stigata¬
548 3264 1329 3319 trionfo per il geniale autore: nel Pala¬
1344 3273 2108 3347 a una sua vieina, moglie di un tessi¬
2115 3280 2900 3343 quali il pubblico — specialmente le si¬
360 3304 558 3373 ona per
552 3313 1344 3380 dinie nella Mariani, ha avuta Jue per¬
1345 3307 1640 3381 tore di calze.
2112 3315 2911 3401 „gnore — disertó il teatro. Tuttavia
364 3349 548 3423 iduale
542 3354 1343 3429 #fetti interpreti: molto beue, distinta, la
1394 3337 2107 3437 Atto 3°. Sempre in casa del violini¬
2122 3369 2897 3447 gli abbonati sono mol'i, e la Compa¬
550 3397 1346 3488 Cristina. — Chiamate, applausi ripe¬
1338 3415 2114 3484 sta. — Sebner é rimasto ucciso in
2113 3412 2897 3493 guia Micheluzzi si é impesta per la
358 3445 549 3522 Zop¬
545 3452 684 3523 tuti.
1343 3455 2110 3530 duello; ma Cristina l’ignora, e creden¬
2116 3480 2896 3548 sua omogeneità e pel suo variato re¬
366 3506 551 3581 mologo
604 3489 1342 3581 Amoreggiamenti di Schintzler, ieri
1337 3514 2115 3592 dosi abbandonata, ha gia confessato
2110 3518 2319 3591 pertorio
592 3680 2906 3772 Mana — (senza rispondere si mette role fanno peggio abcora! Le parole di gli occhi seintillantie con voce vibra¬
895 3726 2529 3784 ioschil. una sallta come te.# ehe fanno peggio ta) Tacete! Tacete!
2333 3751 2905 3849 eon vielenzal Parla tu al¬
