3484 4256
434 171 810 245 Liebelei
262 164 1400 284 5. „ box 12/7
435 1156 1365 1244 #s And im Orchester herrschie gute Stimm
366 1208 1396 1286 Kapellmeister Dr. Böhm war so einsichtsvoll gewor¬
357 1258 1380 1325 den, daß er wenigstens den Brauichor gemessener und
355 1304 1395 1370 feierlich=bewegter nahm. Das Haus war übervoll und
360 1356 1398 1404 am Schlusse wurden die Darsteller immer wieder vor
1012 1391 1361 1453 Julius Schuch.
366 1400 829 1469 die Rampe getrommelt.
418 1446 1395 1494 (Schauspielhaus.) Schnitzlers „Liebelei“. — Herr
937 1474 1393 1542 Lobheimer ver¬
358 1494 796 1554 Effenberger
367 1531 1388 1582 zeiht man manches, was man dem Leander ankreiden
355 1573 1391 1634 muß, oder mit anderen Worten: Ein leichthin liebelnder
362 1601 1407 1673 Wiener darf undeutlicher und weniger einwandfrei
365 1665 1404 1724 sprechen als ein klassischer Grieche. Herr Effenberger
354 1684 1404 1760 war also nicht gerade besser, sondern die Rolle ist leich¬
353 1742 1392 1808 ter annehmbar zu geben. Im zweiten Akt freilich (sonst
364 1783 1398 1846 hat der Fritz überhaupt nicht viel zu tun) hätten wir
361 1822 1403 1892 gerne mehr Tonunterschiede gehört, mehr Leben ge¬
358 1875 1387 1937 spürt, damit nicht ales nur die Mizi (Frau Weiser)
356 1909 1409 1988 und die Christin (Frau Imle) allein machen müßten.
369 1959 1391 2021 Gute Augenblicke (besonders, im Anfang) sollen nicht
369 2004 1399 2063 übersehen werden, aber sie konnten die mangelnd¬
361 2040 1415 2110 Durchlebtheit und Reife dieser Darsiellung nicht er¬
374 2097 1383 2157 setzen. Also: Lernen und werden. Dazu ist man schließ¬
372 2126 1399 2186 lich jung. — Im übrigen ergriff Frou Imle in der
374 2179 1403 2236 Schlußszene der „Liebelei“ durch vollendete Darstellung
362 2222 1412 2295 mid unterhielt Fran Weiser im „Abschiedssouper“ in
1216 2267 1349 2319 —er—
361 2278 787 2332 drolligstem übermut.
434 2286 1412 2376 (Abschiedsabend Else Godeck.) Das von unserer
367 2354 1399 2416 Bühne scheidende, äußerst verdienstvolle Mitglied Frau
368 2407 1400 2463 Else Godeck gibt am Dienstag den 11. d. M. ihren
373 2442 1381 2509 Abschiedsabend. Frau Godeck wird u. a. „Aases Tod“
366 2495 1398 2548 aus „Peer Gynt“ von Ibsen mit der Musik von Grieg
377 2517 1402 2597 (Kapellmeister Markowitz), ferner die entzückende No¬
383 2564 1404 2644 velle von Bartsch „Die Schauer im Dan Giovanni“ so¬
442 2625 1311 2794 Nann Pnong Terrcl
2205 1034 2530 1125 „Liebelei“.
2048 1096 2875 1176 Schauspeel von-Sehur Schnitler.
1649 1108 1903 1210 10 5#l. 152
2719 1146 2884 1205 22.
1908 1152 2560 1229 Zur Aufführung im Stadtkheire
1814 1178 2985 1260 Wen je einer das saule Seelenleben des Wienertums vor dem
1761 1237 2980 1313 Kriege treffend zu schildern verstand, wie es, durchtränkt von läh¬
1766 1278 2987 1346 mendem Erotismus, weicher zu einem Zug ins Große, noch über¬
1755 1305 2992 1367 haupt zu einer starken Tat reif werden konnte, so ist das Schnitz¬
1761 1338 2996 1416 ler. Dieses Wienertum, in Liebenswürdigkeit demoralisiert bis
1759 1382 3000 1450 auf die Knochen, war dem Verfall verschrieben, lange ehe literarisch
1766 1418 2992 1514 die Erkenntnis dieses Zustandes erwuchs und der Schriftsteller als
1778 1460 2996 1540 Arzt seine Sonde anlegte und zu operieren begann. Es war
1776 1532 1950 1592 zu spät.
1837 1520 2993 1627 Schnitzler selbst mußte sich zum Arzt erst emporbilden. Noch
1768 1567 3003 1644 im „Anatol“ umfängt ihn selbst die ganze Frivolität des Stoffes,
1770 1620 2997 1690 noch hat er nicht jene Tistanz zum Thema, jene Sachlichkeit er¬
1768 1653 3001 1717 rungen, die seine Kunst später auf eine höhere Stufe hebt, ihr
1771 1677 3010 1751 moralische Werte schenkt. Anders in der „Liebelei . In zwei
1770 1722 3006 1807 Jahren hat Schnitzler den Weg von zynischer Schilderung zu einer
1790 1766 3003 1845 ethischen Auffassung und Behandlung des Stoffes gesunden.
1658 1777 1713 1845 7
1792 1803 3001 1883 „Liebelei“ ist eine schweie Anklage des Dichters gegen unsere
1669 1837 1718 1888 4
1787 1853 3005 1924 männliche Jugend, die in allzuleichter Auffassung. des Themas
1661 1874 1781 1931 22
1788 1908 2980 2027 egan
1677 1944 1779 2021 2
2387 1971 2815 2036 Akenöblatt
2914 2023 2987 2066 —.—
1768 2053 3039 2126 „Liebe“ schon manches Menschenleben zerbrochen hat. Was auf der 1
1762 2094 2982 2169 einen Seite leichtlebiges Spiel ist, wird auf der anderen tiefes Er¬
1756 2119 3030 2200 leben und Schicksal. So wächst aus dem schillernden Milieu vor=
1762 2180 2989 2246 nehmen und dekadenten Wiener Junggesellentums eine erschütternde
1759 2219 3029 2284 Tragödie, die im hohen Stübchen armer Musikerleute in einem be=sk
1759 2255 3000 2325 scheidenen Bezirke ihren Abschluß findet. Der Tod löst zweifach den
1752 2289 2978 2359 Konflikt und breitet seine versöhnenden Fittiche über ein Elend,
1766 2334 2978 2381 das seinen Grund in mangelndem Lebensernst einer leichtsinnigen
2979 2348 3044 2395 9
1754 2368 3028 2442 Jugend und im. Fehlen jeden Verantwortlichkeitsgefühles dem;
1757 2425 2585 2472 Leben und dem Mitmenschen gegenüber hat.
1814 2453 3040 2520 Die Aufführung war gut und fand mit Recht vollen Beifall. v
1765 2492 3030 2559 Erika Deutelmoser, im ersten Akt im Spiel noch etwas be¬#
1763 2533 3048 2582 fangen und daher zurückhaltend, wuchs später zusehends in ihrersu
1762 2572 2984 2632 Rolle. In der pathetischen Szene des dritten Aktes, als Christiane
1761 2605 3022 2669 den Tod Fritzens erfährt, steigerte sich ihre Kunst zu wirksamer, er= b.
1760 2655 2974 2711 schütternder Kraft. Die fröhliche leichtlebige Freundin Mitzi wußte
2973 2668 3035 2710 t#
1758 2691 3020 2747 Fräulein Agel trefflich zu bringen, sie gab den ersten Akt mit dem 12#
1754 2715 3041 2804 Doppelstelldichein in Fritzens Junggesellenwohnung Leben undsd
1755 2767 2981 2824 Farbe. Rudolf Ferstl als Fritz und Artur Duniecki als sein
1758 2803 3035 2867 leichtsinniger Freund waren gut. Herr Ferstl hätte den Fritz wohl g
1762 2840 3032 2895 etwas leichter geben können. Das Verhaltnis zu Cristine darf für g
1755 2884 2971 2927 ihn nicht mehr als eine Liebelei sein, wenn es auch am Ende an¬
2971 2902 3036 2945 n
1759 2922 3028 2984 gesichts der Trennung und der Todesgefahr an Innigkeit gewinnts##
1762 2958 3018 3017 Gut gab Fräulein Köcht die schwatzhafte Frau Binder und ein=8
1748 2998 3039 3067 drucksvoll war Herr Lermer in der kurzen aber schicksalsschweren
1750 3027 3023 3107 Rolle die der Dichter ganz unpersönlich als „Ein Herr“ bezeichnet.
1756 3070 2970 3110 Herr Gebhard wuße den Vater Weiringer, der mehr von Schillers
1760 3104 2975 3175 Musikers Miller als von Hebbels Meister Anton hat, keine rechte
1747 3140 2164 3208 Lebenskraft zu geben
2770 3154 2923 3218 A. S.
