3436 4256
1175 94 2077 195 weche, weit unser Probulienspragranm heraus¬
2087 131 2996 198 produktionofirma finanziell zur Verfügung stehen.
1165 165 2081 235 kommt, sein werden!“ Dieser Stoßseufzer entrang
2131 178 2990 246 Zu einem großen historischen Ausstattungsfilm
1178 215 2082 285 sich der gequälten Brust des mir befreundeten
2086 229 3002 298 gehört natürlich weit mehr Kapital, als zu einem
1168 259 2065 324 Dramaturgen und Lektors einer der größten euro¬
2091 283 3003 347 modernen Durchschnittolustspiel. Ferner aber misssen
1168 304 2082 385 päischen Filmgssellschaften. Der Arme hat mit
2085 334 2991 398 sich die Drehbuchautoren nach der Zahl der in der
1176 356 2081 424 seinem am friedlichen Stammkasseehaustisch aus¬
2083 376 3006 450 Kalkulation des Films eingesetzten sogenannten
1166 411 2079 479 gebrochenen Ohermachtsschrei jäh ein Problem an¬
2083 428 3001 486 Ateliertage richten, denn ein bestimmter zur Ver¬
1166 460 2077 530 geschnitten, das Tausenden am Herzen liegt und
2092 485 3006 544 fügung stehender Betrag darf nicht überschritten
1164 504 2077 565 noch nie mit der Offenheit geklärt wurde, die im
2092 536 2998 589 werden. Man hat beispielsweise 14 Ateliertage zur
1172 563 2079 632 Interesse der Beteiligten selbst sehr wehl längst am
2091 572 3004 648 Verfügung, und muß nun bei der Abfassung der
1185 610 1596 686 Platze gewesen wäre.
2075 602 3006 689 Drehbuches möglichst Schauplätze wählen, deren
1226 637 2082 733 Seit Jahren schon werden die Filmfirmen
2080 683 3006 747 bautechnische Hunstellung möglichst wenig Zeit und
1170 713 2074 781 aller Herren Länder täglich mit Laienmanuskripten,
2093 722 2403 792 Platz erfordert.
1179 761 2087 830 entwürsen,  vorschlägen und Ideen, ja — sogar
2135 734 3000 824 Ein Laienantor würde, aus dem Vollen
1170 803 2086 873 mit kompletten Drehbüchern überschüttet. Kein
2088 804 2995 873 schöpfend, wahrscheinlich gigantische Bauten oder
1181 846 2081 919 Tag vergeht, an dem nicht die Post oder oftmals
2087 854 2998 931 wenigstens prunkvolle Räume 'n riesiger Zahl vor¬
1182 912 2073 963 auch Boten und nicht selten die Autoren selbst ge¬
2097 904 3006 971 schreiben. Der derufsmänige Drehbuch#intor muß
1184 945 2086 1002 waltige Manuskriptsolianten auf die Tische der
2100 969 3002 1021 sich mit weit weniger Ambitionen absinden, sich den
1182 995 2087 1062 Filmdramaturgen deponieren. Es hat keinen Sinn,
2095 1004 3015 1069 Verhältnissen anpassen und oft Konzessionen
1183 1041 2096 1101 den zahllosen Laien und Schrifrstellern, die sich
2102 1048 3009 1116 machen, zu denen sich ein Laienautor nie und
1171 1093 2089 1150 zum Filmauter derufen füchlen, immer wieder zu
2105 1110 3016 1171 nimmer bereitfinden würde. Auf diese Weise bleibt
1186 1143 2100 1204 erklären, daß für eine Annahme ihres oft unter
2090 1149 3015 1215 von einem Originalmanuskriptentwurf fehr oft recht
1179 1176 3008 1259 Schweiß und viel Arbeit entstondenen Fabrikats wenig übrig. Aber die Umstände erforder äußerste
1175 1253 3006 1314 nicht die mindeste Aussicht besteht. Sie wollen es Sparsamseit, und nur der Filmfachmann ist in der
1188 1285 3014 1359 nicht glauben und haben eigentlsch auch wenig Lage, am richtigen Plaßz mit Aufwand zu sparen.
1182 1333 2100 1402 Anlaß dazu: denn von Zeit zu Zeit wird immer
2149 1353 3006 1414 Was nun die Wahl der Stoffe selbst anbetrifft,
1180 1382 2089 1455 wieder verbreitet, daß Anregungen aus dem Pu¬
2094 1383 3019 1460 so greift die Filmindustrie nicht ohne Grund
1178 1426 2090 1500 blikum durchaus erwünscht seien, daß es so
2106 1435 3008 1495 immer wieder auf bewährte ältere Vorlagen zurück.
1189 1488 2093 1555 manchem Laien gelungen sei, den Weg zur Dreh¬
2091 1480 3007 1566 Unsterbliche, klassische Stoffe aus der großen Welt¬
1183 1528 2090 1606 buchterstellung zu finden und was dergleichen
2095 1514 3010 1610 literatur (wie „Wilhelm Tell“, „Die Jungfrau von
1180 1578 2091 1634 Irrtümer mehr sins. Nicht immer sind es nur
2099 1584 3021 1649 Orleans“, „Quo vadis?“, „Die Passion“) werden
1179 1623 2095 1712 fromme Lügen, die solche Irrtümer verbreiten. Oft
2097 1629 3021 1693 ebensogern zu wiederholten Malen verfilmt wie
1185 1672 2094 1736 steckt auch irgend ein Schwindelunternehmen da¬
2106 1688 3022 1751 sturmecprobte Erfolgsstories („Dev Graf von Monte
1179 1738 2095 1798 hinter, deren Drahtzier auf die Ahnungs¬
2092 1726 3019 1801 Christo“ „Alraune“, „Der Studeni von Prag“,
1197 1765 2035 1841 losigkeit und — auf das Geld abgesehen haben.
2102 1769 3020 1847 „Der Hund von Baskerville') und moderne
1239 1820 3027 1882 Sind Filmideen von Laien überhaupt ver¬ Theaterstücke und Romane („Die Heilige und ihr
2101 1868 3019 1950 Narr“, „Liebelei“, „Der Katzensteg usw.). Auch
1185 1874 2096 1955 wertbar? Der Verfasser dieses Aufsatzes, der
2106 1917 3028 1997 populärer Ereigtisse aus der Welbeschichte hat sich
1188 1924 2099 2011 jahrelang ale Dramaturg und Regisseur in be¬
1194 1967 3017 2062 deutenden europäischen Filmgesellschaften tätig ge= die Filmindustrie zur Destillierung von Kino=Sen¬
2096 2013 3019 2078 sationen sehr oft bedient, man denke nur an die
1188 2034 2102 2093 wesen ist, beantwortet diese für viele Tausende
2106 2054 3024 2127 Ereignisse um König Friedrich II. von Preusen
1196 2079 2089 2143 schicksalsschwere Frage mit einem festen „Nein!“.
2104 2118 3015 2180 („Friedericus Rex“), an die Historien um Rapeleen,
1188 2123 2100 2183 Gewiß mag es in zwei oder drei unwesentlichen
2101 2149 3027 2229 an die Figuren der Mesdames Dubarry und Pom¬
1186 2186 2095 2249 Einzefällen vorgekommen sein, daß diese oder jene
2110 2215 3031 2281 padour, an Rasputin und andere historische Per¬
1186 2223 2093 2277 aus dem Publikum gekommene Anregung von einer
2100 2260 3028 2345 sönlichkeiten. Stoffe und anekdotische Erzählungen
1196 2274 2093 2350 Filmgesellschaft aufgegriffen und tatsächlich ver¬
2106 2313 3035 2370 aus dem Dasein historischer Persönlichkeiten als
1199 2316 2097 2392 wendet wurde. In den meisten dieser Fälle jedoch
2109 2339 3053 2420 Filmvorwurf rorzuschlagen, ist für einen Film¬!
1199 2364 2090 2451 hat der unglückselige Autor entweder nichts für
2104 2402 3030 2475 fremden ein aussichtsloses Beginnen, weil selbst
1198 2426 2103 2484 seine Idee erhalten, oder aber er sah sie später im
1208 2453 3017 2529 fertigen Film derart verstümmelt und verunstaltet, bei erlaubtem Vorbehalt einer sogenannten „Op¬
2105 2510 3027 2581 tionsfrist“ die betreffende Filmgesellschaft deren
1196 2522 2103 2581 daß er sein eigenes Kind nicht mehr erkannte.
2111 2544 3015 2626 Ablauf einfach abwarten würde, um sich dann det
1194 2561 2099 2641 Ist es also festgestelltermaßen so gut wie aus¬
2110 2604 2788 2672 Vorschlages spesenfrei zu bedienen.
1191 2609 2105 2674 geschlossen, daß die Idee eines Filmfachfremden
2160 2635 3030 2704 Was also kann der Laie als Filmschriftsteller
1199 2656 2110 2730 Verwendung findet, so ist es natürlich ganz und
2114 2689 3018 2752 wirklich erreichen? So gut wie nichts, muß eine
1198 2696 2110 2768 gar unmöglich, daß die Filmindustrie komplette
2108 2747 3022 2804 offenherzige Antwort lauten. Die Industrie bleibt
1194 2759 2098 2839 Szenerien und gar Drehbüicher von Laien ver¬
2112 2796 3025 2849 ihm auch dann verschlossen, wenn er den besten
1194 2810 1484 2873 wenden kann.
2115 2828 3031 2904 Vorschlag per Welt machn würde (was übrigens
1242 2840 2106 2927 Der Filmfachfremde, selbst wenn er (und das
2122 2899 3035 2951 bei Leuten außerhalb der Filmwelt gar nicht ein¬
1198 2909 2110 2969 sind die schwierigen Fälle für den Dramaturgen!)
2115 2931 3035 3004 mal ausgeschlossen ist!) — es sei denn, daß es ihm
1208 2964 2105 3019 Berufsschriftsteller ist, kann ein gebrauchsfertiges
2123 2979 3030 3051 gelingt, aus seiner Idee ein hervorragendes
1195 3007 2102 3064 Filmdrehbuch unter gar keinen Umständen
2112 3027 3027 3093 Bühnenstück oder einen Roman zu machen. Haben
1197 3056 2109 3130 schreiben. Jedes Drehbuch ist eine Gemeinschafts¬
2118 3080 3034 3137 diese Werke Erfolg, dann melden sich die Fum¬
1193 3106 2108 3161 arbeit von oft fünf und mehr Fachleuten, die über
2123 3131 3035 3190 interessenten allein. Und dann ist der Verfasser in
1197 3149 2102 3224 jeder einzelnen Szene tagelang grübeln und allein
2123 3168 3050 3252 der glücklichen Lage, Ansprüche selbst künstlerischer
1207 3196 2110 3265 die technischen Bedingungen kennen, unter denen
2118 3227 2629 3290 Natur stellen zu können.
1199 3249 2101 3326 die Verfilmung dieser oder jener Szene überhaupt
2162 3267 3033 3334 Denn: die Filmindustrie ist in erster Linie eben
1206 3295 2114 3373 möglich ist. Es mag, wie gesagt, vorgekommen sein,
2121 3298 3028 3382 eine Industrie. Sie besieht aus ziemlich nüchtern
1201 3342 2105 3428 daß der Entwurf eines Laien Verwendung fand
2121 3360 3025 3433 denkenden und gewitzigten Geschäftsleuten, die mit
1205 3389 2112 3454 In einem solchen Falle aber hat es sich fast immer
2117 3417 3040 3484 bekannten Namen wie mit einem Markenartikel
1214 3442 2106 3509 um irgendeine Persönlichkeit — wenn nicht um
2119 3472 3023 3527 operieren. Solange einer keinen Namen hat,
1213 3489 2104 3569 eine Protektionsangelegenheit gehandelt. Die oft
2128 3503 3032 3580 kommt er für die Filmindustrie nicht in Frage.
1210 3539 2106 3618 stattgefundene Verfilmung von Romanen und
2120 3555 3043 3613 Und wenn er Shakespeare d. J. in Person wäre
1213 3583 2115 3676 Novellen fällt selbstverständlich nicht unter diese
1209 3646 1471 3725 Feststellung.
1256 3664 2115 3751 Wie entsteht ein Filmdrehbuch nun eigentlich
2243 3694 2904 3788 Unterrichts=Mitteilungen.
1202 3747 2124 3815 wirklich? Lachen Sie nicht, wenn Sie die nachfol¬
2460 3748 2676 3830 (Entgelich).
1208 3771 2156 3861 gende sehr plausible, vielleicht desillusicnierende
2179 3805 3040 3879 Frau Berta Volckmar, staatlich geprüfte
1205 3837 2123 3915 blitzeinfache Erklärung lesen. Werfen Sie bitte Ihre
2118 3857 3039 3916 Klavierlehrerin, nimmt ab 15. September ihren
1217 3888 2113 3950 Ideale nicht über Bord und verzweifeln Sie bitte
2122 3896 3031 3950 Unterricht wieder auf. Graz, Burgring 16,
2839 3930 3005 3994 U 1627
1208 3932 2332 4011 nicht an der künstlerischen und kulturellen Sendung 12. Stock.
