3436 4224
385 169 793 258 Liebelei
881 170 1370 282 box 11/2
203 180 832 301 5. Laseef
204 1608 3317 1662 gut. Gänzlich vergriff sich Fräulein Schweik=[Rüthling mit Verständnis. Was eben an der simmer ernster werdende Rolle. Man denke an den
1250 1646 3321 1719 Leistung des Herrn Beraun getadelt wurde, hat„Parazelsus“, an die „Letzten Masken“, an die
206 1678 1271 1734 hardt. Sie spielte eine bissige Zange aus der
1242 1709 3306 1781 freilich auch in Bezug auf das Zusammenspiel Gel=ersten Einakter in den geisvollen „Marionetten“
213 1721 1266 1782 Posse. In ihren Reden hätte viel weniger Bos¬
3245 1749 3314 1817 9.
2270 1751 3300 1819 („Der tapfere Kassian“ und „Der Puppenspieler“)
1252 1759 2286 1832 tung. Schon bei dem ersten grellen Ton der Klingel
208 1771 1257 1844 heit und viel mehr Wohlwollen liegen sollen. Der
2266 1794 3308 1863 schließlich an den „Grünen Kakadu“, in dem Schein
1261 1814 2284 1869 muß der Zuschauer dasGefühl erhalten, daß vor dem
217 1819 1262 1884 „Herr“ des Herrn Schroth — eine kleine, aber
2266 1830 3319 1916 und Sein ganz ineinander fließen, in dem die
1242 1856 2276 1917 behaglichen Heim der Studenten drohend das
208 1869 1268 1931 sehr bedeutungsvolle Rolle, in der einst Mitter¬
2268 1893 3313 1965 Menschen plötzlich als furchtbaren Ernst kenzen
1262 1918 2284 1976 Schicksal steht. Nach dem Abgange des „fremden
217 1918 1258 1976 wurzer Aufsehen erregte — war recht interessant.
2268 1944 3321 2025 lernen, was sie als loses Spiel zu inszenieren
1250 1956 2288 2018 Herrn“ muß eine neue Stimmung, der Eindruck
207 1967 1256 2034 Dadurch, daß der Schauspieler seine Äußerungen
2265 1989 2477 2062 meinen.
1248 2007 2285 2065 unrettbar gestörter Unterhaltung, an Stelle unbe¬
217 2013 1259 2070 durch lange Pausen trennte, in denen er nur das
2321 2022 3321 2117 Frau Niese spielte die Annie mit dem köst¬
215 2046 2291 2119 Auge sprechen ließ, kam der nötige unheimliche fangenen, ungetrübten Vergnügens vermittelt wer¬
2257 2070 3330 2142 lichen Übermut eines derben Clowns. Innerhalb
214 2116 1375 2179 Zug in die Gestalt. Nur die Gebärde des Ekels muß den.
1309 2136 3315 2213 Das „Abschiedssouper“ ist das derbste des „Abschiedssoupers“ war diese Auffassung völlig
206 2163 1267 2221 deutlicher werden, als er die Frauenhüte erblickt;
2284 2192 3321 2254 gerechtfertigt, ebenso wie die, welche Herr
220 2181 2280 2273 er erkennt daraus, daß seine Gattin dem Verführer Glied in der wunderbar fein gearbeiteten Kette
2277 2238 3311 2310 Schroth dem Anatol gab. Wer den ganzen
223 2259 2283 2314 nur ein flüchtiges Genußobjekt war. Das scheint der „Anatol“=Szenen. Heiter und fröhlich wird
2269 2298 3322 2365 Zyklus kennt, wird freilich mit beiden Darstellun¬
213 2293 2284 2373 ihm das Unverzeihlichste (ein Motiv, das Schnitz= hier ein Motiv angeschlagen, das in späteren
1254 2335 3314 2402 Werken Artur Schnitzlers immer ernster und tief=gen nicht so einverstanden sein. Der melancholische,
214 2344 1275 2433 ler auch in der „Gefährtin“, in der „Frau des
216 2389 3321 2477 Weisen“ und in „Frau Vertha Garlan“ anschlägt). sinniger behandelt wird. Das Thema: „Du glaubst müde Anatol, der in jedem Weibe ein Ideal sieht,
2269 2434 3315 2490 weil er in jedes etwas von seiner weichen Seele
1252 2439 2290 2508 zu schieben und wirst geschoben“, findet hier einen
216 2451 1273 2521 Auch könnte Herr Schroth die Wirkung seiner
2279 2472 3313 2546 hinüberträumt, wäre er durch diese tolle, urwüch¬
1254 2496 2288 2567 ganz harmlos lustigen Ausdruck. Anatol gibt seiner
215 2507 1272 2566 hübschen Leistung noch steigern, wenn er in der Maske
1256 2529 3320 2615 Geliebten ein Abschisdsmahl. Dabei will er ihrsige, lärmende, fast rohe Lustigkeit je zu fesseln
218 2546 1279 2626 den glatten Typus „schöner, eleganter Mann“ zu
2268 2571 3317 2646 gewesen? Anatols Freund mit seinem kühlen Witz
1261 2589 2284 2655 verkünden, daß sein Herz nicht mehr ihr gehört.
226 2584 1272 2657 Gunsten einer möglichst ernsten und harten Männ¬
1255 2628 3319 2701 In selbstbewußter Berechnnung der psychischen Reak= und gesunden Urteil wurde durch Herrn Beraun
231 2638 1280 2715 lichkeit zurücktreten läßt. Jugendlich soll der „Herr“
2277 2678 3318 2746 sehr gut vertreten. Das Publikum folgte beiden
225 2692 2285 2754 nicht aussehen; lieber etwas ergrautes Haar antion, die bei der Entthronten auf die schmerzliche
223 2753 3317 2811 den Schläfen. Herr Berann entsprach den An=Nachricht hin unbedingt erfolgen muß, geht Ana= Stücken mit wärmstem Anteil. Es fiel höchstens
2283 2774 3320 2848 auf, daß die heiteren Stellen in der „Liebelei“ nicht
1267 2791 2289 2849 tol bei dieser Aktion sehr feierlich, förmlich und
238 2791 1272 2864 forderungen des ernsten wie des heiteren Teiles
1269 2827 3314 2902 schwerfällig vor. Aber es kommt nicht zu dem er= in erster Linie als wirksamer Gegensatz zum Tra¬
237 2844 1276 2922 seiner Rolle. Nur hätte ein stärkerer Unterschied
1256 2874 3317 2955 warteten Eindruck. Die Geliebte kam selbst nur, gischen, nicht so sehr als vielsagende Dissonanzen,
226 2883 1264 2964 zwischen der unbefangenen Fröhlichkeit vor dem
1255 2903 3315 2989 um Anatol den Abschied zu geben. In den sväteren ssondern mehr um ihrer selbst willen, mit etwas
232 2945 1277 3013 Zwischenfalle und der gemachten, mehr von Ironie
221 2974 3195 3068 getragenen Lustigkeit nachher deutlich werden Werken Schnitzlers spielt dieses Motiv der Um- zu viel Dankbarkeit hingenommen wurden.
2829 3012 3284 3102 Dr. Alfred Möller.
224 3049 2341 3119 müssen. Die Aufführung leitete Herr Oberregisseur kehrung des Erwarteten oder Gewollten eine
