<?xml version="1.0" encoding="UTF-8" standalone="yes"?>
<PcGts xmlns="http://schema.primaresearch.org/PAGE/gts/pagecontent/2013-07-15" xmlns:xsi="http://www.w3.org/2001/XMLSchema-instance" xsi:schemaLocation="http://schema.primaresearch.org/PAGE/gts/pagecontent/2013-07-15 http://schema.primaresearch.org/PAGE/gts/pagecontent/2013-07-15/pagecontent.xsd">
    <Metadata>
        <Creator>prov=University of Rostock/Institute of Mathematics/CITlab/Gundram Leifert/gundram.leifert@uni-rostock.de:name=ONB_Newseye_GT_M1+(htr_id=10810)::::v=2.4.2
prov=University of Rostock/Institute of Mathematics/CITlab/Tobias Gruening/tobias.gruening@uni-rostock.de:name=de.uros.citlab.module.baseline2polygon.B2PSeamMultiOriented:v=2.4.2
prov=University of Rostock/Institute of Mathematics/CITlab/Tobias Gruening/tobias.gruening@uni-rostock.de:name=/mnt/transkribus/LA/DEA/URO/LA_news_onb_att.pb:de.uros.citlab.segmentation.CITlab_LA_ML:v=2.4.2
Transkribus</Creator>
        <Created>2019-10-07T11:49:12.958+02:00</Created>
        <LastChange>2019-10-08T23:43:08.589+02:00</LastChange>
        <TranskribusMetadata docId="223992" pageId="9506621" pageNr="129" tsid="16616540" status="IN_PROGRESS" userId="40391" imgUrl="https://files.transkribus.eu/Get?id=FYNMVJOKGKHAVUTNERFXYAAD&amp;fileType=view" xmlUrl="https://files.transkribus.eu/Get?id=IIZBGWLFYACFUXLRVOYIZONR" imageId="6196602"/>
    </Metadata>
    <Page imageFilename="223992_0129.jpeg" imageWidth="3436" imageHeight="4352">
        <ReadingOrder>
            <OrderedGroup id="ro_1711445679539" caption="Regions reading order">
                <RegionRefIndexed index="0" regionRef="r1"/>
                <RegionRefIndexed index="1" regionRef="r2"/>
            </OrderedGroup>
        </ReadingOrder>
        <TextRegion orientation="0.0" id="r1" custom="readingOrder {index:0;}">
            <Coords points="245,197 245,3810 1476,3810 1476,197"/>
            <TextLine id="r1l1" custom="readingOrder {index:0;}">
                <Coords points="467,224 509,234 592,234 616,226 635,235 715,232 716,168 682,163 650,180 618,166 600,174 578,164 535,186 493,162 468,160"/>
                <Baseline points="475,221 500,221 526,220 552,220 578,220 603,221 629,221 655,221 681,221 707,222"/>
                <TextEquiv>
                    <Unicode>iebel</Unicode>
                </TextEquiv>
            </TextLine>
            <TextLine id="r1l2" custom="readingOrder {index:1;}">
                <Coords points="956,240 1024,229 1092,247 1163,225 1218,245 1314,230 1363,243 1363,169 1219,160 1144,199 1118,180 1078,190 1037,179 1013,157 955,176"/>
                <Baseline points="963,224 989,224 1015,225 1041,225 1067,226 1093,226 1119,227 1145,227 1172,228 1198,227 1224,227 1250,226 1276,225 1302,224 1328,222 1355,219"/>
                <TextEquiv>
                    <Unicode>box 10/1</Unicode>
                </TextEquiv>
            </TextLine>
            <TextLine id="r1l3" custom="readingOrder {index:2;}">
                <Coords points="262,241 344,233 390,254 582,255 655,274 691,253 772,264 850,237 850,219 781,189 724,227 535,228 497,225 438,166 360,194 326,163 265,164"/>
                <Baseline points="272,217 300,222 329,228 357,233 386,236 414,239 443,242 471,245 500,246 528,248 557,249 585,249 614,249 642,249 671,249 699,248 728,248 756,247 785,246 813,246 842,245"/>
                <TextEquiv>
                    <Unicode>5. L.1</Unicode>
                </TextEquiv>
            </TextLine>
            <TextLine id="r1l4" custom="readingOrder {index:3;}">
                <Coords points="576,730 757,745 875,727 932,749 1176,727 1178,660 1130,636 904,628 803,646 716,622 686,637 581,601"/>
                <Baseline points="584,709 613,712 642,713 671,715 700,717 729,719 758,720 788,721 817,722 846,723 875,724 904,724 933,725 962,726 992,727 1021,728 1050,729 1079,730 1108,731 1137,733 1167,735"/>
                <TextEquiv>
                    <Unicode>Bühnenwelt.</Unicode>
                </TextEquiv>
            </TextLine>
            <TextLine id="r1l5" custom="readingOrder {index:4;}">
                <Coords points="675,797 703,795 723,811 757,792 860,811 898,798 920,812 1035,806 1036,768 995,753 897,757 839,731 723,746 678,727"/>
                <Baseline points="684,785 710,786 736,787 763,788 789,790 815,791 842,792 868,794 895,794 921,795 947,796 974,796 1000,795 1027,794"/>
                <TextEquiv>
                    <Unicode>Burgtheater.</Unicode>
                </TextEquiv>
            </TextLine>
            <TextLine id="r1l6" custom="readingOrder {index:5;}">
                <Coords points="382,822 1471,877 1473,802 382,794"/>
                <Baseline points="389,824 442,828 496,831 550,834 603,836 657,839 711,840 764,842 818,843 872,845 926,846 979,847 1033,848 1087,850 1140,851 1194,853 1248,855 1301,857 1355,859 1409,862 1463,864"/>
                <TextEquiv>
                    <Unicode>Akthur Schnitzler schrieb einmal einen reizenden Einacten</Unicode>
                </TextEquiv>
            </TextLine>
            <TextLine id="r1l7" custom="readingOrder {index:6;}">
                <Coords points="268,854 1484,894 269,823"/>
                <Baseline points="275,861 335,865 395,868 455,871 515,873 575,876 635,878 695,880 755,882 815,884 875,886 935,888 995,889 1055,891 1115,892 1175,894 1235,895 1295,897 1355,898 1415,899 1476,900"/>
                <TextEquiv>
                    <Unicode>Episode“; er ist in seinem „Anatol“ enthalten. Anatol, — das ist der</Unicode>
                </TextEquiv>
            </TextLine>
            <TextLine id="r1l8" custom="readingOrder {index:7;}">
                <Coords points="270,916 1475,962 1466,897 272,878"/>
                <Baseline points="278,904 337,907 397,909 456,912 516,914 575,916 635,918 694,919 754,921 813,923 873,925 932,926 992,928 1051,930 1111,931 1170,933 1230,934 1289,936 1349,938 1408,939 1468,941"/>
                <TextEquiv>
                    <Unicode>loderne, künstlerische Lebensgourmand, dem das Denken die Empfindung</Unicode>
                </TextEquiv>
            </TextLine>
            <TextLine id="r1l9" custom="readingOrder {index:8;}">
                <Coords points="278,956 426,943 609,968 645,950 826,979 849,958 970,978 1004,962 977,928 280,918"/>
                <Baseline points="286,940 321,942 357,944 392,945 428,947 463,949 499,950 534,952 570,954 605,955 641,956 676,958 712,959 747,960 783,962 818,963 854,964 889,965 925,966 960,966 996,967"/>
                <TextEquiv>
                    <Unicode>nd sdie Empfindung das Denken verwirrt</Unicode>
                </TextEquiv>
            </TextLine>
            <TextLine id="r1l10" custom="readingOrder {index:9;}">
                <Coords points="1078,958 1123,984 1199,976 1238,989 1314,976 1339,991 1406,982 1476,994 1476,963 1427,947 1285,939 1236,951 1205,932 1166,955 1146,935 1078,937"/>
                <Baseline points="1086,968 1111,969 1136,971 1162,972 1187,972 1213,974 1238,975 1264,976 1289,976 1315,977 1340,978 1366,979 1391,979 1417,980 1442,981 1468,981"/>
                <TextEquiv>
                    <Unicode>der elegante Frauen¬</Unicode>
                </TextEquiv>
            </TextLine>
            <TextLine id="r1l11" custom="readingOrder {index:10;}">
                <Coords points="276,980 1474,1032 1475,992 1407,983 277,956"/>
                <Baseline points="284,981 343,984 402,986 461,989 520,991 579,993 638,995 698,997 757,999 816,1001 875,1003 934,1004 993,1006 1052,1008 1112,1009 1171,1011 1230,1013 1289,1015 1348,1016 1407,1018 1467,1020"/>
                <TextEquiv>
                    <Unicode>iebling Anatol leidet unter dem Gedanken, daß er für immer das</Unicode>
                </TextEquiv>
            </TextLine>
            <TextLine id="r1l12" custom="readingOrder {index:11;}">
                <Coords points="266,1026 1341,1070 1485,1034 268,980"/>
                <Baseline points="274,1021 334,1023 394,1026 454,1027 514,1030 574,1032 634,1034 694,1036 754,1038 814,1041 875,1043 935,1045 995,1047 1055,1049 1115,1051 1175,1053 1235,1054 1295,1056 1355,1057 1415,1059 1476,1060"/>
                <TextEquiv>
                    <Unicode>Lesen eines Mädchens an sich gekettet habe, während sie längst als</Unicode>
                </TextEquiv>
            </TextLine>
            <TextLine id="r1l13" custom="readingOrder {index:12;}">
                <Coords points="272,1064 1476,1101 1467,1061 273,1033"/>
                <Baseline points="280,1060 339,1063 398,1065 458,1067 517,1069 576,1071 636,1073 695,1075 754,1077 814,1079 873,1081 932,1083 992,1085 1051,1087 1110,1089 1170,1091 1229,1093 1288,1095 1348,1097 1407,1100 1467,1102"/>
                <TextEquiv>
                    <Unicode>ine Episode aus seinem Leben verschwunden ist. Er meint, daß sie, wo</Unicode>
                </TextEquiv>
            </TextLine>
            <TextLine id="r1l14" custom="readingOrder {index:13;}">
                <Coords points="272,1110 1476,1140 1394,1100 274,1070"/>
                <Baseline points="280,1101 339,1103 398,1105 458,1107 517,1109 576,1111 636,1113 695,1115 754,1118 814,1120 873,1122 932,1124 992,1126 1051,1128 1110,1130 1170,1132 1229,1134 1288,1136 1348,1137 1407,1139 1467,1141"/>
                <TextEquiv>
                    <Unicode>e auch sei, von der Erinnerung an ihn beherrscht werde, und er schilt</Unicode>
                </TextEquiv>
            </TextLine>
            <TextLine id="r1l15" custom="readingOrder {index:14;}">
                <Coords points="270,1157 1472,1198 1453,1140 272,1110"/>
                <Baseline points="279,1144 338,1145 397,1146 456,1147 516,1149 575,1151 634,1153 694,1155 753,1156 812,1158 872,1160 931,1162 990,1165 1049,1166 1109,1168 1168,1170 1227,1172 1287,1173 1346,1175 1405,1176 1465,1178"/>
                <TextEquiv>
                    <Unicode>ich undankbar und gewissenlos. Bald darauf führt ihn ein Zufall mit</Unicode>
                </TextEquiv>
            </TextLine>
            <TextLine id="r1l16" custom="readingOrder {index:15;}">
                <Coords points="271,1184 1314,1228 1421,1198 272,1149"/>
                <Baseline points="280,1178 336,1180 393,1184 449,1186 506,1188 563,1190 619,1192 676,1194 733,1195 789,1197 846,1199 903,1200 959,1202 1016,1203 1073,1204 1129,1206 1186,1208 1243,1210 1299,1212 1356,1215 1413,1218"/>
                <TextEquiv>
                    <Unicode>er Dame zusammen; sie weiß nicht einmal mehr, wie er heißt.</Unicode>
                </TextEquiv>
            </TextLine>
            <TextLine id="r1l17" custom="readingOrder {index:16;}">
                <Coords points="284,1235 1462,1261 1463,1222 286,1187"/>
                <Baseline points="293,1220 351,1221 409,1222 467,1224 525,1225 583,1227 641,1229 699,1231 757,1233 815,1235 874,1237 932,1239 990,1241 1048,1243 1106,1245 1164,1247 1222,1249 1280,1251 1338,1253 1396,1254 1455,1256"/>
                <TextEquiv>
                    <Unicode>die „Liebelei“ wendet das Motiv. Anatol — er heißt hier Fritz Lobheimer</Unicode>
                </TextEquiv>
            </TextLine>
            <TextLine id="r1l18" custom="readingOrder {index:17;}">
                <Coords points="323,1260 1371,1307 1465,1307 1467,1269 324,1227"/>
                <Baseline points="332,1258 388,1260 444,1261 500,1262 557,1265 613,1267 669,1269 725,1272 782,1274 838,1277 894,1279 950,1282 1007,1284 1063,1286 1119,1289 1175,1290 1232,1292 1288,1294 1344,1295 1400,1296 1457,1296"/>
                <TextEquiv>
                    <Unicode>hat eine Liebelei mit einem Mädel aus der Vorstadt,; für ihn ist</Unicode>
                </TextEquiv>
            </TextLine>
            <TextLine id="r1l19" custom="readingOrder {index:18;}">
                <Coords points="279,1299 1357,1349 1475,1338 1476,1305 280,1257"/>
                <Baseline points="287,1298 346,1300 405,1302 464,1304 523,1306 582,1308 641,1310 700,1312 759,1315 818,1317 877,1319 936,1322 995,1324 1054,1326 1113,1328 1172,1329 1231,1330 1290,1332 1349,1333 1408,1333 1467,1334"/>
                <TextEquiv>
                    <Unicode>aß „süße Mädel“ eine Erholung in dem aufregenden Verhältniß mit</Unicode>
                </TextEquiv>
            </TextLine>
            <TextLine id="r1l20" custom="readingOrder {index:19;}">
                <Coords points="284,1352 1343,1400 1475,1379 1477,1337 286,1306"/>
                <Baseline points="293,1334 351,1337 410,1340 469,1343 527,1347 586,1349 645,1352 703,1354 762,1356 821,1358 880,1360 938,1362 997,1364 1056,1365 1114,1367 1173,1368 1232,1370 1290,1371 1349,1373 1408,1375 1467,1376"/>
                <TextEquiv>
                    <Unicode>ner „dämonischen Frau“. Als er dann in einem Duell wegen dieser</Unicode>
                </TextEquiv>
            </TextLine>
            <TextLine id="r1l21" custom="readingOrder {index:20;}">
                <Coords points="1011,1590 1056,1588 1115,1555 1272,1575 1308,1549 1326,1552 1325,1506 1304,1500 1271,1519 1194,1479 1157,1507 1111,1486 1079,1516 1061,1516 1031,1491 1010,1489"/>
                <Baseline points="1019,1560 1046,1553 1073,1548 1100,1545 1127,1543 1154,1543 1181,1544 1208,1545 1235,1547 1262,1548 1289,1549 1317,1548"/>
                <TextEquiv>
                    <Unicode>HU</Unicode>
                </TextEquiv>
            </TextLine>
            <TextLine id="r1l22" custom="readingOrder {index:21;}">
                <Coords points="256,1749 1437,1770 1473,1711 257,1694"/>
                <Baseline points="263,1742 323,1742 383,1743 443,1743 503,1744 563,1745 623,1746 683,1747 743,1748 803,1750 863,1751 923,1752 983,1753 1043,1754 1103,1755 1163,1756 1223,1757 1283,1758 1343,1758 1403,1759 1464,1759"/>
                <TextEquiv>
                    <Unicode>Dame fällt, und die Christine, sein „süßes Mädel“ so nebenbei von all</Unicode>
                </TextEquiv>
            </TextLine>
            <TextLine id="r1l23" custom="readingOrder {index:22;}">
                <Coords points="259,1778 1388,1814 1478,1783 260,1748"/>
                <Baseline points="267,1782 327,1784 387,1785 447,1786 507,1787 567,1788 627,1789 687,1790 747,1790 807,1791 868,1791 928,1792 988,1792 1048,1793 1108,1794 1168,1795 1228,1796 1288,1797 1348,1798 1408,1799 1469,1801"/>
                <TextEquiv>
                    <Unicode>dem erfährt, da fragt sie: Ja, was war denn dann ich in seinem Leben,</Unicode>
                </TextEquiv>
            </TextLine>
            <TextLine id="r1l24" custom="readingOrder {index:23;}">
                <Coords points="262,1830 1471,1835 1417,1802 263,1782"/>
                <Baseline points="271,1822 330,1822 390,1823 449,1824 509,1825 569,1826 628,1827 688,1828 747,1829 807,1830 867,1831 926,1832 986,1833 1045,1834 1105,1835 1165,1836 1224,1837 1284,1837 1343,1838 1403,1838 1463,1839"/>
                <TextEquiv>
                    <Unicode>wenn er wegen einer anderen in den Tod geht, und wenn man ihn be¬</Unicode>
                </TextEquiv>
            </TextLine>
            <TextLine id="r1l25" custom="readingOrder {index:24;}">
                <Coords points="257,1861 1174,1894 1446,1884 1471,1850 257,1830"/>
                <Baseline points="265,1864 324,1863 384,1863 444,1863 504,1863 564,1864 624,1865 684,1866 744,1868 804,1869 864,1871 923,1872 983,1874 1043,1875 1103,1876 1163,1877 1223,1878 1283,1878 1343,1878 1403,1878 1463,1877"/>
                <TextEquiv>
                    <Unicode>graben kann, ohne daß ich dabei bin? — Diese Frage kommt nur aus</Unicode>
                </TextEquiv>
            </TextLine>
            <TextLine id="r1l26" custom="readingOrder {index:25;}">
                <Coords points="264,1896 1471,1924 1472,1879 265,1864"/>
                <Baseline points="273,1901 332,1901 392,1902 451,1902 511,1903 570,1904 630,1905 689,1906 749,1908 808,1909 868,1911 927,1912 987,1913 1046,1914 1106,1915 1165,1916 1225,1917 1284,1918 1344,1918 1403,1918 1463,1917"/>
                <TextEquiv>
                    <Unicode>dem Herzen eines echten Menschen und eines echten Dichters. Diese</Unicode>
                </TextEquiv>
            </TextLine>
            <TextLine id="r1l27" custom="readingOrder {index:26;}">
                <Coords points="260,1933 1475,1949 1360,1912 261,1894"/>
                <Baseline points="267,1941 330,1941 393,1942 456,1942 519,1943 582,1944 645,1945 708,1947 771,1948 834,1949 898,1950 961,1951 1024,1953 1087,1954 1150,1955 1213,1955 1276,1956 1339,1957 1402,1957 1466,1957"/>
                <TextEquiv>
                    <Unicode>selige Hingabe des Mädels dem der Geliebte die ganze Welt ist und</Unicode>
                </TextEquiv>
            </TextLine>
            <TextLine id="r1l28" custom="readingOrder {index:27;}">
                <Coords points="255,1981 1311,2008 1469,2004 1470,1969 255,1947"/>
                <Baseline points="263,1977 322,1978 382,1979 442,1981 502,1982 562,1983 622,1984 682,1985 742,1986 802,1987 862,1988 921,1989 981,1990 1041,1991 1101,1992 1161,1992 1221,1993 1281,1994 1341,1996 1401,1997 1461,1998"/>
                <TextEquiv>
                    <Unicode>die tändelnde, gedankenlose Liebelei des Mannes — das ist ein ergreifendes</Unicode>
                </TextEquiv>
            </TextLine>
            <TextLine id="r1l29" custom="readingOrder {index:28;}">
                <Coords points="268,2023 1478,2036 1453,1999 268,1981"/>
                <Baseline points="275,2018 334,2018 394,2019 454,2020 514,2021 573,2022 633,2023 693,2024 753,2025 812,2026 872,2027 932,2028 992,2029 1051,2030 1111,2032 1171,2033 1231,2034 1290,2035 1350,2036 1410,2037 1470,2039"/>
                <TextEquiv>
                    <Unicode>Bild, das den Blick tief ins Leben hinabführt. Es ist das Medeaschicksal,</Unicode>
                </TextEquiv>
            </TextLine>
            <TextLine id="r1l30" custom="readingOrder {index:29;}">
                <Coords points="256,2061 1309,2090 1479,2061 256,2024"/>
                <Baseline points="263,2056 323,2057 383,2058 444,2060 504,2061 565,2062 625,2063 685,2064 746,2065 806,2066 867,2068 927,2069 987,2070 1048,2071 1108,2071 1169,2072 1229,2073 1289,2074 1350,2075 1410,2076 1471,2076"/>
                <TextEquiv>
                    <Unicode>in weicherer, stillerer Form: Ich alles und du nichts? So enthält denn</Unicode>
                </TextEquiv>
            </TextLine>
            <TextLine id="r1l31" custom="readingOrder {index:30;}">
                <Coords points="261,2098 1475,2106 1446,2077 262,2066"/>
                <Baseline points="269,2094 328,2095 388,2096 448,2097 508,2098 568,2099 628,2101 688,2102 748,2103 808,2105 868,2106 927,2107 987,2109 1047,2110 1107,2111 1167,2112 1227,2112 1287,2113 1347,2114 1407,2114 1467,2114"/>
                <TextEquiv>
                    <Unicode>die „Liebelei“ eine literarisch und dramatisch herrliche Scene, an die drei</Unicode>
                </TextEquiv>
            </TextLine>
            <TextLine id="r1l32" custom="readingOrder {index:31;}">
                <Coords points="257,2128 1398,2170 1465,2158 1466,2112 257,2096"/>
                <Baseline points="265,2134 324,2135 384,2137 443,2138 503,2139 563,2140 622,2142 682,2143 741,2144 801,2145 861,2146 920,2147 980,2148 1039,2149 1099,2150 1159,2150 1218,2151 1278,2151 1337,2152 1397,2152 1457,2153"/>
                <TextEquiv>
                    <Unicode>Acte noch vorne angehängt sind. In diesen früheren Seenen ereignet sich</Unicode>
                </TextEquiv>
            </TextLine>
            <TextLine id="r1l33" custom="readingOrder {index:32;}">
                <Coords points="257,2177 1478,2186 257,2137"/>
                <Baseline points="264,2178 324,2179 384,2179 444,2179 505,2180 565,2181 625,2182 686,2183 746,2184 806,2185 867,2186 927,2187 987,2188 1047,2189 1108,2190 1168,2191 1228,2191 1289,2192 1349,2193 1409,2193 1470,2193"/>
                <TextEquiv>
                    <Unicode>fast nichts; nicht nur äußerlich, sondern auch innerlich. Sie bringen</Unicode>
                </TextEquiv>
            </TextLine>
            <TextLine id="r1l34" custom="readingOrder {index:33;}">
                <Coords points="258,2226 1468,2241 1469,2193 259,2182"/>
                <Baseline points="267,2218 326,2218 386,2218 446,2219 505,2219 565,2219 625,2220 684,2221 744,2222 804,2223 864,2224 923,2225 983,2226 1043,2227 1102,2228 1162,2229 1222,2230 1281,2231 1341,2232 1401,2233 1461,2234"/>
                <TextEquiv>
                    <Unicode>äußerst anmuthige und fein getönte Stimmungsbilder, wie sie nur einem</Unicode>
                </TextEquiv>
            </TextLine>
            <TextLine id="r1l35" custom="readingOrder {index:34;}">
                <Coords points="253,2265 1468,2285 1468,2240 1428,2235 253,2228"/>
                <Baseline points="261,2256 320,2257 380,2258 440,2259 500,2259 560,2260 620,2261 680,2262 740,2262 800,2263 860,2264 919,2265 979,2266 1039,2267 1099,2268 1159,2269 1219,2270 1279,2271 1339,2273 1399,2274 1459,2276"/>
                <TextEquiv>
                    <Unicode>Künstler von Rang gelingen, aber das Interesse bleibt immer ein ruhig</Unicode>
                </TextEquiv>
            </TextLine>
            <TextLine id="r1l36" custom="readingOrder {index:35;}">
                <Coords points="260,2299 1296,2325 1472,2314 1473,2285 261,2264"/>
                <Baseline points="269,2296 328,2296 388,2296 448,2297 508,2297 567,2298 627,2299 687,2300 747,2301 806,2302 866,2304 926,2305 986,2307 1045,2308 1105,2309 1165,2310 1225,2311 1284,2312 1344,2313 1404,2313 1464,2313"/>
                <TextEquiv>
                    <Unicode>betrachtendes; die Bilder ziehen vorbei und greifen nie tiefer in die</Unicode>
                </TextEquiv>
            </TextLine>
            <TextLine id="r1l37" custom="readingOrder {index:36;}">
                <Coords points="255,2334 1478,2363 1479,2327 1400,2311 256,2310"/>
                <Baseline points="263,2335 323,2335 383,2335 444,2335 504,2336 564,2337 625,2338 685,2339 745,2341 806,2342 866,2344 926,2345 987,2346 1047,2348 1107,2349 1168,2350 1228,2351 1288,2351 1349,2351 1409,2351 1470,2351"/>
                <TextEquiv>
                    <Unicode>Seele. Dabei muß freilich anerkannt werden, daß der Dialog natürlich</Unicode>
                </TextEquiv>
            </TextLine>
            <TextLine id="r1l38" custom="readingOrder {index:37;}">
                <Coords points="254,2372 1240,2407 1440,2397 1467,2354 255,2341"/>
                <Baseline points="262,2374 321,2375 381,2375 441,2376 501,2377 561,2378 620,2379 680,2380 740,2381 800,2382 860,2384 919,2385 979,2386 1039,2387 1099,2388 1159,2388 1218,2389 1278,2389 1338,2389 1398,2389 1458,2388"/>
                <TextEquiv>
                    <Unicode>und charakteristisch ist, und daß es lebendige Menschen sind, die auf der</Unicode>
                </TextEquiv>
            </TextLine>
            <TextLine id="r1l39" custom="readingOrder {index:38;}">
                <Coords points="256,2427 1444,2444 1477,2389 257,2373"/>
                <Baseline points="265,2413 325,2414 385,2414 445,2415 505,2416 565,2417 625,2419 686,2420 746,2421 806,2422 866,2423 926,2424 986,2426 1046,2427 1107,2428 1167,2429 1227,2430 1287,2431 1347,2432 1407,2433 1468,2433"/>
                <TextEquiv>
                    <Unicode>Bühne reden. Aber die Bühne will Bewegung, Kraft, Leidenschaft,</Unicode>
                </TextEquiv>
            </TextLine>
            <TextLine id="r1l40" custom="readingOrder {index:39;}">
                <Coords points="260,2463 1425,2483 1464,2440 260,2423"/>
                <Baseline points="267,2454 326,2455 385,2456 445,2457 504,2458 564,2458 623,2459 682,2460 742,2460 801,2461 861,2461 920,2462 979,2463 1039,2464 1098,2465 1158,2465 1217,2466 1276,2468 1336,2469 1395,2470 1455,2472"/>
                <TextEquiv>
                    <Unicode>und das gibt die „Liebelei“ erst in der letzten Seene. Um wie viel mäch¬</Unicode>
                </TextEquiv>
            </TextLine>
            <TextLine id="r1l41" custom="readingOrder {index:40;}">
                <Coords points="258,2491 1242,2524 1432,2522 1470,2481 258,2464"/>
                <Baseline points="265,2495 324,2496 384,2497 444,2498 504,2498 564,2499 623,2500 683,2500 743,2501 803,2502 863,2502 922,2503 982,2503 1042,2504 1102,2505 1162,2505 1221,2506 1281,2507 1341,2508 1401,2509 1461,2510"/>
                <TextEquiv>
                    <Unicode>tiger schritt da doch „Das Märchen“ über die Scene, wie war</Unicode>
                </TextEquiv>
            </TextLine>
            <TextLine id="r1l42" custom="readingOrder {index:41;}">
                <Coords points="245,2531 1473,2559 1473,2516 1411,2512 246,2491"/>
                <Baseline points="254,2533 314,2534 375,2534 435,2535 496,2536 556,2537 617,2538 677,2539 738,2540 798,2541 859,2542 920,2543 980,2543 1041,2544 1101,2545 1162,2546 1222,2546 1283,2546 1343,2546 1404,2546 1465,2546"/>
                <TextEquiv>
                    <Unicode>da alles Leben und Wärme! — Die „Liebelei“ hat übrigens einen großen</Unicode>
                </TextEquiv>
            </TextLine>
            <TextLine id="r1l43" custom="readingOrder {index:42;}">
                <Coords points="250,2570 1368,2600 1473,2560 250,2528"/>
                <Baseline points="257,2573 317,2573 377,2574 438,2575 498,2576 559,2577 619,2578 679,2579 740,2580 800,2581 861,2582 921,2583 981,2584 1042,2585 1102,2586 1163,2586 1223,2587 1283,2587 1344,2588 1404,2588 1465,2588"/>
                <TextEquiv>
                    <Unicode>Erfolg erworben. Der dritte Act schlug siegreich durch. Und so ist</Unicode>
                </TextEquiv>
            </TextLine>
            <TextLine id="r1l44" custom="readingOrder {index:43;}">
                <Coords points="261,2613 1396,2644 1472,2607 262,2581"/>
                <Baseline points="269,2613 328,2613 388,2614 448,2615 507,2616 567,2617 627,2618 686,2618 746,2619 806,2620 866,2621 925,2622 985,2623 1045,2624 1104,2624 1164,2625 1224,2626 1283,2627 1343,2628 1403,2629 1463,2630"/>
                <TextEquiv>
                    <Unicode>Schnitzler endlich zu verdienten Ehren gekommen. Freilich, diejenigen,</Unicode>
                </TextEquiv>
            </TextLine>
            <TextLine id="r1l45" custom="readingOrder {index:44;}">
                <Coords points="247,2665 1475,2666 1475,2632 247,2623"/>
                <Baseline points="255,2650 315,2652 376,2653 436,2654 497,2655 557,2656 618,2657 678,2658 739,2659 799,2659 860,2660 921,2661 981,2661 1042,2662 1102,2662 1163,2663 1223,2663 1284,2663 1344,2664 1405,2664 1466,2665"/>
                <TextEquiv>
                    <Unicode>die die junge Wiener Literatur nicht erst seit Donnerstag kennen — es</Unicode>
                </TextEquiv>
            </TextLine>
            <TextLine id="r1l46" custom="readingOrder {index:45;}">
                <Coords points="253,2694 1469,2712 1380,2669 253,2659"/>
                <Baseline points="260,2693 320,2693 380,2693 440,2693 500,2693 560,2694 620,2695 680,2695 740,2696 800,2697 860,2698 920,2700 980,2701 1040,2702 1100,2703 1160,2704 1220,2704 1280,2705 1340,2705 1400,2705 1461,2704"/>
                <TextEquiv>
                    <Unicode>sind ihrer nicht Allzuviele — waren von der „Liebelei“ etwas ent¬</Unicode>
                </TextEquiv>
            </TextLine>
            <TextLine id="r1l47" custom="readingOrder {index:46;}">
                <Coords points="252,2738 1454,2760 1466,2720 253,2692"/>
                <Baseline points="260,2731 319,2731 379,2732 439,2732 499,2733 559,2734 619,2735 679,2735 739,2737 799,2738 859,2739 918,2740 978,2741 1038,2742 1098,2743 1158,2744 1218,2745 1278,2746 1338,2746 1398,2747 1458,2747"/>
                <TextEquiv>
                    <Unicode>täuscht. Daß Schnitzler eine feingeurtete Künstlernatur ist, das hat er in</Unicode>
                </TextEquiv>
            </TextLine>
            <TextLine id="r1l48" custom="readingOrder {index:47;}">
                <Coords points="247,2770 1236,2804 1425,2794 1456,2757 247,2738"/>
                <Baseline points="255,2770 314,2770 374,2771 433,2772 493,2772 553,2773 612,2774 672,2775 732,2776 791,2778 851,2778 911,2780 970,2781 1030,2781 1090,2782 1149,2783 1209,2784 1269,2784 1328,2785 1388,2785 1448,2785"/>
                <TextEquiv>
                    <Unicode>den drei Büchern, die bisher von ihm erschienen, unwidersprechlich be¬</Unicode>
                </TextEquiv>
            </TextLine>
            <TextLine id="r1l49" custom="readingOrder {index:48;}">
                <Coords points="249,2817 1468,2831 1443,2786 250,2793"/>
                <Baseline points="258,2807 318,2808 378,2810 438,2811 498,2812 558,2813 618,2814 678,2815 738,2816 798,2817 858,2818 918,2818 978,2819 1038,2820 1098,2821 1158,2822 1218,2823 1278,2824 1338,2825 1398,2826 1459,2828"/>
                <TextEquiv>
                    <Unicode>wiesen. Aber diese Erscheinungen kündeten immer nur einen engen</Unicode>
                </TextEquiv>
            </TextLine>
            <TextLine id="r1l50" custom="readingOrder {index:49;}">
                <Coords points="245,2852 1475,2859 1475,2825 246,2810"/>
                <Baseline points="254,2845 314,2846 375,2847 435,2848 496,2849 557,2851 617,2852 678,2854 738,2855 799,2856 860,2857 920,2859 981,2860 1041,2861 1102,2861 1163,2862 1223,2862 1284,2862 1344,2862 1405,2862 1466,2862"/>
                <TextEquiv>
                    <Unicode>Empfindungskreis aus: „Die Leiden des jungen Anatol“; die</Unicode>
                </TextEquiv>
            </TextLine>
            <TextLine id="r1l51" custom="readingOrder {index:50;}">
                <Coords points="258,2878 1463,2915 1356,2852 1217,2882 258,2863"/>
                <Baseline points="266,2887 325,2887 384,2888 444,2889 503,2889 563,2890 622,2891 681,2892 741,2893 800,2894 860,2895 919,2896 978,2897 1038,2899 1097,2900 1157,2901 1216,2902 1275,2903 1335,2904 1394,2905 1454,2906"/>
                <TextEquiv>
                    <Unicode>Liebelei“ gliederte sich ihnen organisch an. Das war eine Enttäuschung,</Unicode>
                </TextEquiv>
            </TextLine>
            <TextLine id="r1l52" custom="readingOrder {index:51;}">
                <Coords points="240,2915 1367,2961 1474,2944 1475,2907 241,2896"/>
                <Baseline points="248,2925 308,2927 369,2928 430,2929 491,2931 552,2931 613,2933 674,2933 735,2934 796,2935 857,2936 917,2937 978,2938 1039,2938 1100,2939 1161,2940 1222,2941 1283,2942 1344,2943 1405,2944 1466,2945"/>
                <TextEquiv>
                    <Unicode>denn man hatte gehofft, daß Schnitzler endlich den Lebensinhalt seiner</Unicode>
                </TextEquiv>
            </TextLine>
            <TextLine id="r1l53" custom="readingOrder {index:52;}">
                <Coords points="246,2982 1388,2992 1464,2983 1465,2945 247,2934"/>
                <Baseline points="254,2968 314,2969 374,2969 434,2969 494,2970 554,2971 614,2972 674,2973 734,2973 794,2974 855,2975 915,2976 975,2977 1035,2978 1095,2979 1155,2979 1215,2980 1275,2980 1335,2980 1395,2980 1456,2980"/>
                <TextEquiv>
                    <Unicode>Jugendtage überwunden haben werde und der Gestaltung anderer — man</Unicode>
                </TextEquiv>
            </TextLine>
            <TextLine id="r1l54" custom="readingOrder {index:53;}">
                <Coords points="253,3014 1443,3041 1468,3000 253,2979"/>
                <Baseline points="260,3007 323,3008 386,3008 449,3009 512,3010 575,3011 638,3011 701,3012 764,3013 827,3014 891,3014 954,3015 1017,3016 1080,3017 1143,3018 1206,3018 1269,3019 1332,3020 1395,3021 1459,3021"/>
                <TextEquiv>
                    <Unicode>darf wohl auch sagen bedeutsamerer — Lebensformen zustrebe. Anatol</Unicode>
                </TextEquiv>
            </TextLine>
            <TextLine id="r1l55" custom="readingOrder {index:54;}">
                <Coords points="245,3046 1343,3078 1414,3042 245,3014"/>
                <Baseline points="253,3046 310,3047 368,3047 425,3048 483,3048 541,3049 598,3050 656,3050 713,3051 771,3051 829,3052 886,3053 944,3054 1001,3055 1059,3055 1117,3057 1174,3058 1232,3059 1289,3060 1347,3062 1405,3063"/>
                <TextEquiv>
                    <Unicode>bei Sacher — Anatol brustkrank — Anatol vors einem Duell</Unicode>
                </TextEquiv>
            </TextLine>
            <TextLine id="r1l56" custom="readingOrder {index:55;}">
                <Coords points="250,3087 1380,3115 1458,3105 1459,3071 250,3046"/>
                <Baseline points="258,3087 317,3088 377,3088 436,3088 496,3089 556,3090 615,3090 675,3091 734,3092 794,3093 854,3094 913,3095 973,3095 1032,3096 1092,3097 1152,3098 1211,3099 1271,3099 1330,3100 1390,3101 1450,3101"/>
                <TextEquiv>
                    <Unicode>das ist das ganze literarische Menu, das Schnitzler bisher bietet. Aber</Unicode>
                </TextEquiv>
            </TextLine>
            <TextLine id="r1l57" custom="readingOrder {index:56;}">
                <Coords points="243,3128 1460,3157 1443,3102 244,3104"/>
                <Baseline points="252,3125 312,3126 372,3127 432,3128 492,3129 552,3130 612,3130 672,3132 732,3132 792,3133 852,3134 912,3135 972,3136 1032,3137 1092,3138 1152,3139 1212,3140 1272,3140 1332,3141 1392,3142 1452,3142"/>
                <TextEquiv>
                    <Unicode>ein und dasselbe Fleisch, wenn auch verschieden bereitet und garnirt,</Unicode>
                </TextEquiv>
            </TextLine>
            <TextLine id="r1l58" custom="readingOrder {index:57;}">
                <Coords points="245,3174 1375,3196 1456,3191 1457,3156 245,3130"/>
                <Baseline points="253,3164 312,3166 372,3166 432,3167 492,3169 552,3169 611,3170 671,3171 731,3171 791,3172 851,3173 910,3173 970,3174 1030,3175 1090,3176 1150,3177 1209,3178 1269,3180 1329,3181 1389,3183 1449,3185"/>
                <TextEquiv>
                    <Unicode>verdirbt doch den Appetit, und wenn man bei dieser Bewirthung den</Unicode>
                </TextEquiv>
            </TextLine>
            <TextLine id="r1l59" custom="readingOrder {index:58;}">
                <Coords points="238,3190 1191,3234 1455,3232 1456,3190 238,3176"/>
                <Baseline points="246,3205 306,3205 366,3206 426,3206 486,3207 546,3208 606,3209 666,3209 726,3211 786,3212 846,3213 906,3214 966,3215 1026,3216 1086,3217 1146,3218 1206,3219 1266,3220 1326,3221 1386,3221 1447,3222"/>
                <TextEquiv>
                    <Unicode>ersten Bissen im Munde fühlt, dann weiß man schon, was man auf</Unicode>
                </TextEquiv>
            </TextLine>
            <TextLine id="r1l60" custom="readingOrder {index:59;}">
                <Coords points="249,3248 1456,3264 1426,3222 249,3209"/>
                <Baseline points="257,3244 316,3245 376,3246 435,3247 495,3248 554,3249 614,3250 673,3251 733,3251 792,3252 852,3253 912,3254 971,3254 1031,3255 1090,3256 1150,3257 1209,3257 1269,3258 1328,3259 1388,3260 1448,3261"/>
                <TextEquiv>
                    <Unicode>dem Teller hat und ißt ein Bischen verstimmt weiter. Schnitzler muß</Unicode>
                </TextEquiv>
            </TextLine>
            <TextLine id="r1l61" custom="readingOrder {index:60;}">
                <Coords points="248,3298 1467,3299 1467,3264 1356,3255 249,3248"/>
                <Baseline points="256,3283 316,3284 376,3285 436,3285 496,3286 556,3287 616,3288 676,3289 736,3290 796,3291 857,3292 917,3293 977,3294 1037,3296 1097,3296 1157,3297 1217,3298 1277,3299 1337,3300 1397,3300 1458,3301"/>
                <TextEquiv>
                    <Unicode>heraus aus diesem eintönigen Milieu oder er verfällt dem bösesten</Unicode>
                </TextEquiv>
            </TextLine>
            <TextLine id="r1l62" custom="readingOrder {index:61;}">
                <Coords points="239,3335 1019,3351 1102,3341 1103,3301 240,3293"/>
                <Baseline points="248,3320 290,3321 332,3322 375,3322 417,3323 459,3324 502,3325 544,3326 586,3327 629,3328 671,3329 713,3329 756,3330 798,3331 840,3332 883,3332 925,3333 967,3333 1010,3334 1052,3334 1095,3334"/>
                <TextEquiv>
                    <Unicode>Schicksal eines Künstlers: er wird uninteressant.</Unicode>
                </TextEquiv>
            </TextLine>
            <TextLine id="r1l63" custom="readingOrder {index:62;}">
                <Coords points="1150,3331 1169,3328 1196,3346 1314,3348 1327,3337 1378,3355 1423,3338 1466,3350 1466,3312 1415,3301 1391,3312 1345,3308 1335,3318 1299,3301 1220,3293 1180,3312 1150,3307"/>
                <Baseline points="1158,3335 1183,3335 1208,3336 1233,3337 1258,3338 1283,3338 1308,3339 1333,3340 1358,3340 1383,3340 1408,3339 1433,3339 1458,3338"/>
                <TextEquiv>
                    <Unicode>Gespielt wurde</Unicode>
                </TextEquiv>
            </TextLine>
            <TextLine id="r1l64" custom="readingOrder {index:63;}">
                <Coords points="242,3380 1445,3387 1455,3347 243,3320"/>
                <Baseline points="251,3361 310,3362 370,3363 430,3364 490,3365 550,3366 609,3367 669,3368 729,3369 789,3370 849,3371 908,3372 968,3373 1028,3374 1088,3374 1148,3375 1207,3376 1267,3376 1327,3377 1387,3377 1447,3377"/>
                <TextEquiv>
                    <Unicode>vortrefflich. Wenn auch Sonnent hal und Frl. Sandrock</Unicode>
                </TextEquiv>
            </TextLine>
            <TextLine id="r1l65" custom="readingOrder {index:64;}">
                <Coords points="244,3406 1463,3411 1217,3372 245,3376"/>
                <Baseline points="253,3401 313,3402 373,3403 433,3404 493,3405 553,3406 613,3408 673,3409 733,3410 793,3411 854,3412 914,3413 974,3414 1034,3415 1094,3415 1154,3416 1214,3416 1274,3417 1334,3417 1394,3417 1455,3417"/>
                <TextEquiv>
                    <Unicode>die charakteristischen volksthümlichen und wienerischen Züge vermissen</Unicode>
                </TextEquiv>
            </TextLine>
            <TextLine id="r1l66" custom="readingOrder {index:65;}">
                <Coords points="237,3447 1447,3475 1459,3422 237,3404"/>
                <Baseline points="245,3440 305,3441 365,3442 425,3444 486,3445 546,3446 606,3447 666,3448 727,3449 787,3451 847,3451 907,3452 968,3453 1028,3454 1088,3455 1148,3455 1209,3455 1269,3455 1329,3455 1389,3455 1450,3454"/>
                <TextEquiv>
                    <Unicode>ließen, so waren doch beide von einer herzbewegenden Jnnigkeit und</Unicode>
                </TextEquiv>
            </TextLine>
            <TextLine id="r1l67" custom="readingOrder {index:66;}">
                <Coords points="247,3486 1464,3497 1464,3451 248,3453"/>
                <Baseline points="255,3482 315,3483 375,3484 435,3485 495,3486 555,3487 615,3488 675,3489 735,3489 795,3490 855,3491 915,3492 975,3492 1035,3493 1095,3493 1155,3494 1215,3494 1275,3494 1335,3494 1395,3493 1456,3493"/>
                <TextEquiv>
                    <Unicode>Wahrheit. Frl. Kallina war frisch und lebendig und Herr von</Unicode>
                </TextEquiv>
            </TextLine>
            <TextLine id="r1l68" custom="readingOrder {index:67;}">
                <Coords points="244,3540 1427,3547 1460,3506 245,3497"/>
                <Baseline points="252,3519 312,3520 372,3522 432,3523 492,3524 552,3525 612,3526 672,3527 732,3528 792,3530 852,3530 912,3531 972,3532 1032,3533 1092,3533 1152,3533 1212,3534 1272,3534 1332,3534 1392,3533 1452,3533"/>
                <TextEquiv>
                    <Unicode>Zeska bei liebenswürdigstem Humor. Störend wirkte nur Herr</Unicode>
                </TextEquiv>
            </TextLine>
            <TextLine id="r1l69" custom="readingOrder {index:68;}">
                <Coords points="240,3567 1451,3568 1342,3528 241,3530"/>
                <Baseline points="249,3559 308,3561 368,3562 428,3563 487,3564 547,3565 607,3566 666,3567 726,3568 786,3568 846,3569 905,3569 965,3570 1025,3571 1084,3571 1144,3572 1204,3572 1263,3573 1323,3574 1383,3575 1443,3576"/>
                <TextEquiv>
                    <Unicode>Kutschera. Er war trocken und langweilig, statt warm und schwer¬</Unicode>
                </TextEquiv>
            </TextLine>
            <TextLine id="r1l70" custom="readingOrder {index:69;}">
                <Coords points="237,3607 1455,3631 1455,3587 1395,3578 237,3567"/>
                <Baseline points="245,3602 305,3602 365,3601 425,3601 485,3602 545,3602 605,3602 665,3603 725,3604 785,3604 846,3605 906,3606 966,3607 1026,3608 1086,3609 1146,3610 1206,3611 1266,3612 1326,3613 1386,3614 1447,3616"/>
                <TextEquiv>
                    <Unicode>müthig. — Den Beginn des Abends bildetekein Schaupiel von Gia¬</Unicode>
                </TextEquiv>
            </TextLine>
            <TextLine id="r1l71" custom="readingOrder {index:70;}">
                <Coords points="240,3642 1460,3666 1395,3616 241,3610"/>
                <Baseline points="249,3640 309,3640 369,3640 429,3640 489,3641 549,3641 609,3642 670,3643 730,3644 790,3645 850,3646 910,3647 970,3648 1030,3649 1091,3650 1151,3651 1211,3652 1271,3652 1331,3652 1391,3652 1452,3652"/>
                <TextEquiv>
                    <Unicode>cosa „Rechte der Seele“, ein fein gearbeiteter, teperamentvoller</Unicode>
                </TextEquiv>
            </TextLine>
            <TextLine id="r1l72" custom="readingOrder {index:71;}">
                <Coords points="245,3687 1458,3715 1419,3658 245,3640"/>
                <Baseline points="253,3679 312,3680 372,3681 432,3682 492,3683 552,3683 612,3684 671,3685 731,3685 791,3686 851,3687 911,3687 971,3688 1031,3688 1090,3689 1150,3690 1210,3690 1270,3691 1330,3692 1390,3693 1450,3693"/>
                <TextEquiv>
                    <Unicode>Act, der von Frau Hohenfels und Herrn Hartmann virtuos</Unicode>
                </TextEquiv>
            </TextLine>
            <TextLine id="r1l73" custom="readingOrder {index:72;}">
                <Coords points="247,3733 834,3728 834,3695 812,3688 247,3684"/>
                <Baseline points="256,3724 284,3723 313,3723 341,3722 370,3722 398,3722 427,3722 455,3722 484,3722 512,3722 541,3722 569,3722 598,3722 626,3722 655,3723 683,3723 712,3723 740,3723 769,3723 797,3722 826,3722"/>
                <TextEquiv>
                    <Unicode>gespielt, starke Theilnahme weckte.</Unicode>
                </TextEquiv>
            </TextLine>
            <TextLine id="r1l74" custom="readingOrder {index:73;}">
                <Coords points="1327,3733 1345,3734 1354,3745 1365,3737 1379,3747 1403,3745 1416,3761 1427,3754 1436,3754 1439,3724 1427,3725 1417,3717 1407,3717 1400,3708 1393,3708 1378,3695 1344,3705 1330,3701"/>
                <Baseline points="1335,3730 1366,3732 1398,3735 1430,3737"/>
                <TextEquiv>
                    <Unicode>h.</Unicode>
                </TextEquiv>
            </TextLine>
            <TextLine id="r1l75" custom="readingOrder {index:74;}">
                <Coords points="514,3798 829,3779 861,3801 933,3788 1043,3832 1104,3804 1171,3814 1173,3758 1065,3759 987,3723 516,3739"/>
                <Baseline points="522,3794 554,3787 586,3783 618,3778 650,3776 682,3775 714,3775 746,3775 778,3776 810,3778 842,3781 874,3783 906,3786 938,3790 970,3792 1002,3795 1034,3797 1066,3799 1098,3800 1130,3800 1163,3800"/>
                <TextEquiv>
                    <Unicode>De#t#.theater.</Unicode>
                </TextEquiv>
            </TextLine>
            <TextEquiv>
                <Unicode>iebel
box 10/1
5. L.1
Bühnenwelt.
Burgtheater.
Akthur Schnitzler schrieb einmal einen reizenden Einacten
Episode“; er ist in seinem „Anatol“ enthalten. Anatol, — das ist der
loderne, künstlerische Lebensgourmand, dem das Denken die Empfindung
nd sdie Empfindung das Denken verwirrt
der elegante Frauen¬
iebling Anatol leidet unter dem Gedanken, daß er für immer das
Lesen eines Mädchens an sich gekettet habe, während sie längst als
ine Episode aus seinem Leben verschwunden ist. Er meint, daß sie, wo
e auch sei, von der Erinnerung an ihn beherrscht werde, und er schilt
ich undankbar und gewissenlos. Bald darauf führt ihn ein Zufall mit
er Dame zusammen; sie weiß nicht einmal mehr, wie er heißt.
die „Liebelei“ wendet das Motiv. Anatol — er heißt hier Fritz Lobheimer
hat eine Liebelei mit einem Mädel aus der Vorstadt,; für ihn ist
aß „süße Mädel“ eine Erholung in dem aufregenden Verhältniß mit
ner „dämonischen Frau“. Als er dann in einem Duell wegen dieser
HU
Dame fällt, und die Christine, sein „süßes Mädel“ so nebenbei von all
dem erfährt, da fragt sie: Ja, was war denn dann ich in seinem Leben,
wenn er wegen einer anderen in den Tod geht, und wenn man ihn be¬
graben kann, ohne daß ich dabei bin? — Diese Frage kommt nur aus
dem Herzen eines echten Menschen und eines echten Dichters. Diese
selige Hingabe des Mädels dem der Geliebte die ganze Welt ist und
die tändelnde, gedankenlose Liebelei des Mannes — das ist ein ergreifendes
Bild, das den Blick tief ins Leben hinabführt. Es ist das Medeaschicksal,
in weicherer, stillerer Form: Ich alles und du nichts? So enthält denn
die „Liebelei“ eine literarisch und dramatisch herrliche Scene, an die drei
Acte noch vorne angehängt sind. In diesen früheren Seenen ereignet sich
fast nichts; nicht nur äußerlich, sondern auch innerlich. Sie bringen
äußerst anmuthige und fein getönte Stimmungsbilder, wie sie nur einem
Künstler von Rang gelingen, aber das Interesse bleibt immer ein ruhig
betrachtendes; die Bilder ziehen vorbei und greifen nie tiefer in die
Seele. Dabei muß freilich anerkannt werden, daß der Dialog natürlich
und charakteristisch ist, und daß es lebendige Menschen sind, die auf der
Bühne reden. Aber die Bühne will Bewegung, Kraft, Leidenschaft,
und das gibt die „Liebelei“ erst in der letzten Seene. Um wie viel mäch¬
tiger schritt da doch „Das Märchen“ über die Scene, wie war
da alles Leben und Wärme! — Die „Liebelei“ hat übrigens einen großen
Erfolg erworben. Der dritte Act schlug siegreich durch. Und so ist
Schnitzler endlich zu verdienten Ehren gekommen. Freilich, diejenigen,
die die junge Wiener Literatur nicht erst seit Donnerstag kennen — es
sind ihrer nicht Allzuviele — waren von der „Liebelei“ etwas ent¬
täuscht. Daß Schnitzler eine feingeurtete Künstlernatur ist, das hat er in
den drei Büchern, die bisher von ihm erschienen, unwidersprechlich be¬
wiesen. Aber diese Erscheinungen kündeten immer nur einen engen
Empfindungskreis aus: „Die Leiden des jungen Anatol“; die
Liebelei“ gliederte sich ihnen organisch an. Das war eine Enttäuschung,
denn man hatte gehofft, daß Schnitzler endlich den Lebensinhalt seiner
Jugendtage überwunden haben werde und der Gestaltung anderer — man
darf wohl auch sagen bedeutsamerer — Lebensformen zustrebe. Anatol
bei Sacher — Anatol brustkrank — Anatol vors einem Duell
das ist das ganze literarische Menu, das Schnitzler bisher bietet. Aber
ein und dasselbe Fleisch, wenn auch verschieden bereitet und garnirt,
verdirbt doch den Appetit, und wenn man bei dieser Bewirthung den
ersten Bissen im Munde fühlt, dann weiß man schon, was man auf
dem Teller hat und ißt ein Bischen verstimmt weiter. Schnitzler muß
heraus aus diesem eintönigen Milieu oder er verfällt dem bösesten
Schicksal eines Künstlers: er wird uninteressant.
Gespielt wurde
vortrefflich. Wenn auch Sonnent hal und Frl. Sandrock
die charakteristischen volksthümlichen und wienerischen Züge vermissen
ließen, so waren doch beide von einer herzbewegenden Jnnigkeit und
Wahrheit. Frl. Kallina war frisch und lebendig und Herr von
Zeska bei liebenswürdigstem Humor. Störend wirkte nur Herr
Kutschera. Er war trocken und langweilig, statt warm und schwer¬
müthig. — Den Beginn des Abends bildetekein Schaupiel von Gia¬
cosa „Rechte der Seele“, ein fein gearbeiteter, teperamentvoller
Act, der von Frau Hohenfels und Herrn Hartmann virtuos
gespielt, starke Theilnahme weckte.
h.
De#t#.theater.</Unicode>
            </TextEquiv>
        </TextRegion>
        <TextRegion orientation="0.0" id="r2" custom="readingOrder {index:1;}">
            <Coords points="1667,867 1667,3700 3291,3700 3291,867"/>
            <TextLine id="r2l1" custom="readingOrder {index:0;}">
                <Coords points="1680,911 1809,893 1896,923 2012,905 2075,924 2284,891 2377,915 2409,903 2409,866 2229,851 2084,871 2012,844 1679,838"/>
                <Baseline points="1687,890 1722,891 1758,891 1793,892 1829,892 1865,892 1900,893 1936,893 1972,893 2007,892 2043,892 2079,892 2114,892 2150,891 2186,891 2221,890 2257,890 2293,889 2328,889 2364,888 2400,888"/>
                <TextEquiv>
                    <Unicode>jen öffent= Interpenanon eindringen.</Unicode>
                </TextEquiv>
            </TextLine>
            <TextLine id="r2l2" custom="readingOrder {index:1;}">
                <Coords points="1700,960 1712,960 1724,951 1734,952 1741,900 1733,899 1725,901 1722,897 1709,897"/>
                <Baseline points="1712,938 1727,940"/>
                <TextEquiv>
                    <Unicode>rt.</Unicode>
                </TextEquiv>
            </TextLine>
            <TextLine id="r2l3" custom="readingOrder {index:2;}">
                <Coords points="1784,950 1815,945 1829,948 1834,945 1861,959 1871,958 1871,913 1850,910 1829,895 1819,905 1807,898 1784,900"/>
                <Baseline points="1792,939 1827,939 1862,939"/>
                <TextEquiv>
                    <Unicode>Der</Unicode>
                </TextEquiv>
            </TextLine>
            <TextLine id="r2l4" custom="readingOrder {index:3;}">
                <Coords points="1703,993 1716,999 1727,996 1760,1016 1784,1010 1786,943 1775,943 1754,953 1732,948 1714,960 1704,960"/>
                <Baseline points="1712,985 1744,985 1776,987"/>
                <TextEquiv>
                    <Unicode>22</Unicode>
                </TextEquiv>
            </TextLine>
            <TextLine id="r2l5" custom="readingOrder {index:4;}">
                <Coords points="2295,1002 2349,1020 2391,1006 2429,1021 2498,1000 2530,1014 2613,1009 2614,942 2550,927 2531,941 2512,926 2498,939 2443,925 2296,930"/>
                <Baseline points="2304,988 2329,990 2354,992 2379,993 2404,994 2429,995 2454,996 2479,996 2504,996 2529,995 2554,995 2579,993 2605,992"/>
                <TextEquiv>
                    <Unicode>Theater.</Unicode>
                </TextEquiv>
            </TextLine>
            <TextLine id="r2l6" custom="readingOrder {index:5;}">
                <Coords points="1835,1048 1849,1049 1850,1051 1865,1051 1869,1006 1858,1007 1851,1000 1839,999"/>
                <Baseline points="1844,1036 1858,1037"/>
                <TextEquiv>
                    <Unicode>1</Unicode>
                </TextEquiv>
            </TextLine>
            <TextLine id="r2l7" custom="readingOrder {index:6;}">
                <Coords points="2005,1056 3057,1037 3056,1002 2970,990 2339,1020 2222,981 2005,1034"/>
                <Baseline points="2013,1047 2064,1047 2116,1048 2168,1049 2220,1049 2271,1049 2323,1049 2375,1049 2427,1049 2478,1049 2530,1048 2582,1047 2634,1047 2685,1046 2737,1046 2789,1045 2841,1044 2892,1043 2944,1042 2996,1041 3048,1040"/>
                <TextEquiv>
                    <Unicode>(Burgtheater.) Vor drei Jahren noch war der Di¬</Unicode>
                </TextEquiv>
            </TextLine>
            <TextLine id="r2l8" custom="readingOrder {index:7;}">
                <Coords points="1831,1099 1837,1099 1842,1102 1851,1096 1863,1098 1870,1051 1860,1049 1850,1051 1849,1049 1838,1048"/>
                <Baseline points="1840,1087 1856,1089"/>
                <TextEquiv>
                    <Unicode>el</Unicode>
                </TextEquiv>
            </TextLine>
            <TextLine id="r2l9" custom="readingOrder {index:8;}">
                <Coords points="1900,1092 2995,1101 3055,1056 1899,1057"/>
                <Baseline points="1907,1095 1964,1096 2021,1096 2078,1096 2135,1096 2192,1096 2249,1096 2306,1096 2363,1095 2420,1095 2477,1095 2534,1094 2591,1094 2648,1093 2705,1092 2762,1092 2819,1091 2876,1090 2933,1089 2990,1088 3048,1087"/>
                <TextEquiv>
                    <Unicode>rector in Ungnade und die Aufführung eines Gerhard</Unicode>
                </TextEquiv>
            </TextLine>
            <TextLine id="r2l10" custom="readingOrder {index:9;}">
                <Coords points="1902,1152 2954,1153 3051,1137 3051,1103 1901,1106"/>
                <Baseline points="1910,1140 1966,1140 2023,1141 2080,1141 2136,1141 2193,1141 2250,1141 2306,1141 2363,1140 2420,1140 2477,1139 2533,1139 2590,1138 2647,1138 2703,1137 2760,1137 2817,1136 2873,1136 2930,1135 2987,1135 3044,1134"/>
                <TextEquiv>
                    <Unicode>Hauptmann identisch mit einer Entweihung der Hofbühne.</Unicode>
                </TextEquiv>
            </TextLine>
            <TextLine id="r2l11" custom="readingOrder {index:10;}">
                <Coords points="1816,1146 1832,1148 1845,1142 1850,1147 1856,1141 1864,1140 1872,1145 1880,1145 1882,1110 1872,1108 1867,1110 1863,1106 1861,1108 1850,1107 1844,1100 1840,1102 1830,1093 1826,1096 1818,1096"/>
                <Baseline points="1824,1137 1872,1139"/>
                <TextEquiv>
                    <Unicode>en.</Unicode>
                </TextEquiv>
            </TextLine>
            <TextLine id="r2l12" custom="readingOrder {index:11;}">
                <Coords points="1899,1189 3062,1184 3061,1146 3010,1137 1899,1158"/>
                <Baseline points="1907,1186 1964,1187 2021,1187 2079,1187 2136,1187 2193,1186 2251,1186 2308,1186 2365,1185 2423,1185 2480,1184 2537,1183 2595,1183 2652,1182 2709,1181 2767,1180 2824,1179 2881,1178 2939,1177 2996,1176 3054,1176"/>
                <TextEquiv>
                    <Unicode>Dann begann man die unbequemen Stücke zu verzeihen und</Unicode>
                </TextEquiv>
            </TextLine>
            <TextLine id="r2l13" custom="readingOrder {index:12;}">
                <Coords points="1672,1211 1755,1211 1764,1202 1788,1200 1827,1207 1868,1181 1879,1183 1879,1144 1852,1157 1840,1146 1817,1153 1807,1143 1777,1149 1764,1142 1751,1152 1717,1141 1671,1156"/>
                <Baseline points="1680,1186 1707,1186 1734,1186 1761,1186 1789,1186 1816,1185 1843,1185 1871,1183"/>
                <TextEquiv>
                    <Unicode>n Landes¬</Unicode>
                </TextEquiv>
            </TextLine>
            <TextLine id="r2l14" custom="readingOrder {index:13;}">
                <Coords points="1899,1225 3062,1227 3047,1181 1899,1188"/>
                <Baseline points="1907,1233 1964,1232 2021,1232 2079,1231 2136,1230 2193,1230 2251,1229 2308,1229 2365,1229 2423,1228 2480,1228 2537,1227 2595,1227 2652,1226 2709,1225 2767,1224 2824,1223 2881,1222 2939,1221 2996,1219 3054,1217"/>
                <TextEquiv>
                    <Unicode>der Director seine „unglückliche Hand“ zu verlieren, die</Unicode>
                </TextEquiv>
            </TextLine>
            <TextLine id="r2l15" custom="readingOrder {index:14;}">
                <Coords points="1901,1291 3064,1265 2956,1221 1901,1248"/>
                <Baseline points="1910,1279 1967,1276 2024,1274 2081,1272 2139,1271 2196,1271 2253,1270 2310,1270 2368,1270 2425,1270 2482,1270 2539,1271 2597,1271 2654,1271 2711,1270 2768,1270 2826,1269 2883,1268 2940,1266 2997,1264 3055,1261"/>
                <TextEquiv>
                    <Unicode>ehedem so heillose Mißgriffe gethan hatte. Heute ist Arthur</Unicode>
                </TextEquiv>
            </TextLine>
            <TextLine id="r2l16" custom="readingOrder {index:15;}">
                <Coords points="1663,1314 1680,1310 1689,1320 1710,1308 1732,1320 1744,1309 1761,1308 1771,1318 1790,1309 1796,1316 1868,1315 1871,1243 1853,1242 1839,1252 1802,1249 1796,1242 1752,1260 1723,1249 1666,1258"/>
                <Baseline points="1672,1299 1698,1301 1725,1303 1752,1304 1779,1304 1806,1305 1833,1306 1860,1307"/>
                <TextEquiv>
                    <Unicode>24jährige</Unicode>
                </TextEquiv>
            </TextLine>
            <TextLine id="r2l17" custom="readingOrder {index:16;}">
                <Coords points="1896,1318 2959,1329 3075,1307 3075,1277 1895,1293"/>
                <Baseline points="1903,1318 1961,1317 2019,1317 2077,1316 2135,1316 2194,1316 2252,1316 2310,1316 2368,1316 2426,1316 2485,1316 2543,1316 2601,1315 2659,1315 2717,1314 2776,1313 2834,1312 2892,1310 2950,1309 3008,1307 3067,1305"/>
                <TextEquiv>
                    <Unicode>Schnitzler eine selbstverständliche Erscheinung im Reper¬</Unicode>
                </TextEquiv>
            </TextLine>
            <TextLine id="r2l18" custom="readingOrder {index:17;}">
                <Coords points="1660,1336 1693,1355 1740,1356 1754,1367 1783,1345 1804,1354 1879,1360 1878,1320 1858,1320 1850,1312 1829,1317 1790,1309 1778,1321 1760,1308 1731,1319 1710,1307 1695,1321 1659,1302"/>
                <Baseline points="1667,1350 1692,1350 1717,1349 1743,1349 1768,1349 1793,1348 1819,1348 1844,1349 1870,1349"/>
                <TextEquiv>
                    <Unicode>gasse 43</Unicode>
                </TextEquiv>
            </TextLine>
            <TextLine id="r2l19" custom="readingOrder {index:18;}">
                <Coords points="1903,1368 3017,1365 3054,1320 1903,1331"/>
                <Baseline points="1911,1361 1967,1362 2024,1362 2081,1362 2138,1362 2194,1362 2251,1362 2308,1361 2365,1361 2421,1360 2478,1359 2535,1359 2592,1358 2648,1357 2705,1356 2762,1355 2819,1355 2875,1354 2932,1353 2989,1353 3046,1353"/>
                <TextEquiv>
                    <Unicode>toire, der nicht mehr „unberufene“ Director versteht es, das</Unicode>
                </TextEquiv>
            </TextLine>
            <TextLine id="r2l20" custom="readingOrder {index:19;}">
                <Coords points="1673,1401 1689,1395 1703,1405 1738,1397 1759,1407 1769,1399 1805,1405 1834,1394 1856,1409 1877,1402 1877,1367 1841,1354 1801,1352 1754,1367 1746,1359 1735,1357 1727,1365 1687,1349 1673,1355"/>
                <Baseline points="1681,1392 1707,1392 1734,1391 1761,1391 1788,1391 1815,1391 1842,1392 1869,1394"/>
                <TextEquiv>
                    <Unicode>ftet und</Unicode>
                </TextEquiv>
            </TextLine>
            <TextLine id="r2l21" custom="readingOrder {index:20;}">
                <Coords points="1905,1416 3052,1403 3037,1353 1905,1368"/>
                <Baseline points="1914,1410 1970,1409 2027,1407 2083,1406 2140,1405 2196,1404 2253,1403 2309,1403 2366,1402 2422,1402 2479,1402 2535,1402 2592,1402 2648,1401 2705,1401 2761,1401 2818,1400 2874,1400 2931,1399 2987,1398 3044,1397"/>
                <TextEquiv>
                    <Unicode>alte Burgtheater — unberufen! — mit modernem Geiste zu</Unicode>
                </TextEquiv>
            </TextLine>
            <TextLine id="r2l22" custom="readingOrder {index:21;}">
                <Coords points="1663,1454 1713,1455 1732,1443 1780,1457 1834,1451 1853,1435 1875,1435 1875,1405 1851,1410 1835,1395 1792,1409 1757,1408 1737,1397 1712,1399 1693,1412 1662,1406"/>
                <Baseline points="1671,1438 1699,1436 1727,1436 1755,1435 1783,1435 1811,1435 1839,1435 1868,1434"/>
                <TextEquiv>
                    <Unicode>vilcapell¬</Unicode>
                </TextEquiv>
            </TextLine>
            <TextLine id="r2l23" custom="readingOrder {index:22;}">
                <Coords points="1906,1451 2949,1464 3076,1445 3076,1414 1906,1419"/>
                <Baseline points="1914,1454 1971,1453 2029,1452 2087,1451 2144,1451 2202,1450 2260,1449 2317,1449 2375,1448 2433,1448 2491,1447 2548,1447 2606,1446 2664,1445 2721,1445 2779,1444 2837,1443 2894,1443 2952,1442 3010,1441 3068,1439"/>
                <TextEquiv>
                    <Unicode>erfüllen. Ja, er ist ein moderner Director, der den Fiaker</Unicode>
                </TextEquiv>
            </TextLine>
            <TextLine id="r2l24" custom="readingOrder {index:23;}">
                <Coords points="1680,1501 1738,1502 1749,1513 1765,1504 1789,1514 1805,1504 1824,1506 1839,1495 1851,1505 1871,1499 1871,1454 1857,1456 1851,1449 1823,1449 1817,1455 1804,1450 1780,1458 1732,1443 1711,1455 1702,1450 1681,1456"/>
                <Baseline points="1688,1479 1713,1482 1738,1482 1763,1483 1788,1483 1813,1482 1838,1483 1863,1484"/>
                <TextEquiv>
                    <Unicode>ich einen</Unicode>
                </TextEquiv>
            </TextLine>
            <TextLine id="r2l25" custom="readingOrder {index:24;}">
                <Coords points="1899,1501 3066,1481 2920,1444 1898,1468"/>
                <Baseline points="1907,1497 1964,1495 2022,1495 2079,1494 2137,1494 2194,1493 2252,1493 2309,1493 2367,1493 2424,1492 2482,1492 2540,1492 2597,1492 2655,1491 2712,1490 2770,1490 2827,1489 2885,1488 2942,1486 3000,1484 3058,1482"/>
                <TextEquiv>
                    <Unicode>überwunden hat und, ein Bahnbrecher, auf dem Bicycle</Unicode>
                </TextEquiv>
            </TextLine>
            <TextLine id="r2l26" custom="readingOrder {index:25;}">
                <Coords points="1906,1560 3057,1542 3043,1490 1905,1509"/>
                <Baseline points="1913,1543 1969,1542 2026,1540 2083,1539 2140,1538 2196,1538 2253,1537 2310,1537 2367,1537 2423,1537 2480,1537 2537,1536 2594,1536 2650,1536 2707,1535 2764,1534 2821,1533 2877,1532 2934,1529 2991,1527 3048,1525"/>
                <TextEquiv>
                    <Unicode>durch die Mariahilferstraße dahinsaust. Das ist dieselbe Vor¬</Unicode>
                </TextEquiv>
            </TextLine>
            <TextLine id="r2l27" custom="readingOrder {index:26;}">
                <Coords points="1905,1599 2592,1564 2998,1593 3068,1543 1904,1559"/>
                <Baseline points="1913,1586 1970,1584 2027,1583 2085,1582 2142,1581 2199,1580 2257,1580 2314,1580 2371,1579 2429,1579 2486,1579 2543,1579 2601,1578 2658,1578 2715,1578 2773,1577 2830,1576 2887,1575 2945,1574 3002,1573 3060,1571"/>
                <TextEquiv>
                    <Unicode>urtheilslosigkeit, die „Liebelei“ dem Burgtheater zuge¬</Unicode>
                </TextEquiv>
            </TextLine>
            <TextLine id="r2l28" custom="readingOrder {index:27;}">
                <Coords points="1692,1607 1713,1613 1741,1596 1776,1609 1793,1596 1813,1598 1819,1591 1837,1597 1857,1592 1864,1598 1880,1594 1879,1562 1866,1563 1840,1543 1808,1555 1779,1550 1771,1542 1758,1546 1738,1535 1708,1565 1690,1563"/>
                <Baseline points="1699,1595 1727,1594 1756,1593 1785,1592 1813,1590 1842,1590 1871,1589"/>
                <TextEquiv>
                    <Unicode>Leopold</Unicode>
                </TextEquiv>
            </TextLine>
            <TextLine id="r2l29" custom="readingOrder {index:28;}">
                <Coords points="1905,1649 3044,1630 3054,1585 1904,1599"/>
                <Baseline points="1913,1630 1969,1629 2026,1628 2082,1627 2139,1626 2196,1626 2252,1625 2309,1625 2366,1624 2422,1624 2479,1623 2536,1623 2592,1622 2649,1622 2706,1622 2762,1622 2819,1621 2876,1621 2932,1621 2989,1620 3046,1620"/>
                <TextEquiv>
                    <Unicode>führt hat. Wir wollen Herrn Arthur Schnitzler seine kleinen</Unicode>
                </TextEquiv>
            </TextLine>
            <TextLine id="r2l30" custom="readingOrder {index:29;}">
                <Coords points="1729,1642 1764,1643 1781,1638 1795,1646 1809,1637 1828,1650 1859,1640 1876,1647 1877,1607 1861,1600 1850,1603 1834,1594 1799,1594 1780,1606 1730,1597"/>
                <Baseline points="1738,1633 1764,1634 1790,1635 1816,1636 1842,1636 1868,1635"/>
                <TextEquiv>
                    <Unicode>4 Uhr</Unicode>
                </TextEquiv>
            </TextLine>
            <TextLine id="r2l31" custom="readingOrder {index:30;}">
                <Coords points="1910,1689 3027,1682 3057,1628 1971,1624 1909,1659"/>
                <Baseline points="1917,1675 1973,1674 2030,1673 2086,1673 2143,1672 2200,1671 2256,1671 2313,1670 2369,1670 2426,1670 2483,1669 2539,1669 2596,1668 2652,1668 2709,1668 2766,1667 2822,1667 2879,1666 2935,1665 2992,1664 3049,1663"/>
                <TextEquiv>
                    <Unicode>reise nicht stören; — sein gewissenhaftes Talent bewegt sich</Unicode>
                </TextEquiv>
            </TextLine>
            <TextLine id="r2l32" custom="readingOrder {index:31;}">
                <Coords points="1695,1679 1720,1694 1747,1683 1792,1693 1808,1682 1818,1692 1829,1686 1850,1696 1864,1685 1888,1704 1902,1698 1903,1642 1881,1647 1858,1640 1829,1651 1815,1638 1796,1644 1772,1637 1754,1643 1695,1638"/>
                <Baseline points="1703,1683 1730,1681 1757,1680 1784,1680 1812,1681 1839,1681 1866,1683 1894,1685"/>
                <TextEquiv>
                    <Unicode>Bähring</Unicode>
                </TextEquiv>
            </TextLine>
            <TextLine id="r2l33" custom="readingOrder {index:32;}">
                <Coords points="1901,1725 3056,1719 3055,1677 2971,1665 1901,1684"/>
                <Baseline points="1910,1720 1966,1718 2023,1716 2080,1715 2137,1714 2194,1713 2251,1712 2308,1712 2365,1711 2422,1711 2479,1710 2535,1710 2592,1710 2649,1710 2706,1710 2763,1710 2820,1710 2877,1710 2934,1710 2991,1710 3048,1711"/>
                <TextEquiv>
                    <Unicode>noch immer innerhalb der Grenzen von Provinz Anatolien,</Unicode>
                </TextEquiv>
            </TextLine>
            <TextLine id="r2l34" custom="readingOrder {index:33;}">
                <Coords points="1699,1722 1723,1730 1747,1728 1763,1737 1784,1728 1792,1735 1816,1737 1838,1726 1862,1724 1884,1710 1884,1694 1839,1694 1829,1686 1818,1693 1807,1683 1792,1693 1786,1688 1770,1692 1752,1683 1740,1696 1735,1691 1722,1696 1698,1684"/>
                <Baseline points="1707,1725 1735,1725 1763,1724 1792,1722 1820,1722 1848,1722 1877,1723"/>
                <TextEquiv>
                    <Unicode>#ete der</Unicode>
                </TextEquiv>
            </TextLine>
            <TextLine id="r2l35" custom="readingOrder {index:34;}">
                <Coords points="1902,1772 3056,1755 3055,1720 2972,1712 1901,1730"/>
                <Baseline points="1909,1761 1968,1761 2028,1761 2088,1761 2148,1761 2208,1760 2268,1760 2328,1760 2388,1759 2448,1758 2508,1758 2568,1757 2628,1757 2688,1756 2748,1756 2808,1755 2868,1755 2928,1754 2988,1754 3048,1754"/>
                <TextEquiv>
                    <Unicode>noch immer sind seine Menschen nicht von des Gedankens</Unicode>
                </TextEquiv>
            </TextLine>
            <TextLine id="r2l36" custom="readingOrder {index:35;}">
                <Coords points="1685,1779 1707,1773 1730,1782 1763,1772 1783,1782 1792,1776 1803,1781 1816,1770 1837,1777 1870,1772 1868,1729 1852,1731 1845,1725 1817,1738 1786,1732 1780,1739 1728,1726 1701,1751 1683,1749"/>
                <Baseline points="1693,1771 1721,1771 1749,1770 1777,1768 1805,1766 1833,1764 1861,1763"/>
                <TextEquiv>
                    <Unicode>hn und</Unicode>
                </TextEquiv>
            </TextLine>
            <TextLine id="r2l37" custom="readingOrder {index:36;}">
                <Coords points="1902,1806 3007,1813 3055,1767 1902,1778"/>
                <Baseline points="1910,1804 1966,1804 2023,1804 2080,1804 2137,1804 2194,1804 2250,1804 2307,1804 2364,1803 2421,1803 2478,1803 2534,1802 2591,1802 2648,1801 2705,1800 2762,1800 2818,1799 2875,1799 2932,1798 2989,1797 3046,1797"/>
                <TextEquiv>
                    <Unicode>Blässe angekränkelt. Hermann Bahr, der allen Fieberwechseln</Unicode>
                </TextEquiv>
            </TextLine>
            <TextLine id="r2l38" custom="readingOrder {index:37;}">
                <Coords points="1688,1809 1710,1811 1720,1819 1749,1813 1781,1814 1788,1820 1805,1815 1831,1821 1845,1813 1871,1818 1869,1778 1856,1775 1842,1779 1825,1770 1813,1781 1793,1775 1778,1782 1760,1772 1743,1784 1686,1782"/>
                <Baseline points="1697,1817 1724,1815 1752,1813 1779,1811 1807,1810 1834,1809 1862,1810"/>
                <TextEquiv>
                    <Unicode>d wurde</Unicode>
                </TextEquiv>
            </TextLine>
            <TextLine id="r2l39" custom="readingOrder {index:38;}">
                <Coords points="1906,1849 3045,1848 3044,1800 1906,1804"/>
                <Baseline points="1914,1852 1970,1850 2026,1849 2082,1847 2138,1846 2194,1845 2250,1845 2306,1844 2362,1844 2418,1844 2475,1844 2531,1844 2587,1844 2643,1844 2699,1843 2755,1843 2811,1842 2867,1842 2923,1841 2979,1840 3036,1838"/>
                <TextEquiv>
                    <Unicode>der neuen Literatur den Puls fühlt, hat unseren „hiesigen“</Unicode>
                </TextEquiv>
            </TextLine>
            <TextLine id="r2l40" custom="readingOrder {index:39;}">
                <Coords points="1676,1854 1701,1850 1729,1867 1748,1861 1756,1868 1796,1857 1858,1865 1876,1861 1875,1820 1732,1815 1715,1827 1708,1822 1675,1831"/>
                <Baseline points="1683,1859 1709,1857 1735,1856 1761,1856 1788,1855 1814,1855 1840,1854 1867,1853"/>
                <TextEquiv>
                    <Unicode>tissariate</Unicode>
                </TextEquiv>
            </TextLine>
            <TextLine id="r2l41" custom="readingOrder {index:40;}">
                <Coords points="3023,1889 3031,1888 3037,1881 3048,1878 3052,1873 3060,1872 3057,1837 3049,1838 3043,1844 3039,1844 3035,1849 3030,1849 3026,1852 3019,1852"/>
                <Baseline points="3029,1877 3052,1875"/>
                <TextEquiv>
                    <Unicode></Unicode>
                </TextEquiv>
            </TextLine>
            <TextLine id="r2l42" custom="readingOrder {index:41;}">
                <Coords points="1899,1895 2980,1900 2992,1847 2277,1875 2192,1849 2110,1882 1898,1852"/>
                <Baseline points="1907,1896 1960,1896 2014,1896 2068,1896 2122,1895 2176,1894 2230,1894 2283,1893 2337,1892 2391,1891 2445,1890 2499,1889 2553,1888 2607,1887 2660,1886 2714,1886 2768,1885 2822,1886 2876,1886 2930,1886 2984,1888"/>
                <TextEquiv>
                    <Unicode>Dichtern „weiche, warme, Wiener Luft“ verordnet. I</Unicode>
                </TextEquiv>
            </TextLine>
            <TextLine id="r2l43" custom="readingOrder {index:42;}">
                <Coords points="1678,1892 1696,1889 1717,1910 1742,1921 1761,1908 1781,1906 1809,1916 1833,1906 1849,1917 1878,1900 1891,1901 1891,1881 1865,1879 1838,1863 1829,1868 1798,1858 1755,1868 1720,1862 1678,1874"/>
                <Baseline points="1687,1900 1715,1900 1743,1899 1771,1898 1799,1897 1827,1898 1855,1899 1883,1902"/>
                <TextEquiv>
                    <Unicode>ersuchten</Unicode>
                </TextEquiv>
            </TextLine>
            <TextLine id="r2l44" custom="readingOrder {index:43;}">
                <Coords points="1908,1951 2986,1957 3084,1933 3084,1901 1907,1914"/>
                <Baseline points="1916,1948 1974,1945 2032,1942 2090,1940 2148,1938 2206,1936 2264,1935 2322,1933 2380,1932 2438,1931 2496,1931 2554,1930 2612,1930 2670,1930 2728,1929 2786,1929 2844,1929 2902,1929 2960,1929 3018,1929 3077,1929"/>
                <TextEquiv>
                    <Unicode>Horizont sind darum die „stillen Gassen am Sonntag=Nach¬</Unicode>
                </TextEquiv>
            </TextLine>
            <TextLine id="r2l45" custom="readingOrder {index:44;}">
                <Coords points="2010,2129 2064,2131 2078,2139 2096,2130 2102,2137 2122,2131 2137,2142 2197,2138 2200,2078 2177,2073 2138,2095 2119,2089 2095,2095 2078,2079 2011,2095"/>
                <Baseline points="2018,2127 2046,2127 2074,2128 2103,2129 2131,2131 2159,2133 2188,2135"/>
                <TextEquiv>
                    <Unicode>Nr. 41</Unicode>
                </TextEquiv>
            </TextLine>
            <TextLine id="r2l46" custom="readingOrder {index:45;}">
                <Coords points="3174,2239 3198,2234 3207,2240 3222,2235 3233,2238 3239,2235 3246,2240 3250,2235 3259,2238 3278,2233 3290,2235 3290,2199 3279,2200 3267,2192 3258,2201 3237,2192 3226,2200 3215,2191 3200,2194 3196,2189 3188,2189 3183,2194 3173,2194"/>
                <Baseline points="3181,2231 3206,2230 3232,2230 3257,2230 3283,2229"/>
                <TextEquiv>
                    <Unicode>weiter.</Unicode>
                </TextEquiv>
            </TextLine>
            <TextLine id="r2l47" custom="readingOrder {index:46;}">
                <Coords points="1975,2248 3115,2237 3114,2202 2970,2177 1974,2211"/>
                <Baseline points="1982,2246 2038,2246 2094,2245 2150,2245 2206,2244 2263,2244 2319,2243 2375,2242 2431,2241 2487,2240 2544,2239 2600,2238 2656,2237 2712,2236 2768,2235 2825,2235 2881,2235 2937,2235 2993,2235 3049,2235 3106,2236"/>
                <TextEquiv>
                    <Unicode>mittag“ und die „gewissen traurigen Tische im einsamen</Unicode>
                </TextEquiv>
            </TextLine>
            <TextLine id="r2l48" custom="readingOrder {index:47;}">
                <Coords points="3144,2271 3159,2268 3176,2278 3204,2273 3216,2283 3237,2273 3287,2278 3288,2236 3266,2235 3261,2240 3256,2235 3232,2234 3208,2241 3199,2234 3186,2239 3167,2220 3146,2216"/>
                <Baseline points="3152,2269 3177,2267 3202,2268 3227,2269 3252,2271 3278,2272"/>
                <TextEquiv>
                    <Unicode>Met. </Unicode>
                </TextEquiv>
            </TextLine>
            <TextLine id="r2l49" custom="readingOrder {index:48;}">
                <Coords points="1963,2289 3027,2302 3122,2282 3122,2233 1963,2240"/>
                <Baseline points="1971,2295 2028,2292 2085,2291 2142,2289 2199,2288 2256,2287 2313,2286 2371,2286 2428,2286 2485,2286 2542,2286 2599,2286 2656,2286 2713,2286 2771,2285 2828,2285 2885,2284 2942,2283 2999,2282 3056,2280 3114,2278"/>
                <TextEquiv>
                    <Unicode>Praterwirthshaus“. Von der Dachstube eines süßen Vor¬</Unicode>
                </TextEquiv>
            </TextLine>
            <TextLine id="r2l50" custom="readingOrder {index:49;}">
                <Coords points="3145,2332 3164,2326 3201,2337 3215,2324 3236,2327 3258,2316 3300,2320 3299,2274 3285,2270 3272,2279 3253,2273 3216,2282 3203,2273 3144,2277"/>
                <Baseline points="3153,2307 3180,2309 3208,2310 3235,2309 3263,2307 3291,2305"/>
                <TextEquiv>
                    <Unicode>95, 146</Unicode>
                </TextEquiv>
            </TextLine>
            <TextLine id="r2l51" custom="readingOrder {index:50;}">
                <Coords points="1978,2342 3051,2343 3122,2319 3122,2283 1977,2298"/>
                <Baseline points="1985,2338 2041,2336 2097,2336 2154,2335 2210,2334 2267,2334 2323,2333 2380,2332 2436,2332 2493,2331 2549,2330 2605,2330 2662,2329 2718,2328 2775,2328 2831,2327 2888,2326 2944,2325 3001,2324 3057,2323 3114,2321"/>
                <TextEquiv>
                    <Unicode>stadtmädels aus kann man dann auch die Sensation ge¬</Unicode>
                </TextEquiv>
            </TextLine>
            <TextLine id="r2l52" custom="readingOrder {index:51;}">
                <Coords points="1967,2395 3120,2379 3101,2330 1966,2353"/>
                <Baseline points="1974,2382 2030,2381 2087,2380 2144,2379 2201,2378 2258,2377 2315,2376 2372,2375 2429,2374 2486,2373 2543,2372 2599,2371 2656,2370 2713,2369 2770,2369 2827,2368 2884,2368 2941,2367 2998,2367 3055,2366 3112,2366"/>
                <TextEquiv>
                    <Unicode>nießen, die in dem „Gedanken“ liegt, daß von da unten wohl</Unicode>
                </TextEquiv>
            </TextLine>
            <TextLine id="r2l53" custom="readingOrder {index:52;}">
                <Coords points="3144,2391 3160,2386 3179,2397 3209,2392 3222,2398 3238,2393 3253,2399 3281,2373 3292,2371 3292,2336 3277,2336 3269,2330 3236,2353 3188,2341 3172,2341 3161,2348 3143,2346"/>
                <Baseline points="3151,2385 3177,2385 3204,2385 3231,2385 3258,2384 3285,2383"/>
                <TextEquiv>
                    <Unicode>Schlefi</Unicode>
                </TextEquiv>
            </TextLine>
            <TextLine id="r2l54" custom="readingOrder {index:53;}">
                <Coords points="1959,2428 3120,2413 3119,2379 2902,2371 1959,2395"/>
                <Baseline points="1967,2426 2024,2426 2081,2426 2138,2425 2195,2425 2253,2424 2310,2423 2367,2422 2424,2421 2481,2420 2539,2419 2596,2418 2653,2417 2710,2416 2767,2415 2825,2415 2882,2414 2939,2414 2996,2414 3053,2414 3111,2414"/>
                <TextEquiv>
                    <Unicode>nie das Geräusch eines Wagens heraufdringt. Wenn jedoch</Unicode>
                </TextEquiv>
            </TextLine>
            <TextLine id="r2l55" custom="readingOrder {index:54;}">
                <Coords points="3155,2429 3173,2435 3191,2432 3207,2441 3224,2432 3237,2435 3253,2430 3280,2439 3280,2383 3272,2383 3253,2399 3238,2393 3213,2397 3208,2392 3190,2398 3171,2394 3155,2399"/>
                <Baseline points="3164,2429 3191,2430 3218,2429 3245,2428 3272,2429"/>
                <TextEquiv>
                    <Unicode>Erster</Unicode>
                </TextEquiv>
            </TextLine>
            <TextLine id="r2l56" custom="readingOrder {index:55;}">
                <Coords points="1973,2477 3061,2476 3118,2469 3118,2426 1973,2437"/>
                <Baseline points="1981,2472 2037,2471 2093,2470 2150,2469 2206,2468 2263,2467 2319,2467 2376,2466 2432,2465 2489,2464 2545,2464 2601,2463 2658,2462 2714,2462 2771,2461 2827,2461 2884,2460 2940,2460 2997,2459 3053,2459 3110,2459"/>
                <TextEquiv>
                    <Unicode>sie hierauf in ihrer liebenswürdigen Naivetät einwirft:</Unicode>
                </TextEquiv>
            </TextLine>
            <TextLine id="r2l57" custom="readingOrder {index:56;}">
                <Coords points="3146,2471 3158,2469 3171,2475 3198,2471 3211,2480 3225,2468 3243,2477 3253,2472 3263,2477 3269,2471 3274,2476 3278,2471 3293,2475 3291,2431 3272,2436 3255,2430 3224,2431 3202,2440 3189,2431 3173,2435 3162,2427 3144,2425"/>
                <Baseline points="3154,2468 3180,2466 3206,2465 3232,2465 3258,2464 3284,2462"/>
                <TextEquiv>
                    <Unicode>Naid</Unicode>
                </TextEquiv>
            </TextLine>
            <TextLine id="r2l58" custom="readingOrder {index:57;}">
                <Coords points="3142,2520 3164,2510 3195,2511 3207,2519 3219,2512 3236,2522 3263,2520 3270,2513 3291,2516 3290,2473 3242,2477 3236,2471 3223,2471 3213,2481 3197,2471 3141,2475"/>
                <Baseline points="3149,2507 3175,2507 3202,2507 3229,2506 3256,2506 3283,2505"/>
                <TextEquiv>
                    <Unicode>Arfa</Unicode>
                </TextEquiv>
            </TextLine>
            <TextLine id="r2l59" custom="readingOrder {index:58;}">
                <Coords points="1971,2519 3039,2518 3125,2472 1971,2479"/>
                <Baseline points="1979,2518 2035,2516 2092,2515 2149,2514 2206,2512 2263,2511 2320,2510 2377,2510 2434,2509 2491,2508 2548,2508 2604,2507 2661,2507 2718,2506 2775,2506 2832,2505 2889,2505 2946,2504 3003,2503 3060,2502 3117,2501"/>
                <TextEquiv>
                    <Unicode>„Nein — aber eine Schlisserwerkstätte ist unten,“ so mag er</Unicode>
                </TextEquiv>
            </TextLine>
            <TextLine id="r2l60" custom="readingOrder {index:59;}">
                <Coords points="3147,2571 3158,2571 3166,2577 3187,2561 3204,2561 3224,2572 3255,2554 3268,2558 3283,2555 3282,2526 3271,2526 3258,2518 3236,2522 3218,2513 3210,2519 3194,2511 3165,2510 3146,2516"/>
                <Baseline points="3154,2548 3184,2546 3214,2546 3244,2546 3274,2546"/>
                <TextEquiv>
                    <Unicode>Platz:</Unicode>
                </TextEquiv>
            </TextLine>
            <TextLine id="r2l61" custom="readingOrder {index:60;}">
                <Coords points="1969,2561 3130,2548 3129,2500 1969,2521"/>
                <Baseline points="1977,2557 2034,2557 2091,2557 2148,2556 2205,2556 2263,2555 2320,2554 2377,2554 2434,2553 2491,2552 2549,2551 2606,2550 2663,2550 2720,2549 2777,2548 2835,2548 2892,2547 2949,2547 3006,2547 3063,2547 3121,2547"/>
                <TextEquiv>
                    <Unicode>in einer stimmungsvollen Anwandlung von Ollendorf selig</Unicode>
                </TextEquiv>
            </TextLine>
            <TextLine id="r2l62" custom="readingOrder {index:61;}">
                <Coords points="1961,2592 3124,2597 3123,2555 3066,2548 1961,2557"/>
                <Baseline points="1969,2604 2026,2603 2083,2603 2140,2602 2198,2601 2255,2601 2312,2600 2370,2599 2427,2598 2484,2597 2542,2597 2599,2596 2656,2595 2713,2594 2771,2594 2828,2593 2885,2593 2943,2592 3000,2592 3057,2591 3115,2591"/>
                <TextEquiv>
                    <Unicode>erwiedern: „Das ist unangenehm.“ „Liebelei“ ist reich an</Unicode>
                </TextEquiv>
            </TextLine>
            <TextLine id="r2l63" custom="readingOrder {index:62;}">
                <Coords points="3137,2628 3181,2633 3213,2629 3221,2637 3246,2626 3274,2648 3285,2649 3282,2556 3221,2579 3201,2562 3186,2561 3158,2583 3136,2585"/>
                <Baseline points="3145,2627 3171,2625 3197,2623 3224,2622 3250,2622 3277,2623"/>
                <TextEquiv>
                    <Unicode>Lud.</Unicode>
                </TextEquiv>
            </TextLine>
            <TextLine id="r2l64" custom="readingOrder {index:63;}">
                <Coords points="1962,2647 3114,2647 3113,2598 3054,2592 1962,2609"/>
                <Baseline points="1971,2649 2027,2648 2084,2646 2141,2645 2197,2644 2254,2644 2311,2643 2367,2642 2424,2642 2481,2641 2538,2641 2594,2641 2651,2640 2708,2640 2764,2640 2821,2639 2878,2639 2934,2638 2991,2637 3048,2636 3105,2635"/>
                <TextEquiv>
                    <Unicode>solchen Feinheiten. Dergleichen Stimmung nun wird von</Unicode>
                </TextEquiv>
            </TextLine>
            <TextLine id="r2l65" custom="readingOrder {index:64;}">
                <Coords points="3141,2669 3157,2664 3168,2674 3186,2668 3194,2668 3201,2675 3213,2670 3227,2678 3240,2671 3248,2674 3258,2666 3270,2665 3271,2633 3257,2628 3252,2632 3239,2624 3220,2637 3205,2628 3199,2633 3185,2630 3180,2634 3161,2628 3141,2635"/>
                <Baseline points="3149,2666 3177,2664 3206,2664 3234,2665 3263,2668"/>
                <TextEquiv>
                    <Unicode>hofer</Unicode>
                </TextEquiv>
            </TextLine>
            <TextLine id="r2l66" custom="readingOrder {index:65;}">
                <Coords points="1967,2694 3120,2689 3119,2651 3052,2637 1966,2658"/>
                <Baseline points="1974,2694 2030,2692 2087,2690 2144,2689 2201,2688 2258,2687 2315,2686 2371,2686 2428,2685 2485,2685 2542,2685 2599,2685 2656,2684 2713,2684 2769,2684 2826,2683 2883,2682 2940,2681 2997,2680 3054,2679 3111,2677"/>
                <TextEquiv>
                    <Unicode>den jungen Wienern programatisch betrieben. Eine der nied¬</Unicode>
                </TextEquiv>
            </TextLine>
            <TextLine id="r2l67" custom="readingOrder {index:66;}">
                <Coords points="3155,2708 3174,2709 3179,2706 3182,2709 3216,2709 3236,2689 3252,2688 3252,2672 3238,2672 3227,2678 3217,2670 3201,2674 3194,2667 3187,2671 3180,2669 3174,2674 3155,2669"/>
                <Baseline points="3162,2702 3189,2701 3216,2700 3244,2702"/>
                <TextEquiv>
                    <Unicode>930</Unicode>
                </TextEquiv>
            </TextLine>
            <TextLine id="r2l68" custom="readingOrder {index:67;}">
                <Coords points="1963,2739 3109,2727 3064,2681 1962,2703"/>
                <Baseline points="1971,2740 2027,2738 2084,2735 2140,2734 2197,2732 2253,2731 2310,2730 2366,2730 2423,2730 2479,2729 2536,2729 2592,2729 2649,2729 2705,2728 2762,2728 2818,2727 2875,2727 2931,2726 2988,2724 3044,2722 3101,2720"/>
                <TextEquiv>
                    <Unicode>lichen Anatol=scenen in drei Acte ausgewalzt und mit tödt¬</Unicode>
                </TextEquiv>
            </TextLine>
            <TextLine id="r2l69" custom="readingOrder {index:68;}">
                <Coords points="3147,2752 3176,2753 3184,2747 3217,2765 3227,2762 3231,2767 3246,2766 3257,2755 3268,2755 3270,2712 3257,2712 3248,2705 3240,2710 3237,2706 3220,2718 3198,2706 3177,2712 3169,2708 3148,2711"/>
                <Baseline points="3156,2743 3182,2745 3208,2746 3234,2746 3261,2748"/>
                <TextEquiv>
                    <Unicode>als 2</Unicode>
                </TextEquiv>
            </TextLine>
            <TextLine id="r2l70" custom="readingOrder {index:69;}">
                <Coords points="1972,2765 2057,2795 3122,2775 3096,2722 1972,2743"/>
                <Baseline points="1981,2781 2037,2781 2094,2780 2150,2780 2207,2779 2264,2779 2320,2778 2377,2777 2433,2776 2490,2775 2547,2774 2603,2773 2660,2772 2716,2772 2773,2771 2830,2770 2886,2769 2943,2768 2999,2768 3056,2767 3113,2767"/>
                <TextEquiv>
                    <Unicode>lichem Ausgang, heißt: „Liebelei.“ Schnitzler ist seinem</Unicode>
                </TextEquiv>
            </TextLine>
            <TextLine id="r2l71" custom="readingOrder {index:70;}">
                <Coords points="1964,2822 2827,2828 2936,2794 3102,2824 3118,2774 1964,2797"/>
                <Baseline points="1972,2827 2028,2826 2085,2825 2142,2824 2199,2823 2256,2822 2313,2821 2370,2820 2427,2819 2484,2818 2541,2817 2597,2816 2654,2815 2711,2815 2768,2814 2825,2813 2882,2812 2939,2812 2996,2811 3053,2810 3110,2810"/>
                <TextEquiv>
                    <Unicode>Lebemann mit der Wichtigkeit eines „Problems“ an den</Unicode>
                </TextEquiv>
            </TextLine>
            <TextLine id="r2l72" custom="readingOrder {index:71;}">
                <Coords points="1971,2870 2957,2873 3130,2834 1970,2831"/>
                <Baseline points="1978,2869 2035,2867 2092,2866 2149,2865 2206,2864 2263,2864 2320,2863 2378,2863 2435,2863 2492,2862 2549,2862 2606,2862 2663,2862 2720,2861 2778,2861 2835,2860 2892,2859 2949,2858 3006,2857 3063,2855 3121,2853"/>
                <TextEquiv>
                    <Unicode>Leib gegangen und hat nun endlich sein Lebenswerk „Anatols</Unicode>
                </TextEquiv>
            </TextLine>
            <TextLine id="r2l73" custom="readingOrder {index:72;}">
                <Coords points="1962,2923 3107,2919 3128,2855 1961,2877"/>
                <Baseline points="1969,2915 2026,2913 2084,2912 2141,2910 2199,2909 2257,2908 2314,2907 2372,2907 2429,2906 2487,2905 2545,2905 2602,2905 2660,2904 2717,2904 2775,2904 2833,2904 2890,2904 2948,2904 3005,2903 3063,2903 3121,2903"/>
                <TextEquiv>
                    <Unicode>Glück und Ende“ hinter sich. — In dem übrigens technisch</Unicode>
                </TextEquiv>
            </TextLine>
            <TextLine id="r2l74" custom="readingOrder {index:73;}">
                <Coords points="1963,2962 3133,2942 2943,2903 1962,2922"/>
                <Baseline points="1971,2965 2028,2962 2086,2960 2143,2958 2201,2956 2259,2954 2316,2953 2374,2952 2432,2951 2489,2950 2547,2950 2605,2949 2662,2948 2720,2948 2778,2947 2835,2947 2893,2946 2951,2946 3008,2945 3066,2944 3124,2943"/>
                <TextEquiv>
                    <Unicode>gelungensten ersten Act wird der Doppeladler=Marsch ge¬</Unicode>
                </TextEquiv>
            </TextLine>
            <TextLine id="r2l75" custom="readingOrder {index:74;}">
                <Coords points="1976,2997 3054,3002 3127,2993 3127,2956 1976,2972"/>
                <Baseline points="1985,3007 2041,3004 2098,3002 2155,3000 2211,2999 2268,2998 2325,2997 2381,2996 2438,2995 2495,2995 2552,2994 2608,2994 2665,2994 2722,2993 2778,2993 2835,2992 2892,2992 2948,2991 3005,2990 3062,2988 3119,2986"/>
                <TextEquiv>
                    <Unicode>spielt — hiedurch fühlt sich die Tradition der Hofbühne</Unicode>
                </TextEquiv>
            </TextLine>
            <TextLine id="r2l76" custom="readingOrder {index:75;}">
                <Coords points="3148,3047 3156,3047 3175,3033 3184,3040 3212,3042 3221,3035 3231,3037 3240,3032 3250,3038 3258,3033 3272,3036 3271,2978 3231,2986 3226,2982 3213,2988 3199,2983 3170,2998 3158,2995 3147,2999"/>
                <Baseline points="3156,3028 3183,3028 3210,3027 3237,3026 3264,3026"/>
                <TextEquiv>
                    <Unicode>mitte</Unicode>
                </TextEquiv>
            </TextLine>
            <TextLine id="r2l77" custom="readingOrder {index:76;}">
                <Coords points="1978,3055 3081,3047 3125,2992 1977,2999"/>
                <Baseline points="1985,3048 2041,3046 2098,3045 2154,3044 2211,3042 2268,3041 2324,3041 2381,3040 2437,3039 2494,3039 2551,3038 2607,3038 2664,3038 2720,3037 2777,3037 2834,3037 2890,3036 2947,3036 3003,3036 3060,3035 3117,3035"/>
                <TextEquiv>
                    <Unicode>heute nicht mehr entweiht; ob aber darum das Schauspiel</Unicode>
                </TextEquiv>
            </TextLine>
            <TextLine id="r2l78" custom="readingOrder {index:77;}">
                <Coords points="3136,3080 3168,3086 3176,3078 3214,3093 3235,3086 3267,3086 3266,3041 3255,3043 3244,3032 3199,3042 3174,3034 3156,3047 3153,3043 3135,3047"/>
                <Baseline points="3143,3079 3172,3077 3201,3077 3230,3078 3259,3077"/>
                <TextEquiv>
                    <Unicode>nach</Unicode>
                </TextEquiv>
            </TextLine>
            <TextLine id="r2l79" custom="readingOrder {index:78;}">
                <Coords points="1978,3098 3117,3087 3116,3044 2905,3033 1978,3058"/>
                <Baseline points="1987,3094 2043,3091 2099,3090 2155,3088 2211,3086 2267,3085 2323,3084 2379,3084 2435,3084 2491,3083 2548,3083 2604,3083 2660,3083 2716,3082 2772,3082 2828,3081 2884,3080 2940,3079 2996,3078 3052,3076 3109,3073"/>
                <TextEquiv>
                    <Unicode>„modern“ ist, möchten wir bezweifeln. Der „Verismus“ des</Unicode>
                </TextEquiv>
            </TextLine>
            <TextLine id="r2l80" custom="readingOrder {index:79;}">
                <Coords points="3146,3141 3155,3143 3170,3132 3179,3137 3202,3134 3210,3139 3226,3136 3239,3125 3248,3135 3266,3138 3266,3085 3239,3090 3234,3086 3223,3093 3177,3081 3167,3087 3147,3085"/>
                <Baseline points="3154,3124 3180,3123 3206,3124 3232,3125 3258,3124"/>
                <TextEquiv>
                    <Unicode>Der</Unicode>
                </TextEquiv>
            </TextLine>
            <TextLine id="r2l81" custom="readingOrder {index:80;}">
                <Coords points="1969,3134 3132,3117 3118,3072 1969,3100"/>
                <Baseline points="1977,3134 2034,3134 2091,3133 2148,3132 2206,3132 2263,3131 2320,3130 2378,3129 2435,3128 2492,3127 2550,3126 2607,3126 2664,3125 2721,3124 2779,3123 2836,3123 2893,3123 2951,3122 3008,3122 3065,3122 3123,3123"/>
                <TextEquiv>
                    <Unicode>Verfassers ergeht sich in der betaillirten Wiedergabe der</Unicode>
                </TextEquiv>
            </TextLine>
            <TextLine id="r2l82" custom="readingOrder {index:81;}">
                <Coords points="1970,3171 3079,3179 3121,3136 1969,3133"/>
                <Baseline points="1978,3180 2034,3177 2091,3175 2148,3174 2205,3173 2261,3172 2318,3172 2375,3171 2432,3171 2488,3171 2545,3171 2602,3171 2659,3171 2715,3171 2772,3171 2829,3170 2886,3170 2942,3169 2999,3168 3056,3167 3113,3165"/>
                <TextEquiv>
                    <Unicode>kleinen Lebensgewohnheiten seiner kleinen Helden; die Zeit</Unicode>
                </TextEquiv>
            </TextLine>
            <TextLine id="r2l83" custom="readingOrder {index:82;}">
                <Coords points="3142,3205 3153,3205 3164,3198 3174,3201 3199,3190 3206,3193 3233,3187 3247,3175 3255,3175 3256,3156 3240,3154 3229,3144 3221,3146 3213,3137 3208,3139 3202,3134 3179,3137 3170,3132 3160,3142 3142,3141"/>
                <Baseline points="3150,3176 3182,3174 3215,3176 3248,3176"/>
                <TextEquiv>
                    <Unicode>Agr</Unicode>
                </TextEquiv>
            </TextLine>
            <TextLine id="r2l84" custom="readingOrder {index:83;}">
                <Coords points="1972,3207 3131,3214 3022,3168 1972,3180"/>
                <Baseline points="1980,3224 2037,3222 2094,3220 2151,3219 2208,3217 2265,3216 2322,3215 2380,3215 2437,3214 2494,3214 2551,3213 2608,3213 2665,3213 2722,3213 2780,3212 2837,3212 2894,3212 2951,3212 3008,3211 3065,3210 3123,3210"/>
                <TextEquiv>
                    <Unicode>hat ihm keinerlei Gedanken einzuflößen vermocht. Der Musikus</Unicode>
                </TextEquiv>
            </TextLine>
            <TextLine id="r2l85" custom="readingOrder {index:84;}">
                <Coords points="1965,3261 3128,3259 3127,3223 3046,3212 1965,3237"/>
                <Baseline points="1974,3268 2031,3267 2088,3265 2145,3264 2203,3263 2260,3262 2317,3262 2374,3261 2432,3261 2489,3260 2546,3260 2603,3260 2661,3259 2718,3259 2775,3258 2832,3258 2890,3257 2947,3257 3004,3256 3061,3255 3119,3254"/>
                <TextEquiv>
                    <Unicode>Miller spricht das erlösende Wort seiner Zeit, der Musikus</Unicode>
                </TextEquiv>
            </TextLine>
            <TextLine id="r2l86" custom="readingOrder {index:85;}">
                <Coords points="3139,3274 3158,3269 3171,3279 3185,3274 3198,3277 3216,3267 3233,3273 3260,3268 3260,3217 3249,3218 3218,3201 3212,3208 3200,3200 3177,3222 3138,3234"/>
                <Baseline points="3147,3269 3173,3265 3200,3264 3226,3265 3253,3267"/>
                <TextEquiv>
                    <Unicode>ford</Unicode>
                </TextEquiv>
            </TextLine>
            <TextLine id="r2l87" custom="readingOrder {index:86;}">
                <Coords points="1976,3321 3120,3317 3076,3260 1976,3276"/>
                <Baseline points="1984,3312 2040,3311 2096,3311 2153,3310 2209,3309 2266,3309 2322,3308 2378,3307 2435,3306 2491,3305 2548,3305 2604,3304 2660,3303 2717,3302 2773,3302 2830,3301 2886,3301 2942,3300 2999,3300 3055,3300 3112,3299"/>
                <TextEquiv>
                    <Unicode>Weyring, der ihm vielfach gegenübergestellt wurde, die Sprache</Unicode>
                </TextEquiv>
            </TextLine>
            <TextLine id="r2l88" custom="readingOrder {index:87;}">
                <Coords points="3141,3311 3167,3310 3173,3317 3197,3315 3207,3325 3218,3325 3246,3306 3260,3308 3261,3287 3251,3288 3244,3280 3237,3283 3217,3266 3197,3283 3183,3276 3168,3277 3160,3285 3143,3282"/>
                <Baseline points="3150,3313 3175,3312 3201,3312 3226,3314 3252,3317"/>
                <TextEquiv>
                    <Unicode>auf,</Unicode>
                </TextEquiv>
            </TextLine>
            <TextLine id="r2l89" custom="readingOrder {index:88;}">
                <Coords points="1964,3352 3126,3354 3125,3316 3049,3302 1963,3314"/>
                <Baseline points="1971,3354 2028,3354 2085,3354 2142,3354 2200,3353 2257,3352 2314,3352 2372,3351 2429,3350 2486,3349 2544,3348 2601,3347 2658,3346 2715,3345 2773,3344 2830,3343 2887,3343 2945,3342 3002,3342 3059,3342 3117,3342"/>
                <TextEquiv>
                    <Unicode>einer Theatermutter. Der Theaterzettel allein behauptet kühn</Unicode>
                </TextEquiv>
            </TextLine>
            <TextLine id="r2l90" custom="readingOrder {index:89;}">
                <Coords points="3147,3358 3165,3365 3183,3356 3190,3361 3226,3360 3235,3368 3245,3359 3253,3365 3264,3365 3265,3316 3235,3314 3212,3328 3196,3314 3174,3317 3166,3309 3161,3314 3148,3312"/>
                <Baseline points="3156,3352 3181,3351 3206,3352 3231,3354 3256,3352"/>
                <TextEquiv>
                    <Unicode>da d</Unicode>
                </TextEquiv>
            </TextLine>
            <TextLine id="r2l91" custom="readingOrder {index:90;}">
                <Coords points="1964,3385 3097,3405 3121,3350 2533,3379 1963,3353"/>
                <Baseline points="1972,3400 2029,3398 2086,3397 2143,3395 2200,3394 2257,3393 2314,3393 2371,3392 2428,3391 2485,3391 2542,3391 2599,3390 2656,3390 2713,3390 2770,3390 2827,3389 2884,3389 2941,3389 2998,3389 3055,3388 3113,3388"/>
                <TextEquiv>
                    <Unicode>den Boden der Gegenwart. — Dem Versuche Schnitzler's,</Unicode>
                </TextEquiv>
            </TextLine>
            <TextLine id="r2l92" custom="readingOrder {index:91;}">
                <Coords points="3135,3401 3147,3403 3150,3399 3206,3409 3222,3401 3234,3406 3268,3405 3269,3365 3248,3368 3242,3362 3235,3368 3226,3360 3189,3360 3184,3355 3165,3365 3136,3361"/>
                <Baseline points="3144,3399 3173,3397 3202,3397 3231,3399 3260,3401"/>
                <TextEquiv>
                    <Unicode>Der</Unicode>
                </TextEquiv>
            </TextLine>
            <TextLine id="r2l93" custom="readingOrder {index:92;}">
                <Coords points="1969,3443 3128,3440 3128,3400 3069,3389 1969,3395"/>
                <Baseline points="1977,3442 2034,3441 2091,3441 2148,3441 2205,3441 2263,3440 2320,3440 2377,3440 2434,3439 2491,3439 2549,3438 2606,3438 2663,3437 2720,3437 2777,3437 2835,3436 2892,3436 2949,3436 3006,3436 3063,3436 3121,3436"/>
                <TextEquiv>
                    <Unicode>seine novellistische Begabung dramatisch zu verwerthen, ging</Unicode>
                </TextEquiv>
            </TextLine>
            <TextLine id="r2l94" custom="readingOrder {index:93;}">
                <Coords points="1966,3506 3019,3476 3123,3509 3123,3439 1966,3456"/>
                <Baseline points="1974,3485 2031,3484 2088,3484 2145,3484 2202,3484 2259,3484 2316,3484 2373,3484 2430,3483 2487,3483 2545,3483 2602,3483 2659,3482 2716,3482 2773,3481 2830,3480 2887,3480 2944,3479 3001,3478 3058,3477 3116,3476"/>
                <TextEquiv>
                    <Unicode>das technische Virtuosenstückchen Giacosa's „Rechte der</Unicode>
                </TextEquiv>
            </TextLine>
            <TextLine id="r2l95" custom="readingOrder {index:94;}">
                <Coords points="3151,3500 3165,3499 3176,3504 3184,3499 3207,3511 3216,3507 3224,3514 3237,3504 3259,3509 3260,3453 3217,3452 3210,3448 3186,3459 3177,3454 3151,3453"/>
                <Baseline points="3158,3493 3189,3494 3220,3494 3252,3494"/>
                <TextEquiv>
                    <Unicode>wirk</Unicode>
                </TextEquiv>
            </TextLine>
            <TextLine id="r2l96" custom="readingOrder {index:95;}">
                <Coords points="1968,3536 3085,3547 3131,3499 1967,3496"/>
                <Baseline points="1975,3528 2032,3528 2089,3529 2147,3529 2204,3529 2262,3529 2319,3528 2377,3528 2434,3527 2492,3527 2549,3526 2606,3526 2664,3525 2721,3525 2779,3524 2836,3524 2894,3524 2951,3525 3009,3525 3066,3526 3124,3527"/>
                <TextEquiv>
                    <Unicode>Seele“, in guter Verdeutschung von O. Eisenschitz,</Unicode>
                </TextEquiv>
            </TextLine>
            <TextLine id="r2l97" custom="readingOrder {index:96;}">
                <Coords points="3150,3541 3164,3542 3180,3553 3190,3546 3207,3548 3212,3544 3218,3551 3233,3552 3244,3544 3249,3547 3260,3544 3259,3510 3235,3504 3223,3514 3216,3508 3207,3511 3179,3497 3168,3502 3165,3499 3149,3502"/>
                <Baseline points="3158,3543 3189,3543 3220,3541 3252,3543"/>
                <TextEquiv>
                    <Unicode>Ro</Unicode>
                </TextEquiv>
            </TextLine>
            <TextLine id="r2l98" custom="readingOrder {index:97;}">
                <Coords points="1965,3574 1992,3574 2007,3587 2034,3573 2073,3589 2088,3576 2125,3577 2125,3552 2109,3552 2085,3536 2078,3543 2069,3538 2062,3543 2024,3543 1993,3532 1965,3536"/>
                <Baseline points="1973,3571 2001,3571 2030,3571 2059,3571 2088,3570 2117,3569"/>
                <TextEquiv>
                    <Unicode>voran.</Unicode>
                </TextEquiv>
            </TextLine>
            <TextLine id="r2l99" custom="readingOrder {index:98;}">
                <Coords points="3152,3614 3163,3614 3171,3606 3185,3607 3199,3594 3209,3600 3223,3598 3235,3606 3250,3601 3266,3604 3265,3551 3254,3553 3244,3543 3216,3560 3201,3547 3190,3546 3176,3553 3164,3542 3150,3542"/>
                <Baseline points="3159,3597 3184,3594 3209,3593 3234,3593 3259,3595"/>
                <TextEquiv>
                    <Unicode>Por</Unicode>
                </TextEquiv>
            </TextLine>
            <TextLine id="r2l100" custom="readingOrder {index:99;}">
                <Coords points="2086,3613 3117,3617 3116,3576 2974,3556 2085,3576"/>
                <Baseline points="2093,3613 2143,3612 2194,3612 2245,3612 2296,3612 2347,3612 2397,3611 2448,3611 2499,3611 2550,3610 2601,3610 2651,3610 2702,3609 2753,3609 2804,3609 2855,3608 2905,3608 2956,3607 3007,3607 3058,3607 3109,3606"/>
                <TextEquiv>
                    <Unicode>(Deutsches Volksrheater). Mit David's „Regentag“ hat</Unicode>
                </TextEquiv>
            </TextLine>
            <TextLine id="r2l101" custom="readingOrder {index:100;}">
                <Coords points="3142,3657 3168,3662 3182,3650 3202,3658 3209,3651 3219,3652 3223,3647 3241,3653 3252,3651 3249,3605 3235,3606 3223,3597 3209,3600 3199,3594 3187,3606 3169,3606 3148,3627 3140,3627"/>
                <Baseline points="3150,3648 3181,3645 3212,3643 3243,3641"/>
                <TextEquiv>
                    <Unicode>pfai</Unicode>
                </TextEquiv>
            </TextLine>
            <TextLine id="r2l102" custom="readingOrder {index:101;}">
                <Coords points="1966,3653 3101,3655 3125,3614 1966,3626"/>
                <Baseline points="1974,3647 2031,3649 2088,3649 2145,3650 2202,3650 2259,3650 2316,3650 2373,3650 2430,3650 2487,3649 2545,3649 2602,3648 2659,3648 2716,3648 2773,3647 2830,3647 2887,3647 2944,3647 3001,3647 3058,3648 3116,3649"/>
                <TextEquiv>
                    <Unicode>das Volkstheater einen eclatanten Mißerfolg erlitten. An dieser That¬</Unicode>
                </TextEquiv>
            </TextLine>
            <TextLine id="r2l103" custom="readingOrder {index:102;}">
                <Coords points="1968,3701 3263,3711 3230,3649 1967,3664"/>
                <Baseline points="1976,3689 2039,3690 2103,3690 2167,3690 2231,3690 2295,3690 2359,3689 2423,3689 2487,3688 2551,3687 2615,3687 2678,3686 2742,3685 2806,3685 2870,3684 2934,3684 2998,3684 3062,3683 3126,3683 3190,3684 3254,3684"/>
                <TextEquiv>
                    <Unicode>sache etwas beschönigen zu wollen hieße der Wahrheit ins Gesicht 1 K5</Unicode>
                </TextEquiv>
            </TextLine>
            <TextEquiv>
                <Unicode>jen öffent= Interpenanon eindringen.
rt.
Der
22
Theater.
1
(Burgtheater.) Vor drei Jahren noch war der Di¬
el
rector in Ungnade und die Aufführung eines Gerhard
Hauptmann identisch mit einer Entweihung der Hofbühne.
en.
Dann begann man die unbequemen Stücke zu verzeihen und
n Landes¬
der Director seine „unglückliche Hand“ zu verlieren, die
ehedem so heillose Mißgriffe gethan hatte. Heute ist Arthur
24jährige
Schnitzler eine selbstverständliche Erscheinung im Reper¬
gasse 43
toire, der nicht mehr „unberufene“ Director versteht es, das
ftet und
alte Burgtheater — unberufen! — mit modernem Geiste zu
vilcapell¬
erfüllen. Ja, er ist ein moderner Director, der den Fiaker
ich einen
überwunden hat und, ein Bahnbrecher, auf dem Bicycle
durch die Mariahilferstraße dahinsaust. Das ist dieselbe Vor¬
urtheilslosigkeit, die „Liebelei“ dem Burgtheater zuge¬
Leopold
führt hat. Wir wollen Herrn Arthur Schnitzler seine kleinen
4 Uhr
reise nicht stören; — sein gewissenhaftes Talent bewegt sich
Bähring
noch immer innerhalb der Grenzen von Provinz Anatolien,
#ete der
noch immer sind seine Menschen nicht von des Gedankens
hn und
Blässe angekränkelt. Hermann Bahr, der allen Fieberwechseln
d wurde
der neuen Literatur den Puls fühlt, hat unseren „hiesigen“
tissariate

Dichtern „weiche, warme, Wiener Luft“ verordnet. I
ersuchten
Horizont sind darum die „stillen Gassen am Sonntag=Nach¬
Nr. 41
weiter.
mittag“ und die „gewissen traurigen Tische im einsamen
Met. 
Praterwirthshaus“. Von der Dachstube eines süßen Vor¬
95, 146
stadtmädels aus kann man dann auch die Sensation ge¬
nießen, die in dem „Gedanken“ liegt, daß von da unten wohl
Schlefi
nie das Geräusch eines Wagens heraufdringt. Wenn jedoch
Erster
sie hierauf in ihrer liebenswürdigen Naivetät einwirft:
Naid
Arfa
„Nein — aber eine Schlisserwerkstätte ist unten,“ so mag er
Platz:
in einer stimmungsvollen Anwandlung von Ollendorf selig
erwiedern: „Das ist unangenehm.“ „Liebelei“ ist reich an
Lud.
solchen Feinheiten. Dergleichen Stimmung nun wird von
hofer
den jungen Wienern programatisch betrieben. Eine der nied¬
930
lichen Anatol=scenen in drei Acte ausgewalzt und mit tödt¬
als 2
lichem Ausgang, heißt: „Liebelei.“ Schnitzler ist seinem
Lebemann mit der Wichtigkeit eines „Problems“ an den
Leib gegangen und hat nun endlich sein Lebenswerk „Anatols
Glück und Ende“ hinter sich. — In dem übrigens technisch
gelungensten ersten Act wird der Doppeladler=Marsch ge¬
spielt — hiedurch fühlt sich die Tradition der Hofbühne
mitte
heute nicht mehr entweiht; ob aber darum das Schauspiel
nach
„modern“ ist, möchten wir bezweifeln. Der „Verismus“ des
Der
Verfassers ergeht sich in der betaillirten Wiedergabe der
kleinen Lebensgewohnheiten seiner kleinen Helden; die Zeit
Agr
hat ihm keinerlei Gedanken einzuflößen vermocht. Der Musikus
Miller spricht das erlösende Wort seiner Zeit, der Musikus
ford
Weyring, der ihm vielfach gegenübergestellt wurde, die Sprache
auf,
einer Theatermutter. Der Theaterzettel allein behauptet kühn
da d
den Boden der Gegenwart. — Dem Versuche Schnitzler's,
Der
seine novellistische Begabung dramatisch zu verwerthen, ging
das technische Virtuosenstückchen Giacosa's „Rechte der
wirk
Seele“, in guter Verdeutschung von O. Eisenschitz,
Ro
voran.
Por
(Deutsches Volksrheater). Mit David's „Regentag“ hat
pfai
das Volkstheater einen eclatanten Mißerfolg erlitten. An dieser That¬
sache etwas beschönigen zu wollen hieße der Wahrheit ins Gesicht 1 K5</Unicode>
            </TextEquiv>
        </TextRegion>
    </Page>
</PcGts>
