3436 4224
441 239 768 326 Liebele
258 238 1400 368 5. 11 box 10/2
1285 986 1800 1069 22. Februar 1896.
318 993 536 1074 Seite 2.
174 1094 1866 1172 der heraus, aus der Anbetung, mit der] Durch diese Frage ist er mit dem tragischen Schicksale
180 1164 1866 1223 ndenten hängt, aus der Sorge, mit der seiner Tochter, der er jede Freiheit gewährt, verknüpft;
182 1206 1861 1273 ensverhältnisse des Geliebten eindringen er kennt im Herzensgrunde die Leichtfertigkeit so wenig
177 1253 1860 1310 er Eifersucht gegen jene vornehme Dame, wie sie, er irrt und leidet mit ihr und wird mit ihr
885 1279 1851 1355 zugrunde gehen. Zunächst wirft das Schicksal in
173 1296 889 1362 en sie Fritz jüngst im Theater vernach¬
888 1339 1871 1400 einer Liebesscene zwischen Fritz und Christine seine
189 1341 882 1409 itz sucht für seinen Theil abzulenken und
891 1387 1860 1440 Schatten voraus. Fritz hat im Gedränge seiner Duell¬
194 1404 887 1448 er spielt den überlegenen Lebemann, der
898 1432 1858 1498 angelegenheit das mit Christine verabredete Rendezvous
175 1433 881 1500 he Mädchen sanft in die Grenzen der
890 1492 1863 1546 versäumt und sucht das Mädchen während der Abwe¬
183 1493 876 1546 ückführt. Aber es geht ihm nicht vom
895 1543 1857 1587 senheit des Vaters in seiner Wohnung u. Der
175 1531 881 1601 stinens Ernst greift in seine Seele hin¬
891 1574 1864 1646 Zauber der Schlichtheit und Hingebung umgibt ihn.
184 1577 881 1640 nigkeit thut ihm weh wie ein Vorwurf
890 1623 1854 1686 und ohne es auszusprechen, fühlt er, daß jener große
191 1630 886 1694 das Gefühl trauriger Ahnung, das ihn
889 1666 1855 1732 Roman, um den er sein Leben wagen muß, eine
188 1671 887 1753 rlich überwiegt trotz alledem die leichtfertige
888 1717 1863 1780 geckische Thorheit gewesen, während ihn hier im Je¬
190 1727 879 1782 ein schriller Glockenton, der einen nächt¬
896 1768 1862 1819 reiche der vermeintlichen „Liebelei“ aller Zauber der
183 1774 890 1848 anmeldet, diese Stimmung durchbricht.
884 1824 1863 1885 Liebe, alle Innigkeit weiblicher Hingebung umbegt.
187 1821 886 1880 gt die Mädchen in's Nebenzimmer, und
899 1855 1866 1927 Ein verhängnißvolles Zu spät! schwebt über allen
194 1875 883 1928 t den unerwarteten und doch längst heim¬
898 1909 1856 1977 Entzückungen dieses schlichten Gesprächs, und eine
186 1924 882 1984 en Besuch. Die Unterredung mit dem
895 1963 1864 2031 angstvolle Ahnung gibt jedem Worte eine tiefere Be¬
190 1959 891 2025 z und inhaltsschwer. Der Mann der
888 2007 1863 2062 deutung. Da Fritz endlich vom Theodor abgeholt
188 2005 887 2077 Frau“ (Hr. Schmidt) sucht den Ver¬
192 2063 1863 2124 nd legt ihm die Beweise seiner Schuld wird und eine Reise vorschützt, die ihn für mehrere
186 2102 1861 2184 Redensarten werden ausgetauscht; der Tage fernhalten wird, bricht der Schmerz des einfachen
190 2159 1863 2213 einen Zweikampf zügelt die Leidenschaft Mädchens mit elementarer Gewalt hervor. Im dritten
887 2201 1862 2266 Acte tritt die Katastrophe ein. Fritz ist im Duell ge¬
182 2208 883 2265 n, der sich mit der Aussicht auf Genug¬
904 2247 1871 2300 fallen, der älte Geiger, dem die Tochter Unkerdeß ihr
177 2249 884 2318 den gibt. Theodor spricht dem Freunde
888 2282 1855 2355 Abentener und ihren Fehltritt gestanden hat, kennt den
178 2298 891 2370 Fritz sucht sich zu beherrschen, und den
198 2355 1857 2404 wieder in den Salon gerufen werden, ganzen Verlauf des Unglücks und sucht die Tochter,
178 2394 1857 2469 igkeit von vorhin vorgegankelt. Mizi ist die in fieberhafter Angst des Geliebten harrt, auf das
177 2439 1852 2505 auf den alten Ton gestimmt, aber Chri= Aeußerste vorzubereiten. Sie hört aus seinen milden
177 2479 1863 2565 s Aengstliche der Situation und bangt Worten nur die Unglücksbotschaft heraus, sie liest das
183 2520 1851 2616 bten, vor dem sie schweren Herzens Ab= Schreckliche von dem Gesichte Theodors herab, der sich
895 2580 1855 2631 mit Mizi ein findet, um zu trösten; sie erräth, daß ihr
193 2578 897 2645 Die übermüthigen Grüße der Lustigen
897 2611 1853 2684 Fritz um ein Weib gefallen ist, und die schöne Dame,
178 2629 903 2697 on der Gasse in die Stube zurück, in der
896 2659 1855 2728 die sie vom Theater herkennt, und in ihren jähen
174 2687 902 2772 er Last des furchtbaren Erlebnisses zu¬
174 2704 1847 2789 *Der zweite Act führt in ein anderes Milieu, Schmerz mischt sich die furtchbare Erkenntniß, daß sie
903 2774 1855 2822 in dem Leben des Mannes, der ihr Alles war, nichts
188 2780 897 2841 s Heim, in die Wohnung des Violin¬
899 2807 1843 2882 als ein Spielzeug, ein Nebending, ein „Liebelei“ ge¬
166 2823 905 2897 ng vom Jesefstädter Theater (Hr. Rencker),
912 2847 1845 2921 wesen ist. Sie will den Todten sehen; aber die Erde
187 2871 903 2935 es Glück in seiner Tochter findet. Der
902 2891 1846 2971 hat ihn bereits aufgenommen. Nichts bleibt ihr zurück
173 2919 906 2987 st ein wunderlicher Philosoph, so eine Art
910 2947 1839 3023 als das Gefühl der Scham und der Verzweiflung; sie
181 2969 905 3034 n ins Wienerische übersetzt, „Einer, der
910 3000 1845 3067 stürzt aus dem Hause fort, Theodor und Mizi ver¬
174 3016 896 3090 t versteht,“ aber mit seiner weichen Natur
910 3045 1844 3118 folgen sie, um sie zu retten, aber der Alte, der sie
182 3071 898 3136 seren Ergebnissen gelangt, als das nor¬
172 3088 1845 3193 ll des Helbel'schen Kleinbürgers; er führt kennen muß, bricht mit den Worten: „Sie kommt
911 3140 1369 3229 nicht wieder“ zusammen,
175 3163 898 3240 gen und nicht die Axt, und aus seiner
976 3163 1836 3247 Schnitzlers Schauspiel ist eine Anlagetragödie
204 3210 905 3276 nicht der rauhe Trotz hervor, der die
907 3241 1834 3304 wie die meisten bürgerlichen Dramen unseer Zeit, die
185 3252 895 3324 heilt, sondern die milde Nachgiebigkeit, die
910 3280 1839 3350 nicht aus theatralischen Eindrücken, sondet aus der
175 3302 897 3357 rn Verhältnissen anschmiegt. Er hat jahre¬
911 3321 1838 3387 Tiefe der Lebensbeobachtung hervorgehen. schuld und
177 3343 897 3420 me Schwester behütet und sie unter seinem
911 3369 1838 3440 Untergang der Helden wachsen aus den gesechaftlichen
173 3394 902 3469 los dahinsiechen gesehen, ihm schaudert
923 3425 1839 3489 Verhältnissen hervor, in denen sich die Chaftere ver¬
178 3449 905 3512 fleichen Schicksal seines Kindes, und in
921 3474 1846 3539 stricken. Aber kein Wort vorlauter Tendt dringt
172 3488 905 3558 mmenheit nirft er die Frage auf, ob die
914 3522 1826 3587 über die Schranken der künstlerischen Darstang her¬
177 3541 908 3614 kinem eingeengten, kargen Dasein für einen
919 3567 1823 3632 aus; Alles ist gesehen und empfunden, in 1 Hand¬
179 3584 910 3672 kstraum der Jugend entschädigen kann.
391 3721 517 3780 48
926 3734 1851 3844 damit hatte man ein unerschöpfliches hema
179 3756 918 3862 ch will Sit bei meinen Bekannten
930 3817 1208 3896 angeschlagen.
1008 3844 1828 3918 Dinah erinnerte sich gerade über dasrak¬
186 3847 919 3962 ike sehr für Ihre besondere Liebens¬
580 3900 1831 3997 koinen Gebrauch tische der umgelegten Krägen, als Lonkic i
2223 1004 2817 1094 Beil. z. Boh. Nr. 52.
2189 1104 3143 1183 lung iritt keine schlaue Absichtsichkeit, im Worte keine
2195 1174 3153 1227 herausfordernde Rabulistik hervor; die Natur webt die
2195 1212 3156 1267 Tragik des Stücks, die Charaktere sprechen sich und
2183 1255 3154 1326 keine ihnen angedichtete Weisheit aus und das Be¬
2191 1297 3157 1367 deutende ist in die Einfachheit des Tones gebannt.
2194 1354 3161 1417 Die Energie, mit der das Motiv behandelt ist, die
2183 1399 3154 1465 Meisterschaft des Milieus, das namentlich im ersten
2187 1455 3161 1515 Acte sich ungemein reich entfaltet, und der Stimmungs¬
2191 1490 3156 1558 reiz der Hauptscenen bezeugen dichterische Kraft und
2188 1531 3160 1599 eine dramatische Technik, die der sichergestaltenden Kunst
2181 1596 3158 1661 und nicht dem Bereiche der kleinen theatralischen Künfte
2195 1633 3161 1699 angehört. An dem ergreifenden Eindrucke, den das
2191 1680 3159 1759 Schauspiel machte, hatte die wohlgestimmte Auf¬
2186 1729 3163 1807 führung einen wesentlichen Antheil. Die einzelnen
2193 1775 3160 1852 Darbielungen waren nicht gleichwerthig, aber die Regie
2190 1832 3157 1901 des Herrn Dalmonico hatte für eine charakteristische
2184 1864 3166 1953 Inscenirung, für ein gutes Ineinandergreifen der Kräfte
2196 1925 3158 1985 und für eine gleichmäßige Leichtigkeit des Tones gesorgt.
2190 1963 3153 2047 Vortrefflich war Frl. Jasser in der Rolle der Chri¬
2189 1997 3160 2090 stine; in der kleinbürgerlichen Sphäre gestaltet diese
2193 2068 3160 2138 Schauspielerin am sichersten und wirksamsten. Sie
2193 2117 3159 2189 brachte Vertrauen, Hingebung, Schmerz und ging doch
2189 2166 3172 2236 in keinem Tone über die Einfalt und Einfachheit der
2188 2207 3167 2269 Verhältnisse, aus denen Christine herparg###bsen ist.
2194 2245 3165 2306 hinans. Volksthümlicher Ernst gehörte zu den schwie¬
2199 2297 3161 2356 rigsten schauspielerischen Tonarten. Frl. Fasser be¬
2185 2345 3164 2413 heirrschte diese Tonart vom Anfang bis zum Ende ihrer
2186 2389 3163 2466 Rsolle; sie gelangte auf die Höhe, Tragik, ohne das
2195 2438 3168 2504 schllichte Mädchen aus der Wiener Vorstadt einen Mo¬
2188 2504 3157 2550 mant vergessen zu klassen. An der Mizi des Frl.
2193 2540 3166 2597 Wtoller hatte sie eine sehr glückliche Contrastfigur;
2186 2587 3155 2647 de; seichte, leichtfertige, in seiner Oberflächlichkeit leicht
2229 2634 3180 2698 knische Naturell war in der Darstellung des Frl. 1
2242 2680 3156 2746 hller charakteristisch ausgeprägt und auch die Local¬
2241 2722 3159 2788 bung der Gestalt eine durchaus gelungene. Die
2256 2776 3158 2847 müthige Leichtsertigkeit Theodors fand in Herrn
2257 2809 3158 2878 uber einen temperament= und humorvollen Ver¬
2251 2861 3157 2927 er; er bildete, wie er sollte, das belebende Element
2273 2917 3156 2974 ersten Actes. Schwächer war Herr Gregory,
2268 2956 3164 3018 zwar den Hauptinhalt der Rolle vermittelte, aber
2259 3009 3166 3087 rechte Farbe der Charakteristik nicht fand. Er hatte
2264 3061 3149 3115 der Erscheinung zu viel vom Sonntagsstutzer, in
2258 3104 3162 3156 Bewegung zu viel Theatralisches, in der Rede zu
2249 3151 3161 3210 von jenem Bildungston, der zur süddeutschen Be¬
2238 3197 3150 3260 emlichkeit nicht stimmt; am besten gelang ihm die
2238 3251 3159 3308 zie Scene, in der er die weiche Stimmung, die all¬
2238 3296 3156 3347 mach in das Gespräch eindringt, gut anzudeuten
2222 3346 3149 3400 jußte. Herr Reucker, der den alten Geiger spielte,
2202 3388 3154 3444 Lat offenbar ein Bewußtsein von der Bedeutung dieser
2198 3437 3156 3492 kleinen Rolle; er versuchte nicht ohne Erfolg nach der
2202 3480 3162 3551 Seite der resignirten Schlichtheit und der grenzenlosen
2195 3524 3155 3594 Milde hin zu charakterisiren; aber der Ton gerieth
2199 3564 3161 3641 ihm viel zu salbungsvoll. Recht resolut charakterisirte
2204 3626 3147 3688 Frl. Klein die zudringliche Hausfreundin Katharina
2199 3677 3155 3733 Binder, die den Ton des Marktes auf die Scene
2200 3719 3160 3772 bringt und viel Kraft und charakteristische Haltung
2198 3773 3149 3834 gab Hr. Schmidt dem betrogenen Ehemann, der
2208 3805 3162 3879 #urzen Pro#e3 macht. Die Darsteller wurden stürmisch
2202 3865 3166 3921 gerusen. Das Stück ist ein Lebensgewinn für das
2173 3906 3164 3992 „Theater, und dem Autor, der sich mit diesem Drama
2192 3957 3174 4045 einführte, wird' noch viel Lebenskräftiges zu danken
2183 4011 2320 4076 sein.
2971 4001 3109 4077 A. #.
