3344 4256
2672 157 3028 265 Sonntag,
1002 149 2372 350 General=Anzeiger.
337 180 941 355 Bremer
2468 253 3242 346 den 11. Dezember 1898.
1948 320 2110 413 Se Pen
502 334 758 425 S
380 399 3258 470 denen sie in Berührung kommen, ernst, währendsfrau, die im zweiten Akt auftritt. Daß das Stück kleinen, ungemein schwierigen Rolle des Ehemanns
1323 447 3251 510 auf Wiener Boden erwachsen ist, verhehlt sich gab ein ganz klein wenig zu viel, was an dieser
172 432 362 535 ter.
366 461 1340 530 Theodor und Mizzi leidenschaftslose Naturen sind,
1323 492 3259 567 nirgends; das giebt sich an seinen liebenswürdigen Stelle aber viel zu viel ist. Frau Ahlers
374 505 1344 582 die das Leben genießen, aber einer vollen
2277 545 3247 616 hätte die Strumpfwirkersfrau noch ein
1332 555 2283 611 Menschen ebenso, wie an vielen kleinen Zügen kund.
381 560 1332 626 Freude, einer großen Liebe nicht fähig sind.
181 553 270 648 #
2273 589 3255 673 wenig mehr nach der Seite des Kleinlichen
1332 601 2287 667 Wiener Freude an Musik klingt in dem Stück
385 596 1351 669 Nun hat Schnitzler sehr fein das stärkere
2372 635 3245 707 Bösartigen hin spielen können.
161 622 397 717 Pas dieser
2285 651 2401 709 und
1339 642 2278 712 wieder, und auch dem Kahlenberg wird ein, wenn
385 649 1336 715 Temperament den beiden Frauen zugewiesen und
2319 680 3251 758 Vorauf ging Grillparzers Esther=Fragment,
165 686 388 760 esitzt, das
1330 690 2296 765 auch flüchtiger Blick gegönnt. Es ist eine lebens¬
393 685 1339 762 dadurch unterscheiden sie sich wieder von den
157 726 390 801 Eres Stadt¬
2281 740 3262 798 in der Frau Sorma sich nicht so ganz ausleben
1328 744 2283 816 volle Schöpfung, die Schnitzler mit seiner „Liebelei“
389 750 1332 812 Männern. Während Fritz seine Liebesgeschichten
2283 788 3261 858 konnte, wie in der „Lieblei“, aber gleichfalls eine
168 787 392 855 etzten Platz
1339 797 2282 860 geschaffen hat, dem Leben mit der Kraft des Künstlers
381 803 1343 866 zu ernst nimmt, wie ihm Theodor in leichterer
2272 821 3253 898 Probe ihrer reifen Kunst gab, während Herr
187 838 2281 897 die liebe Lebensauffassung vorwirft, wird er von einer nachgebildet. Freilich wird ein wenig viel theoretisirt
180 884 392 954 willkommen
2279 878 3264 953 [Lindikoff als König und Herr Dr. Manning
384 886 2281 959 Liebe doch nicht so ganz erfüllt, wie Christine in dem Stück: so theoretisiren Fritz und Theodor
175 939 398 1009 en Abends
385 948 3259 1005 und legt doch nicht seinen ganzen Lebensinhalt über die Liebe, der alte Weiringer über die Jugendsals Haman ihr mit bestem Können würdig zur
2976 982 3230 1053 Dr. L. St.
369 973 2578 1055 hinein, wie das Mädchen. Mann und Frau werden in ihrem Verhältniß zur Lebensfreude, und Schatten Seite standen.
174 1034 2298 1103 Schausviel wieder einmal in den scharfen Gegensatz gestellt, einer solchen Analysirungslust fallen auch auf
177 1076 401 1145 rs Arthur
2382 1060 3145 1159 1. Populäres Symphonie=Konzert
388 1079 2285 1148 der in ihren Naturen begründet ist. Und ebenso Christine. Statt reiner Empfindung giebt sie
185 1129 412 1194 e als erste
386 1125 2306 1205 fein und lebenswahr sind Theodor und Mizzi ge=manchmal Auseinandersetzungen, die mehr dem
2319 1135 3224 1213 des Städtischen Orchesters.
171 1181 398 1242 an sagt ja
378 1172 2310 1267 zeichnet, deren Liebe von leichterem Schlage Dichter gehören, als dieser aus einfachen Empfin¬
2326 1172 3261 1265 Die dankenswerthe Gelegenheit, gegen ein ver¬
166 1226 396 1291 innen den
1341 1228 2149 1305 dungen zusammengesetzten Mädchennatur.
388 1228 1346 1314 und mit dem hohen Namen Liebe kaum
2262 1232 3256 1328 hältnißmäßig geringes Eintrittsgeld die hervor¬
173 1272 408 1344 ber bisher
379 1283 1365 1352 mehr zu benennen ist; sie wechselt rasch
1394 1291 3261 1360 Die Christine in die Welt der Bretter zu ge=Tragendsten Tonschöpfungen in ausgezeichneter
175 1319 406 1392 haben, wie
391 1342 1342 1398 mit ihren Gegenständen, ohne tiefere Eindrücke zu
2277 1348 3267 1400 Wiedergabe genießen zu können, war gestern, ge¬
1338 1344 2293 1413 leiten und sie von neuem zu blühendem Leben
174 1375 1340 1452 daß Neuessempfangen, und die Frau, die ihr Leben und ihre
1342 1388 3270 1464 zu erwecken, ist eine Aufgabe für Frau Sorma,legentlich des ersten Konzertes unseres vortreff¬
161 1421 1338 1489 gang finde. rasch auf einander folgenden Neigungen so kühl
2281 1430 3270 1502 lichen Städtischen Orchesters, vom Publikum
1340 1443 2298 1509 die so recht für ihre künstlerische Individualität
167 1464 1353 1549 Fückhaltung betrachtet, wie Mizzi, ist noch um einige Nüancen
2283 1495 3257 1550 leider nur ungenügend wahrgenommen worden.
1333 1501 2300 1559 geschaffen ist. Sie gab der Rolle vor allem den
179 1525 1341 1589 sein, daß leichtfertiger und roher in ihrem Empfinden,
1339 1545 3263 1610 Zug, der die Grundlage jeder Christinen=Der Kasino=Saal wies recht große Lücken auf. Das
175 1571 1349 1639 erzeugendesals der Mann. Es ist von vornherein klar,
1338 1575 3266 1653 Darstellung bilden muß, eine holde und Programm war jedenfalls durchaus zweckmäßig
172 1625 1342 1684 ag dessen daß ein Verhältniß, wie das zwischen Theodor
1338 1642 3269 1701 keusche Mädchenhaftigkeit. An diesem Kinde zusammengestellt; es bot weder allzu lange und
164 1661 399 1733 nswahrheit
385 1680 1347 1734 und Mizzi ebenso rasch gelöst werden wird, wie
2286 1677 3272 1747 ermüdende, noch solche Instrumentalwerke, deren
1339 1682 2301 1755 hat die Welt mit trüben Eindrücken noch nicht
170 1715 417 1778 egt haben,
389 1724 1352 1793 es geschlossen ist und tragische Verwickelungen
2286 1711 3275 1797 Inhalt nicht dem Verständniß großer Kreise ent¬
1341 1739 2292 1808 gerührt, diese Seele hatte bisher keine Unreinheit
165 1751 1342 1832 Fe Wirkung nicht zuläßt; wohl aber werden Menschen wie
2277 1762 3266 1838 sprächen. Als Hauptwerk figurirte auf dem Pro¬
1330 1788 2297 1861 getrübt. Es war der höchste Verdienst der Dar¬
367 1814 1345 1903 Christine und Fritz durch ihr Liebesleben auf das
1338 1835 3265 1899 stellung Agnes Sormas, daß sie eine solche Per=gramm die Fdur=Symphonie von Herm.
165 1843 403 1923 es weichen
381 1872 1351 1938 stärkste beeinflußt, und aus ihm entspringen ihre
1334 1873 3262 1949 sönlichkeit glaubhaft vor uns erstehen lassensGoetz, deren vier Sätze in ihrer knappen, ge¬
164 1913 1345 1979 #te Natur;Schicksale im Leben und in der Dichtung. Es
1337 1938 3265 2002 konnte, die uns rührend und lieb mitlschickten Form und ihrem freundlichen, liebens¬
167 1959 414 2023 amer Ent¬
381 1972 1351 2047 wiederholt sich in der „Liebelei“ im kleineren der
1343 1969 3271 2044 einem Blick anschaute, in dem noch nichts würdigen, wenn auch nicht gerade grandiosen
169 2004 421 2078 net er mit
395 2030 1350 2080 ewige Gegensatz zwischen Faust= und Mephistopheles¬
1340 2023 3275 2093 Wissendes liegt. Und doch können diese Augen, Inhalt die gewohnte gute Wirkung auf
192 2063 1346 2141 , das nach Naturen, die auf den leichtlebigen und der Liebe
1335 2058 3271 2145 die Frau Sormas wirksamstes äußerlich=innerliches die Hörerschaft übten. Muthete schon der
166 2089 1359 2172 ien seinenund sanften Gefühlen günstigem Boden Wiens
1344 2111 3275 2191 Hülfsmittel sind, so beredt sprechen und alle Ge=lerste Satz in seiner Frische und seiner glänzenden
169 2151 407 2216 m bekannt
383 2165 1346 2232 verpflanzt und von einem Wiener Dichter nach
1335 2169 3274 2244 fühle der Liebe und des Schmerzes deut=Durchführung der Themen sehr angenehm an, so
169 2191 416 2264 ach Bremen
382 2213 1356 2271 seiner Anschauung und seinem Erleben neu gestaltet
1340 2216 3279 2287 licher und feiner nüanzirt zum Ausdruckrief das prächtige, geradezu genial entworfene
399 2243 1358 2328 werden; es fehlt auch nicht das holde Grethchen,
1342 2267 3274 2344 bringen. Die Steigerung der Angst bis „Intermezzo“ noch größeren Beifall hervor. Dieser
195 2298 1350 2368 von der und Mizzi bildel zu Christine denselben Kontrast
1340 2310 3276 2380 zu dem Moment, wo die entsetzliche Gewißheit Theil des Werkes ist dem Schönsten anzureihen,
170 2317 1351 2438 ne schwere, pratter Lebensnüchternheit, wie Martha Schwert¬
2282 2367 3280 2444 was in neuerer Zeit auf symphonischem Gebiet
1340 2374 2306 2428 ihr klar wird, war von Stufe zu Stufe organisch
182 2394 413 2464 mit banger
398 2414 784 2487 lein zu Grethchen.
1344 2422 3283 2491 entwickelt, und das Leiden Christinens griff zuletzt geschrieben wurde; er verleiht dem Goetz'schen
173 2436 416 2513 den beiden
436 2483 3276 2529 Daß die Persönlichkeiten des Schauspieles im hart an unsere Seele. Dagegen gab Frau Sorma Opus allerdings auch seinen größeren Werth.
159 2478 425 2557 ndeutenden
2281 2499 3279 2597 An Selbstständigkeit der Gedanken kommt ihm
395 2515 2300 2587 vollen Licht des Tages vor uns stehen, und daß in den Momenten des Alleinseins vor der
171 2542 405 2608 den Worten
2297 2559 3278 2628 weder das nachfolgende, edle Adagio
400 2565 2298 2632 wir ihnen bis auf den Grund der Seele zu Katastrophe für unser Gefühl ein wenig zu viel,
167 2591 406 2653 um es sich
166 2614 3279 2692 sorgenloser schauen vermögen, daß uns ihr ganzes Leben, wie und die nagende Sorge schien uns in ihrem gleich, noch das äußerst lebendige, flott und natür¬
175 2640 3284 2753 r, wie esses sich auch vor dem Beginn des Stückes ab=Ausdruck zu stark unterstrichen zu sein;lich dahinfließende Finale. Die Reproduktion der
182 2700 3283 2792 Semestern, gespielt hat, klar wird, und alles menschlich wahrles war nicht mehr ganz die einfache Symphonie seitens des Orchesters, dessen Leitung
189 2792 3287 2842 steht, istvor uns erscheint, das ist die große Kunst des Cbristine, die uns vorher so erfreut hatte. Die den bewährten Händen des Herrn Konzertmeisters
2293 2794 3290 2874 [O. Pfitzner anvertraut war, ließ nichts zu
1349 2808 2311 2885 Ausbrüche starken leidenschaftlichen Schmerzes
179 2817 1354 2890 nahe Be=Dichters. Was an äußeren Ereignissen in das Stück
1349 2846 3277 2924 leiden ein wenig durch das nicht sehr kräftige wünschen übrig und entbehrte nicht der warmen
167 2868 1356 2948 benbei das hineinspielt, ist gering; der Werth und die Macht
2297 2901 3283 2982 Anerkennung. Der Abend begann mit Webers
178 2907 2302 2984 dem Volkdes Stückes liegt in der künstlerischen Gestaltung Organ, das größeren Anstrengungen nicht stand
2289 2955 3290 3027 herrlicher Freischütz=Ouverture, deren
167 2949 2310 3046 ehört jener und Ausmalung seiner Persönlichkeiten, liegt in hält. Jedenfalls aber hat uns Frau Sorma mit
2295 2998 3292 3069 poesievoller, hochdramatischer Inhalt die Hörer
178 3001 2310 3088 über die er der großen Kunst, eine todesbange Stimmunglihrer Christine eine Gabe geboten, die einer großen
2275 3041 3283 3118 in ähnlicher Art fesselte wie des genialen
1342 3060 2000 3135 Menschendarstellerin würdig ist.
208 3059 1362 3136 erscheint, selbst über die heiteren Szenen zu verbreiten, eine
1390 3118 3287 3173 Das von Herrn Burchard geschickt in Ozenel Smetana späterhin gespielte symphonische
642 3096 1378 3180 die fortwährend gesteigert wird,
171 3114 658 3191 chter eines Stimmung,
1355 3146 3283 3226 gesetzte Schauspiel fand auch sonst eine würdige Dichtung „Vltana“, die erst kürzlich die Besucher
167 3152 1357 3237 Für ihn nicht bis sich schließlich all die traurigen
2295 3199 3289 3272 der Philharmonischen Konzerte eutzückte. Der
167 3199 1348 3279 =und Ab-Ahnungen verwirklichen und Christine die
1347 3209 2306 3271 Vertretung. Herr Carl als Fritz hätte
2289 3238 3282 3321 Komponist schildert hier in reizvollster Weise den,
163 3253 2314 3331 die sich dem furchtbare Nachricht erhält, daß Fritz im dieser mit Wärme und Frische dargestellten
409 3314 3284 3364 Duell gefallen ist — für eine Andere. Jetzt entlädt Rolle noch einen Zug von leichter Blasirtheit ssich aus unscheinbaren Quellen allmählig ent¬
170 3317 421 3389 r Liebe hin¬
2168 3344 3293 3416 zu wickelnden Moldaustrom seiner schönen böhmischen
1761 3353 1870 3419 er
1900 3353 2193 3426 war fast
405 3348 1502 3431 sich ihre lange zurückgehgltene Leidenschaft in geben
1478 3353 1740 3427 müssen;
170 3369 424 3438 ie je geliebt
407 3395 3285 3464 einem Ausbruch schmerzlichster Verzweiflung, die gesund für diesen Schwüchling. Daß Herr CarlHeimath. Die Vorzüge des Orchesters traten bei
164 3410 419 3484 it Leib und
2857 3440 3281 3514 gehaltenen Stückes
405 3446 2880 3510 dadurch so zehrend, so niederbeugend wirkt, weilssich am Klavier nicht auf das Spiel hinter der [Ausführung dieses virtnos
170 3461 422 3540 sagt sie und
2858 3494 3281 3547 Weise hervor.
2296 3487 2886 3565 in besonders günstiger
185 3502 2302 3581 solche hohe Christine fühlt, wie wenig sie im Leben dieses Szene zu verlassen braucht, sondern selbst der
2295 3540 3284 3611 Die Wirkung des schönen Stimmungsbildes
161 3562 2308 3626 ue, und wie Mannes bedeutet hat, obwohl Fritz vor seinem Töne Meister ist, sei mit Anerkennung erwähnt.
412 3584 3290 3664 Todesgange wohl erkannt und gefühlt hat, Ein munterer Theodor war Herr Marlow,würde übrigens noch gewonnen haben, wenn nicht
163 3612 422 3681 pringt auch
406 3657 3281 3707 wo er sein Glück gefunden hätte, wenn wenn er auch mit einigen Pointen seiner Rolle die Akustik des ungenügend gefüll.  Saales unter
168 3660 419 3729 die Lebens¬
408 3710 3286 3764 sihm noch Zeit zum Glück vergönntnoch eine größere und vom Dichter beabsichtigte einem Uebermaß von Schallreflexen etwas gelitten
172 3715 419 3792 stellen, sicher
399 3757 3293 3803 worden wäre. Und da nach dem Wirkung erzielen könnte. Wenn Herr Carlhätte. Im ersten Theil des Programms präsen¬
404 3792 3286 3861 Tode des Geliebten, der ihrer nicht würdig war, garnicht wienerisch sprach, und die anderenstirte sich noch Herr O. Ettelt als Cellosolist;
168 3785 423 3877 er Wohnung
411 3839 3289 3907 auch ihr Leben keinen Werth mehr hat, stürzt sie Darsteller, einschließlich Frau Sorma, denser hatte den ersten Satz des geschmackvollen
165 3862 423 3931 em Freunde
412 3907 3290 3957 hinweg und wir glauben dem Vater, der in tiefstem Dialekt nur andeuteten, was immer besser ist, alsjund sehr dankbaren D-dur-Konzertes
159 3911 422 3975 esen beiden
410 3949 3284 4011 Kummer die Worte spricht: „Sie kommt nicht ihn mangelhaft zu sprechen, so war Frl. Starksvon Molique zum Vortrag gewählt.
165 3949 430 4022 Faktere kon¬
1336 3984 3291 4074 sals Mizzi urwienerisch in Wesen und Worten. Der damit erzielte hübsche Erfolg war völlig
408 3988 597 4066 wieder.“
168 4006 423 4080 er Freundin
457 4031 3285 4115 Diese Kunst der Meuschenschilderung zeigt auch Herr Burchard fand als Papa Weiringer verdient, denn Herr Ettelt beherrscht sein Instrument
161 4052 423 4121 ine nehmen
165 4082 3282 4158 knschen, mit Christinens Vater und ebenso die Strumpfwirkers=warme Töne. Herr Dr. Manning in dersvortrefflich und entfaltete im Spiel neben großer
3094 4123 3276 4179 S
