3436 4192
389 126 763 212 Liebelei
912 131 1360 244 box 12/4
213 139 800 259 5. Baeeaun
649 333 1148 441 (Quellenangabe P###w)
331 384 1312 551 . Oillcgenteste
942 470 1523 618 Künstlntellug
333 529 746 629 N#. 4273
982 589 1387 733 Pud#ei¬
427 738 2791 846 „Liebelei“, eine Oper von Franz Nounann, nach se#,wurde an
321 789 2884 887 nehreren deutschen Bühnen bereits aufgeführt nun bekonmen vir's auch in
332 856 2923 960 Vien an der Volksoper zu hören. Man gibt sich Mühe, nicht inner zu schinp¬
312 924 3012 1017 fen, aber es geht wirklich nicht anders. Einen ganz tuchtigen Kapellnoister,
326 1011 2850 1064 wie es Neumann ist, kommt die unverzeihliche Idee, die annutigen Wiener
321 1027 2858 1131 Snenen zu einer grossen tragischen Oper zu nachen. Schnitzler sah ja in
320 1085 2730 1171 voraus, was da werden musste er veigerte sich auch beharrlich, die
318 1140 2795 1241 Erlaubnis dazu zu erteilen. Aben don Jungen Musiker hatte eine so go¬
332 1179 2992 1298 waltige Sehnsucht angepackt, dass er sie durch begeistertes Drängen endlich
321 1288 2962 1342 erlangte. Der Einfall ist ganz unverständlich und geschnacklos. Es hat et¬
329 1301 2856 1402 was Naives, Kindisches an sich, wenn ein Musiker ei: gutes Theaterstück
317 1380 2974 1439 um Jeden Preis vertonen will, noch daz wenn er so unberechenbar ist, das
326 1442 2913 1495 Nerk ohne Textänderung zu konponioren. Die leicht hingewobfenen, herzigen
322 1480 3025 1578 Reden nehmen sich gesungen wie ein Koniker auf dem Kothurg aus. Das Graziös
328 1538 2925 1628 Ste wird maniriert, das leicht Sentimentale ein dicker Tranenbrei und der
331 1583 3024 1674 tragische Ausgang wirkte wie bei Kotzobue oder Philippi: Hier gab's nur eine
331 1662 2027 1739 Nöglichkeit: Die ganze Sache bleibon zu lassen.
1172 2282 1697 2403 (Auenenungaue onne Gewahr.)
859 2373 1795 2511 Ausschnitt aus: Sienute für die
1247 2417 1847 2553 # musikalische Welt
864 2503 1047 2580 vom:
1439 2512 1696 2612 En
921 2587 2352 2685 Die Volkseper brachte eine Neuauttührung, der in Deutschland bereits be¬
811 2669 2347 2755 kanntemScüMfzler'schen „Liebelei“ als Oper (Musik-von Franz Neumann).
817 2716 2362 2791 Das glänzende Schätspiel ist auch ein glänzendes Opernbuch, weil die Situationen
808 2776 2363 2847 als solche so spannend und theatralisch effektvoll sind, dass sie an und für sich,
813 2815 2363 2889 mögen sie wo und wie immer erscheinen, jene Wirkung haben, die die Bühne
806 2862 2378 2947 verlangt. Der Komponist brauchte nur mit seiner Musik in diese Situationen nicht.
806 2922 2365 2999 störend hereinzufallen. Er hat diese Aufgabe, die schwerer ist, als sie scheint, mit
806 2963 2368 3035 grossem Theatergeschick gelöst. Dadurch ist nun allerdings aus dem Schau¬
811 3012 2354 3098 spiele keine rechte Oper geworden, wie denn auch sehr oft die rezitierte Dekla¬
811 3062 2371 3139 Mation an Stelle der gesungenen tritt. Die Musik hat wenig selbständige Geltung
820 3109 2373 3210 Zund ist vielleicht aus diesem Grunde in Erfindung, Harmonie und Instrumentation
824 3165 2370 3252 Tohne jedes Profil und ohne Physiognomie. Diese Mängel werden durch die
813 3221 2373 3293 starke Theaterbegabung, die sich schon in der Wahl des Buches äussert,
813 3275 2375 3350 weniger fühlbar. Nur der Dialog wird schwerfällig, weil der Musik der leichte
817 3308 2362 3383 Konversationston ganz fehlt, wobei sich sinnwidrige Betonungen störend bemerk¬
826 3352 2389 3456 bar machen. Die Aufführung mit Fräulein Engel, Herren Lassmann, Brand.“
823 3420 2009 3500 Bandler und Klein und Kapellmeister Tittel war sehr gut.
