3344 4224
490 177 647 245 lei
270 169 427 247 Lie
125 146 719 289 .
792 162 1241 260 box 13/5
1594 220 2184 296 N• DE DEBIT .Ssst See
1716 280 2297 384 MINGIT-SCGRERL
1397 342 1631 407 Ertrait de:
1685 351 2314 457 Auc Sainf Hioneré, 179.1
1399 430 1574 513 Adresse
1665 464 2319 598 27 SEPTEMBHE 1333
1399 545 1542 606 Date:
1396 632 2366 708 Stonature
1407 726 2287 816 Expostiton
1325 829 2243 894 La vie parisienne reprend
1379 889 1430 957 —
1386 945 2759 1107 Le tour de Nouveautés
1915 1070 1993 1167 —
1883 1126 1947 1179 1
2129 1158 2824 1251 De vendredi, me réservant die
1370 1177 2066 1267 La vie parisienne reprend cette
1342 1251 2075 1319 semaine, avec intensité rare, à
2089 1234 2832 1318 revemir sur la Comédie des
2089 1288 2827 1374 Champs-Elysées et le Grand-Gul¬
1342 1292 2061 1376 cause des nombreux réveils dans
1338 1352 2060 1437 le monde du théätre et des ciné¬
2094 1349 2813 1428 gnol, je citerai seulement l’Opéra¬
2096 1410 2829 1488 Comique et le Théätre de Dis¬
1334 1406 2064 1476 mas. Les critiques sont sur les
2086 1471 2290 1549 Heures.
1341 1468 2076 1537 dents, sollicités de tous côtés. II
1335 1527 2065 1611 y a création par-ci, reprise par-lä.
2132 1523 2824 1604 Salle Favart, on reprend le
1349 1590 1729 1661 Voyons un peu.
2097 1597 2829 1673 chef-d'ceuvre de Claude Debussy,
1367 1642 2065 1722 Demai, à I'Athénée, première
2100 1652 2831 1742 avec une éclatante distribution. Le
1338 1694 2073 1781 de l'admirable piece de M. Jac¬
2098 1718 2834 1798 röle de Golaud sera tenu par M.
1336 1766 2078 1838 ques Deval: Prière pour les Fi¬
2105 1775 2825 1857 Vanni-Marcoux, qui retrouvera
1348 1820 2073 1906 pants. Cest, mise à la scène avec
2101 1832 2829 1918 sans nul doute le succès qui l’y ac¬
1345 1883 2075 1965 art, I'histoire d’un homme de¬
2087 1896 2832 1979 cueillit précédemment. Quant à
1342 1931 2061 2012 puis sa naissance jusqu'à sa mort
2096 1953 2824 2030 Mélisande, elle sera incarnée par
1350 1998 2069 2080 C'est-à-dire durant une soixantat¬
2099 2007 2831 2081 T'interprête préférée de Maurice
1345 2059 2074 2138 ne d'années environ... L'ceuvre,
2095 2071 2826 2151 Maeterlinck: Mile Simone Ber¬
1342 2122 2063 2182 qui ne comporte pas moins de 57
2096 2126 2822 2212 riau, dont Emile Vuillermoz a
1338 2174 2064 2235 interprétes et 10 tableaux, est mi¬
2092 2190 2250 2280 ecrit:
1345 2232 2066 2317 se en scène par l'auteur lui-mé¬
2153 2218 2832 2332 & C’est une Mélisande idéale,
1348 2280 2078 2363 me. Les vedettes en sont Mlle
2101 2327 2832 2396 tendre, touchante, tour à tour
1342 2350 2075 2426 Yolande Laffon, M. Jacques
2104 2374 2830 2447 craitive et amoureuse, passive et
1345 2409 2076 2480 Baumer et.., un peu aussi, la tres
2103 2433 2824 2519 tragique. Sa composition est com¬
1342 2461 2073 2538 jeune fille du metteur en scène
2097 2490 2821 2575 pléte: elle ne l'a pas seulement
1342 2522 2073 2606 Karl Dreyer, qui fait ses débuts
2096 2551 2825 2640 réalisée le plus heureusement ciu
1346 2589 1601 2668 au théätre.
2112 2607 2828 2679 monde, mais elle a vécu tout le
1404 2634 2082 2708 Ce soir aussi, à Déjazet, une
2100 2663 2829 2751 röle depuis le début jusqu'à la
1341 2703 2069 2783 & première) au titre suggestif:
2105 2731 2819 2804 mort. Cest dans cette verité, sim¬
1344 2761 2072 2845 T’auras pas la Reme. Mais com¬
2109 2781 2823 2860 ple, juste et sincère, dont l’effet
1334 2818 2069 2891 me nous sommes en République,
2102 2843 2835 2919 sur l’auditeur est direct et conz¬
1335 2881 2066 2966 disons tout de suite qu'il s’agit
2100 2902 2820 2974 tant, quselle a su affirmer sa per¬
1334 2936 1848 3007 d’une reine de beauté
2109 2960 2810 3036 leures Mélisande, sinon la meil¬
1387 2983 2066 3069 Demam, en matinée, créa¬
2109 3018 2818 3087 leures Melissande, sinon la meil¬
1343 3050 2084 3131 tion au Vieux-Colombier, par la
2113 3078 2765 3165 leure, qui soit actuellement. „
1342 3106 2073 3196 Compagnie Pitoéff, de la belle
2146 3150 2830 3231 Et la qualité artistique de
1342 3180 2090 3255 pièce d’Arthur Schitzler, connue
2111 3210 2841 3276 Tevénement sera soulignée par ie
1350 3224 2088 3296 seulement à l’écran. Mais, tandis
2111 3263 2837 3332 retour au pupitre du brillant chef
1345 3289 2076 3363 que pour ce dernier certaines scé¬
2112 3332 2697 3404 d’orchestre Albert Wolff.
1347 3344 2080 3421 nes avaient dü, pour le moins, étre
2147 3389 2829 3467 Enhin, au Théätre de Dix¬
1347 3403 2080 3489 g arrangées ), au théätre, il en
2108 3452 2821 3536 Heures (on se couche tard à Pa¬
1341 3462 2087 3530 ira tout autrement et l’ceuvre,
2103 3511 2834 3589 ris): Si j'avais cing millions.
1351 3523 2074 3584 crèée en 1895 au Burg Theater
2114 3570 2840 3658 Voilà de quoi faire rever ceux qui
1344 3579 2084 3651 de Vienne, aura certainement à
2110 3631 2849 3704 ont en des billets de la Lotenrie
1352 3635 2078 3709 Paris un tout autre accueil que
2109 3690 2836 3761 Nationale et., ceux qui nien ont
1354 3693 2088 3761 celm qu'elle reçut alors, à cause
2111 3748 2833 3829 plus trouvé I... Car s’il est un
1350 3752 2085 3839 de ses tendances, tres.,, realistes
2111 3800 2839 3880 amour indéracinable au cceur des
1347 3807 1690 3899 pour l’époque.
2097 3864 2820 3954 hommes, c est bien celul de la chr¬
1394 3846 2081 3945 Au Tléätre de I’Humour,
2098 3927 2281 3999 mére
1343 3931 2076 3998 comme la node est au naturisme,
2408 3968 2792 4074 Claude Monv.
1346 3989 2077 4073 nous aurons IHumour sans volles.
2039 4055 2138 4134 eene
