3484 4224
669 167 1614 214 der die Leichtfertigkeit beim Welbe doppelt würzt.
1641 159 2585 203 Herr Bauer als Liebbaber und auch gleichsam als
2623 168 2753 217 zu gre
1646 196 2597 251 Held war sehr gut, allein seine Rolle ist schwer zu
668 199 1621 252 Wiederum die Christine denkt beständig Allem vor,
2617 202 2772 271 er ein
1638 248 2595 315 verderben. Aeusserst verdienstvoll spielte dagegen
660 242 1628 299 sie licht jenen Fritz, weil er der Gebildete ist und
2615 253 2777 312 Was K
1639 303 2587 351 Herr Bolz den Freusd und Lebenskünstler — Der
665 293 1624 355 sie ferner an seiner Unruhe sein Nichtglücklichsein
2614 297 2760 350 einer
1640 347 2586 396 beleidigte Gatte Herr Roll that natürlich seine
660 338 1626 395 berausfühlt. Dies lochkt ihre Productivität, wie man
2607 341 2779 401 staunli
1650 386 2584 436 Wirkung, aber in Wien wo Mitterwurzer diese Episode
670 381 1626 453 das Mitleid in höherem Sinne wohl nennen darf.
2614 387 2778 453 fast au
1649 436 2588 490 verkörpert, stürtzt der Mann todienbleich wie unter
674 438 1616 500 Wie tief ier es z. B. gefasst, wenn sie dem Clavier¬
2609 437 2761 497 Jedes
1636 480 2599 543 dem ersten Eindrucke der Ensdeckung herein. Und
666 479 1613 531 spiel ihres Schatzes zubört, und nachden es zu Ende
2607 486 2774 545 schein
1641 520 2173 596 das ist etwas ganz Anderes!
662 529 1626 583 ist, nicht etwa entzückt ihut, sondern fast wehmüchig
2616 531 2779 588 positie:
667 571 1622 630 ausbricht: „so möchte ich auch spielen können!“ — Das
2613 577 2783 647 ein
1955 587 2204 665 #n Oper.
666 622 1633 683 unbewusste Bekenntniss, dass wenn sie sich se Luft
2611 623 2775 690 Nür ei
1710 659 2604 718 Einen äbnlichen Vorgang wie bei vielen anderen
665 666 1628 719 könnte, sie zu ihm nicht so hingebend, wie zu etwas
2607 671 2777 731 Falsta:
1647 699 2780 777 Nachahmungen von Opernilbretti wird wohl die Falsett
667 715 1629 760 Höherem aufblicken müsste. Dieses fortwährendezurück¬
1655 757 2758 827 Gegenwart mit dem jüngsten Opus des greisen innern
661 756 1622 808 kommen auf sich selbst macht die Christine im Grunde zu
1648 785 1848 868 Gius
2269 803 2751 871 #ereaenugureenemnn wserae wnseeeetene An enteun nnen ennur
675 813 1613 860 einer unbequemen Gelichten, aber da Herr Fritz Lob¬
1646 846 1774 902 ieben.
676 856 1620 915 heimer, momentan in einer noch schärferen Zwick¬
1650 898 1762 956 dass
664 891 1624 963 münk sitzt, so ist ihm dieses Mädchen schon Labsal
1651 942 1755 1002 über
666 946 1618 1011 und Erholusg. Wie nun der tödtlich beleidigte Gatte
1651 993 1772 1050 wenn
660 996 1624 1065 jener Dame im schwarzen Sammet, eintritt, die hübsche
1648 1031 1770 1093 einer
664 1043 1624 1092 Freude von vorher sich langsam verdüstert, Todes¬
1639 1080 1778 1145 Hand
659 1089 1628 1145 abnungen aufsteigen, in die noch von der Strasse
1646 1129 1766 1188 jene
655 1141 1632 1202 herauf die Lieder der Mädchen hineintönen, Alles
1646 1181 1778 1235 Komt
665 1190 1629 1251 dies lässt sich nur mit einem Wort wiedergeben —
1652 1222 1770 1287 hat.
659 1228 1617 1287 es ist gedichtet. Im zweiten Akt erleben wir
1655 1271 1775 1336 Herr
671 1274 1618 1333 auch eine wirklich machtvolle Gestalt, es ist der
1647 1317 1776 1383 kämp
675 1323 1625 1383 Vater der Cbristine, und an Bedeutung und Ursprüng¬
1650 1365 1773 1432 komp
659 1385 1630 1432 lichkeit dürfte man in neueren Dramen wohl schwer¬
1641 1408 1780 1474 zu Se
675 1412 1632 1475 lich seines Gleichen finden. Dieser Mann, der seine
1643 1457 1782 1526 schm
682 1465 1633 1538 verstorbene Schwester so gut behütet hat, dass sie
1648 1507 1776 1574 Zu A
668 1505 1625 1574 vor Unglück aber auch vor — Glück bewahrt ge¬
1643 1559 1772 1612 siche
670 1561 1633 1620 blieben ist, der nachträglich Gewissenskämpfe darüber
1648 1595 1760 1656 nur
669 1612 1625 1667 bestcht und es durch jedes Wort hindurchblicken
1656 1640 1778 1706 mit 1
662 1638 1628 1712 lässt dass er seiner Tochter nicht im Wege stehen
1648 1676 1790 1750 in d
666 1694 1625 1762 will! Alle Details dieses Aktes: die ältere boshafte
1650 1731 1796 1794 Platz
674 1741 1629 1803 Frau aus dem Volke, die Entschlossenheit Christine's,
1659 1783 1779 1844 Weib
673 1786 1629 1843 ihr süsses Geheimniss auch nicht ein Mal auf dem
1650 1839 1759 1892 den
670 1826 1637 1900 Wege einer gemüthichen Plauderei Preis zu geben,
1646 1871 1788 1949 schaf
666 1880 1628 1937 u.s. w., u. s. w., sind ungemein reizvoll getroffen. Und
1641 1924 1797 1982 Takte
670 1946 1626 1991 dann die Ankunft des Geliebten, der Beiden Zusammen¬
1648 1963 1796 2033 Titel!
677 1982 1632 2047 sein! Der Zuschauer, der von dem schmerzlichen Ende
1642 2019 1792 2079 im W.
676 2025 1638 2088 bereits erfüllt ist, kann sich von dieser Scene so
1660 2071 1799 2132 Sorgf
681 2085 1638 2139 wenig losreissen, wie das noch ahnungslose Mädchen
1648 2103 1793 2174 hagen
675 2112 1636 2182 selbst. Der dritte Akt, der hier leider zu rasch
1658 2171 1784 2221 dem
670 2165 1631 2233 wiederbeginnt, denn es liegen zwei furchtbare Tage
1659 2196 1794 2268 hübsc!
674 2210 1622 2276 dazwischen, ist bereits hier im Eingang geschildert.
1655 2261 1795 2312 Anna
680 2263 1628 2333 Es sei nur noch die Art erwähnt, wie Schnitzler uns
1651 2298 1798 2367 Defini
668 2303 1643 2371 selbst mit der Katastrophe bekannt macht. Christine
1648 2353 1795 2411 positi
672 2352 1632 2420 steht nachdenklich bei Seite, als der Vater bangen
1663 2402 1790 2451 thatsi
668 2401 1631 2464 Blickes hineinstürzt und leise sich selbst zuruft:
1666 2451 1798 2502 worde
668 2453 1642 2521 „Sie weiss noch von Nichts?“ Nicht immer fühlt
1663 2487 1789 2550 das 6
677 2498 1412 2572 man es so stark, dass Kunst Kürze ist!
1662 2548 1789 2599 das s
744 2540 1641 2618 Hoffentlich lässt sich unser junger Poet von
1663 2587 1801 2651 schrei
685 2569 1641 2659 einem Theaterbeifall nicht einlullen. Die Wenigen,
1665 2638 1811 2693 Ergüs
681 2646 1644 2702 welche wirklich mitempfunden haben, loben das Stück
1661 2685 1803 2746 zahlre
683 2683 1631 2753 als: „menschlich“. Die Vielen, welche mitgeklatscht
1667 2724 1816 2783 viellei
682 2726 1628 2784 haben, freuen sich der recht interessanten Handlung,
1667 2776 1815 2838 verwe
671 2783 1632 2844 aber im Grunde ist ihnen Schicksal und Anspruch eines
682 2835 1634 2891 Mädchens aus der vierten Klasse nicht anziehender,
1661 2876 1824 2935 immer
690 2874 1650 2936 als eine Cooper’sche Indianergeschichte; auch mit
1663 2918 1815 2988 windu
680 2929 1650 2981 dieser haben sie Nichts gemein, aber es unterhält
1662 2969 1812 3026 Erstli
681 2972 1650 3034 sie. Indessen die winzige Minorität, die schon heute
1666 3007 1807 3078 Trium
682 3013 1648 3070 mit Schnitzler in dem gleichen Erdreich wurzelt,
1661 3066 1814 3119 abzuv
686 3076 1646 3130 darf ihm vielleicht einen Rath geben: — aus der
1666 3109 1802 3173 legene
690 3125 1652 3177 Weltstadt wegzuziehen um jeden Preis. Denn ob
1667 3161 1815 3215 Musik
678 3157 1650 3217 an der Donau oder an der Seine, die Fülle der Er¬
1669 3203 1814 3263 Kunst
679 3200 1640 3256 fahrung kann nicht ausbleiben und bei einem Dichter
1664 3250 1810 3307 sichte
688 3271 1648 3322 bleibt das Ahnungsvolle das Wichtige. Vielleicht ist
1661 3297 1806 3370 der ei
683 3298 1649 3358 es die Liebesangst um das junge Deutsche
1662 3347 1806 3404 nuume
678 3348 1652 3419 Schauspiel, das uns diese Worte eingiebt, Sehnitzler
1668 3395 1811 3466 heimn
680 3397 1316 3462 möge sie uns deswegen verzeihen.
1662 3441 1818 3504 ersche
759 3444 1648 3498 Die Darstellung war sehr gut. Man war be¬
1667 3489 1814 3545 schütt
687 3487 1643 3553 müht dieses Stück Wiener Lebens von Oesterreichischen
1660 3535 1806 3595 schuf
688 3535 1653 3590 Elementen spielen zu lassen, was natürlich hier
1661 3580 1808 3648 Othell
695 3576 1648 3640 keine Schwierigkeit machen konnte. Den Vater gab
693 3619 1650 3684 Herr Szika zu so allgemeinem Woblgefallen und, wie
1667 3672 1818 3740 den Ce
687 3682 1646 3747 wir zu wissen glauben, auch des Autors, dass einige
1657 3726 1827 3800 ternen,
690 3725 1644 3781 Bedenken unsererseits gerne unterdrückt werden. Frl.
683 3757 1819 3839 Landori als Christine fand vielen Beifall, allein hier leugne
