3248 4320
464 158 880 234 Liebelei
966 158 1447 265 box 10/1
310 163 886 285 5. MaLeLeT
2458 1010 3090 1094 „ 0. .
736 1032 1784 1114 lich das Vereienst für sich deanspruchen konnen, daß 1..
2270 1058 3086 1137 —oamik sie hier jene patriotischen Eindrücke
734 1091 1860 1162 Landen noch keinem Sterblichen gelungen ist, jede Autor
3073 1106 3263 1183 legenheit;
739 1136 3074 1199 gründlich zu untergraben, wie ihm. Und all das bloß darum,gewinnen, welche der Anblick dieser Kunst= und historischen Denkmäler
3076 1169 3251 1228 langwerde
1912 1178 3081 1229 hervorruft. Jedenfalls ist es gut, daß man die Leute, welche einige
737 1169 1916 1250 weil der Leiter der Politik in Deutschland nicht Bismarck heißt.
3080 1216 3261 1275 aber kom
1918 1220 3072 1291 Jahre in Wien verbringen, nicht als verfrachtete Mehlsäcke behandelt,
3081 1257 3262 1326 nicht auf
1909 1268 3069 1343 die während ihres Aufenthaltes in Wien ebenso wenig aus der Kasern
3072 1309 3261 1370 möcht', w
3066 1357 3254 1419 hat die G
1924 1383 3075 1463 an jenes „Mir dies!“ des Königs Marke — wird der
800 1392 1920 1467 — sie allein gibt ein volles Bild der Vorstadt und deren
3081 1405 3261 1467 geschlossen
3075 1455 3262 1512 Wieden
1923 1454 3083 1510 Dichter gerne bereit. Herr Zeska, der lockere Lehrmeister
1326 1459 1921 1514 sollten Contraste zu Christine
737 1452 1265 1515 „Frauenliebe und Leben“
3082 1503 3261 1558 und ihre
1919 1505 3079 1558 der lockeren Vögel, war von ergötzlicher Lustigkeit. Herr
744 1508 1922 1564 herausgearbeitet werden. Da hätte zum Gegenstück aber die
3083 1544 3254 1609 Strauß z
1920 1540 3083 1614 Kutschera verdarb nichts. Es war auch keine Gefahr,
734 1556 1922 1621 lockere Schlager=Mizi allein ausgereicht und die Führung der
3080 1588 3254 1652 torin von
1923 1597 3077 1653 die feste Zeichnung des Wiener Genußmenschen zu ver¬
740 1599 1925 1645 nicht eben bedeutenden Geschehnisse wäre strammer ge¬
3074 1643 3254 1705 den Com
1916 1645 3082 1709 derben. Fräulein Kallina, die leichte Schlager=Mizi zeigte
750 1648 1922 1707 worden. Freilich hätte der Dichter mit der Strumpfwirkerin
3082 1685 3260 1749 haben die
1925 1699 3082 1753 mit ihrem famosen Burgtheater=Wienerisch in schönster Laune
743 1694 1931 1772 und ihrem Lob der „fixen Stellung“ manch charakteristische
3085 1737 3251 1799 meister M
1915 1738 3084 1802 und mit „harber“ Frische ein prächtiges Talent zum „Du“¬
738 1740 1151 1820 Züge preisgegeben.
3078 1785 3255 1841 hüte! D
1919 1786 3085 1845 Sagen. Die kleineren Rollen waren mit Herrn Mitter¬
866 1763 1930 1857 So nützen meine verzweifelten Anstrengungen nicht.
3078 1829 3255 1893 schließlich
1927 1845 3087 1901 wurzer und Fräulein Walbeck glücklich besetzt. Für
739 1835 1920 1891 Die unglückliche Cafégemeinschaft wurzelt zu tief und mein
3076 1877 3259 1939 meister R
1921 1875 3096 1940 den Musicus, zu welchem Sonnenthal's Brustton der
745 1887 1936 1937 verderbtes Gewissen schlägt alle Bedenken, welche gegen das
3074 1931 3264 1993 draufgeht
749 1933 3081 1992 Stück Schnitzler's aufsteigen, nieder. Der innere Kampf löst unerschütterlichen Ueberzeugung nicht zu passen schien, hätte
3070 1971 3263 2034 nehmen a
1918 1977 2647 2042 man eine leichtere Tonart gewünscht.
743 1980 1937 2030 Eich; die Freude an dem echten, von Dünkel und Reclame¬
2032 2002 3251 2087 Giacosa's „Rechte der Seele“ folgte; eine interessante nicht so v
747 2028 1926 2094 sucht freien, stetig sich entfaltenden Talente Schnitzler's wird
1928 2048 3255 2126 Scene zwischen zwei Ehegatten, welche nach langer Scheinehe v. Jaune
745 2076 1923 2127 offenbar. Sollte diese Freude einmal allgemein werden, so
1922 2115 3262 2175 der Selbstmord eines Dritten auseinander treibt. Die Seele werden in
741 2120 1923 2192 wird sie das Bewußtsein stärken, daß Griensteidl für Dichter
1922 2166 3253 2222 des Todten macht ihre Rechte gegen die Frau geltend, welche Componis
1919 2197 3256 2268 die Liebe des Dritten im Stillen wohl erwiderte, aber ihre Eigenthur
866 2087 1927 2274 Mr dehenshen dent i eene
3076 2259 3262 2327 ihm schon
1916 2259 3083 2324 Frauentugend starr bewahrte. Die Seele der Frau fordert
743 2268 1922 2323 Christine in genialer Art verkörpert. Ihre Kunst ist vielleicht
3076 2314 3262 2373 zwingen,
1923 2316 3080 2369 ihr Recht gegen den schwachen Gatten, welcher unmittelbar
739 2319 1927 2371 dort am größten, wo sie in Uebereinstimmung mit dem
3077 2363 3260 2418 da auf de
742 2356 3081 2430 Dichter alles Demonstrative fernzuhalten hat, in den Mo= nach dem Selbstmord mit grausamem, wahnwitzigem Un¬
3077 2404 3254 2467 Director,
741 2415 3082 2481 menten also, wo sie in der natürlichsten, schlichtesten, selbst= gestüm und spät erwachter Eifersucht im Herzen des stand¬
3073 2455 3260 2517 Bühnen,
749 2451 3078 2513 verständlichsten Weise im ersten und zweiten Acte ihren haften Weibes wühlt. Schiller's Epigramm gilt, wie von
742 2507 3252 2558 seelischen Gegensatz zu ihrer Umgebung an den Tag legt. der Kunst, so auch vom Weibe: „Spricht die Seele, sol mag, wie
1916 2555 3256 2616 spricht ach! die Seele nicht mehr.“ Der blöde Gatte auf dem
751 2557 1924 2613 Adele Sandrock hat die Tugend, auf die kommenden Con¬
1921 2606 3261 2674 zwang die geneinigte Seele zum Wort, da sprach die Seele Herr Obe
751 2605 1923 2661 flicte nicht vom ersten Auftreten loszuarbeiten. Sie zeigte,
1918 2643 3097 2699 nicht mehr, sondern das haßerfüllte Weib, welches ihre
751 2653 1923 2703 daß Christine in ihrer ernsten Neigung zu Fritz sich fremd
740 2674 3079 2754 fühle bei dem kleinen Freundesmale und bewahrte der Figur schlecht belohnte Tugend beklagt, das Haus verläßt und den
3081 2713 3251 2800 Theat
755 2737 3084 2814 dennoch die wienerische Leichtigkeit, welche durch den „Doppel= Schwächling der Selbstpeinigung überläßt. Das Aufflammen
3082 2783 3259 2843 Hofburg
746 2786 3078 2847 adler=Marsch“ zum wahren Frosinn wurde. Mit entzückender des ivdernden Zornes, das Aufbäumen der unterdrückten
3086 2832 3232 2878 Hofope
743 2838 3082 2906 Naivetät erklärte sie ihrem Fritz in ihrer Stube die künst= Leidenschaft bei der schnöden Verletzung des Seelenrechtes,
3079 2870 3238 2917 Deutsch
752 2871 3084 2932 lerischen und literarischen „Schätze", dus Conversations= die begeisterte Hingabe an die posthumen Rechte des ge¬
3082 2910 3250 2955 Raimun
743 2929 3085 2988 lexikon zumal — „bis zum Buchstaben G“. In der Schluß=liebten Todten brachte Frau Hohenfels mit Gewalt
3078 2946 3262 2995 Theater
3083 2977 3253 3030 Carl=Th
753 2984 3082 3047 scene vermied sie gleich der Dichtung, über das Vorstadt= und Stärke, groß, mächtig, eine Meisterin des Wortes, zum
3082 3019 3263 3070 Theater
1918 3029 3075 3090 zwingenden Ausdruck. Herr Hartmann, welcher mit
756 3031 1938 3081 mädel durch die Steigerung des Wortes hinauszuwachsen;
1919 3071 3092 3139 Hingebung die männliche Nervosität in den modernen
753 3077 1932 3140 sie hielt sich in genialer Selbstbeschränkung an die solchen
1916 3127 3088 3184 Komödien vertritt, ließ sich mit allem Anstand nieder¬
754 3131 1936 3185 Naturen garmonischeren stummen und natürlichen Gefühls¬
1922 3174 3088 3249 schmettern. Für die Begleitung in dem stürmischen Duo
743 3176 1921 3234 ausbrüche. Der Dichter sollte dieses Streben durch einen
3085 3165 3244 3250 Wien,
746 3221 1927 3292 Strich, der Wiederholungen in der Schlußscene fernhalten
1914 3221 2302 3301 sorgte Krastel.
3077 3232 3260 3304 Hotel M
744 3263 1954 3337 würde, unterstützen. In ähnlichen Situationen — ich erinnere
2695 3254 3068 3348 L. A. Terne.
