3436 4352
416 189 789 276 Liebelei
228 172 1369 297 5. L. box 10/1
1617 1082 2670 1162 „  die Mberkt Porittschen Willinper „e10.
2769 1082 3008 1173 1o ferost e
3019 1101 3342 1196 u Anbesangenen
630 1164 3238 1219 #em Staate, dessen vielsprächiger! sah. Wir glauben kaum, daß man diesen Witz mit! Sympathie vernichtet wurde.
1602 1252 2681 1307 und feinsinnigeres Gemüth ist dazu erforderlich, um
2691 1252 3303 1304 schien dem Knaben gegenüber d
627 1254 1613 1320 Wie man sieht, ist der Aufbau der Vorgänge geschickt
2688 1293 3338 1358 Herrn Mitterwurzer's; seine
1610 1294 2679 1368 die entsetzliche Demüthigung voll zu erkennen, die darin
532 1291 1608 1352 und wirkungsvoll gemacht. Der erste Act wirkt durch
3130 1345 3338 1407 — schlei
1613 1334 2666 1414 liegt, daß der Geliebte, ohne ihr ein Wort zu sagen, sich
2683 1343 3147 1418 hatte er fast gar nichts
539 1344 1609 1405 seine humorvolle Souperscene zwischen den vier jungen
1617 1389 2674 1454 geschlagen hat. Und nur um diesen tragischen Conflict in
2670 1395 3337 1456 zu schmettern. Mitterwurzer brau
542 1386 1602 1456 Leuten, deren bauale Redensarten nur zu wahr dem
1616 1440 2669 1498 ihr zu entfesseln, ist der Dichter von dem Gewöhnlichen,
2674 1431 3344 1512 er bannt durch sein Auftreten, dur
541 1442 1611 1495 Wiener Leben entnommen sind. Im zweiten Acte macht
2683 1483 2916 1557 sein Auge.
1608 1483 2674 1543 fast einzig Glaublichen abgegangen und hat durch einen
528 1490 1604 1552 gegenüber diesem Verismus die Charakterisirung Christi¬
1613 1535 2685 1587 kühnen Ruck einen Ausgang heraufbeschworen, der weder
545 1532 1604 1599 neus als braves Mädchen, das von Heiterkeit aber auch
2751 1521 3344 1613 Feiner organisirt als Schnitzl
1602 1586 2665 1650 glaubhaft noch nöthig erscheint. Ein ganzes Drama wegen
547 1576 1606 1636 schon nicht die Spur zeigt und eine für ihr Milien ver¬
2679 1580 3340 1656 ebenso willkürlich ausgezerrt un
1613 1634 2676 1686 eines unglücklichen Zufalls — das ist ein wenig viel ver¬
543 1631 1593 1700 dächtig tiefe Leidenschaft bekundet, stutzig. Sie ist so
2684 1642 3341 1709 gedichtet ist Giacosa's Einacter „R
1613 1671 2669 1730 langt! Das sind die beiden Cardinalfehler von Schnitzler's
533 1673 1609 1740 brav, so tugendhaft — geht aber doch mit ihm in die
2677 1693 3331 1748 Der Gatte erfährt hier, daß der
1619 1730 2666 1782 „Liebelei“; sie bewirken, daß man den auf der Bühne
537 1724 1606 1782 Laube, das heißt, genirt sich gar nicht, in eine Junggesellen¬
2677 1735 3337 1808 Freunde aus Liebe zu seiner Frau
1610 1770 2679 1828 dargestellten inneren Vorgängen weder ein Interesse ent¬
527 1770 1600 1824 wohnung soupiren zu gehen. Woher nimmt dieses Mädchen,
2670 1787 3336 1845 in seiner Verzweiflung über diesen
1606 1817 2672 1878 gegenbringen noch eine umfassendere Bedeutung bei¬
532 1813 1611 1890 das durch die Schlager=Mizzi über ihr Verhältniß zu solchen
2672 1833 3319 1888 Fragen darüber an sie zu stellen,
1615 1863 1883 1944 messen kann.
537 1860 1610 1925 jungen Herren aufgeklärt sein mußte, den Muth zu
2676 1878 3336 1953 lichen Beweise in Händen hat, daß
1689 1888 2668 1965 Was sich aus der verzeichneten Gestalt der Christine
539 1908 1612 1972 glauben, sie gerade werde vielleicht doch die Auserlesene
2667 1922 3340 1987 grübelndes Forschen bringt ihn
1614 1946 2670 2026 machen läßt, hat Fräulein Sandrock gethan; die Ein¬
531 1961 1613 2016 sein, nur weil sie ihn liebt? Oder aber sie glaubt nicht
2666 1976 3346 2050 zwingt ihr zuletzt die Erklärung al
536 2006 1609 2065 daran, daß sie ihr Glück finden wird, warum wundert
1609 2000 2672 2067 fachheit, die ihre Liebe so gut kleidet, wußte sie gegenüber
2683 2020 3321 2075 und nur ihn geliebt hat. In ihr
537 2057 1606 2113 sie sich dann, daß er ihr nichts von seinen Eltern, von
1619 2057 2665 2108 ihrer Freundin vortrefflich herauszuarbeiten; welch einen
2673 2073 3318 2137 mühsam gebautes Werk, Alles
1612 2101 2665 2153 innigen Ton voll Herzensangst und Sehnsucht legt sie in
542 2100 1605 2161 seinem Leben und in erster Linie von seinem geplanten
2678 2106 3344 2190 heimzuhalten, durch seine rücksich
528 2137 1597 2216 Zweikampfe erzählt. Diese Annahme ist also bloße Willkür
1607 2145 2660 2203 den Namen „Fritz“, mit dem sie den scheidenden
2675 2161 3329 2235 sieht, die „Reue der Tugend“,
1603 2197 2662 2255 Geliebten zurückruft! Wie weiß sie den Jammer des
535 2190 1614 2255 des Autors, fast ebenso wie der Zufall, der Fritz das
2665 2212 3342 2276 des Mannes, der sie Jahre hindu#
1598 2233 2661 2307 arglosen Gemüthes, das von den Brutalitäten dieser Welt
525 2238 1601 2306 Leben kostet. Und Willkür läßt man sich in Stücken, die
2674 2260 3341 2330 es zu merken. Man sieht: eine
1605 2292 2668 2359 keine Ahnung hat, zwischen tiefster Klage und wahn¬
535 2288 1601 2352 aus dem Leben heraus und in die Kunst hineingearbeitet
2664 2303 3328 2365 Nora, nur unnatürlicher. Die ge
1609 2341 2666 2402 sinnigem Auflachen zu variiren! Die Künstlerin hat an
523 2342 1602 2400 sein wollen, nicht gerne gefallen. Eine Seelengröße, eine
2665 2348 3335 2411 hier über die Hinfälligkeit des Vo
1611 2385 2667 2440 der Rolle mehr gearbeitet als der Dichter. Frisch und
537 2385 1603 2442 Gefühlstiefe, die man mitten in ihrer Umgebung von
2665 2406 3332 2454 Gespielt wurde auch hier vortreff
1605 2432 2668 2497 keck, ein echtes „Weanermadl“ vom Grund war Fräulein
530 2424 1599 2488 alltäglichen unbedeutenden Details, von flachen Geistern
2666 2446 3339 2513 fels weiß ja jede weibliche
1605 2485 2664 2543 Kallina; wir hätten ihr dieses resche Temperament
535 2471 1597 2529 und obenhin empfindenden Menschen glauben soll, braucht
2669 2498 3343 2571 nnächtig auszugestalten und so war
1595 2529 2664 2599 gar nicht zugetraut. Herr Sonnenthal gab den
535 2524 1594 2579 eine solidere Begründung, als sie Schnitzler seiner
2670 2541 3317 2602 siegender Uebermacht über den
1596 2571 2659 2626 alten Musikus — seit Miller müssen die Väter unglück¬
532 2575 1598 2637 Christine angedeihen läßt. Er hätte müssen das Gesammt¬
2666 2587 3343 2654 Gatten, der in Heern Hartmann
1603 2622 2663 2673 licher Mädchen immer Musici sein — würdevoll und
527 2626 1603 2682 colorit etwas heller halten oder aber die Charaktereigen¬
2667 2636 3347 2704 Darsteller gefunden hatte. In #
1605 2671 2661 2733 stattete ihn mit echten Herzenstönen aus. Herr Zeska
525 2671 1601 2726 schaften des Mädchens an weit mehr Fällen in Gegensatz
2669 2676 3339 2767 sich Frau Kreitz und Herr Krast
1605 2716 2658 2781 war flott und fidel wie immer; Herr Kutschera
530 2715 1602 2773 zu ihrer Umgebung bringen. Dann könnte man auch ihren
1593 2764 2662 2821 machte aus dem ziemlich einfältigen und unreifen ver¬
534 2753 1606 2821 furchtbaren Jammerausbruch zum Schlusse verstehen, der
518 2809 1604 2880 bei diesem Mädchen schier unerklärlich ist. Ein viel zarteres
1586 2794 2672 2881 wöhnten Jungen Fritz, was er konnte. Vernichtend er¬
