3344 4256
11 2183 66 2245 e
428 237 757 311 Liebel
270 239 1441 345 5. Lesslei box 10/6
646 1163 3040 1252 Senen fonr oder nicht. Diese Diskassion gab Gelegengen, 1 Kirchenrechte und r#igiose Erzieyung, sondern er wendet seine
1833 1210 3022 1279 Aufmerksamkeit den Zöllen, dem Export und Import, dem
646 1246 1838 1295 die liberale, wenn auch noch unbewusste Neigung des kleinen 1
178 1223 648 1310 ie Person ganz in den
1833 1253 3040 1326 Eisenbahnwesen und anderen nützlichen Dingen zu. Er war
655 1270 1837 1329 Gladstone durch vie dicke konservative Schale erkennen zu
198 1277 655 1350 usagenden liberalen
1829 1293 3047 1365 auf dem Wege vom religiösen Schwärmertum zur nackten
650 1313 1835 1378 lassen; denn im Gegensatz zu seinen Kameraden erklärte er das
200 1318 654 1394 Weise auf die Wurzeln
1827 1348 2113 1415 Wirklichkeit!
648 1352 1837 1425 Unterhaus als den „Ruhm und Schutz des Landes“ und
213 1363 659 1441 zurückgehen und die
653 1473 3026 1508 empfindsame Herzen rürte, so fest bin ich überzeugt daß sie I wunderte, die übrigtus mehr einer kolten „gute Stube“, als
665 1478 3013 1559 der Absicht des Dichters Gewalt antat. Eine Christine die 1 einem gemütlichen Mansardenstübchen glich, in der Art, wie
186 1483 313 1569 er.
1832 1520 3013 1584 er dann nit leicht umflorter Stimme von dem
660 1524 1834 1603 sich so gründlich ausweint, verlöscht durch ihre Thiänenfluten
210 1536 656 1614 am Himmelfahrtsfest
1835 1564 3020 1624 Glück sprach, das er hätte hier finden können, offen¬
656 1580 1841 1656 das brennende Wehgefühl in ihrem Innern und es erscheint
222 1592 657 1660 des Wiener Dichters
1827 1608 3020 1671 barte sich eine ergreifende elegische Stimmung, ein
657 1625 1841 1692 uns ihr plötzlicher Entschluss, sich ein Leid anzutun, wie eine
195 1638 662 1708 Deutschen Theater oft
1839 1644 3020 1716 von der Todesahnung eingegebenes schmerzliches Bedauern.
658 1664 1829 1733 psycholygische Entgleisung, wie eine Effekthascherei des Dichters,
204 1681 639 1748 ebelei“ und den in
1836 1682 3024 1763 Den heitern Gegensatz zu seinem Freunde Fritz bildete der
656 1713 1842 1775 der das Drama partout tragisch abschließen wollte. Die Christine
207 1725 607 1789 schiedssouper“. I
1832 1727 3024 1803 lustige Theodor des Herin Wehrlin. In ihm steckte echtes
664 1751 1832 1816 der Sandrock hat es nicht nötig, ins Wasser zu springen, denn
213 1775 663 1835 ein großartiger Erfolg
1830 1771 3029 1848 Wiener Blut, und sein Frohsinn, seine Genufffreudigkeit und
657 1781 1846 1869 der Thräuenstrom verlöschte ja schon die Liebesgluten, ober die
202 1814 662 1874 eifall zustimmen kann,
1836 1819 3025 1888 sein tändelnder Leichtsinn muteten uns ebenso wohlig an, wie
668 1825 1847 1900 Christine der Sorma bedurfte der Donaufluten zu ihrer Er¬
189 1859 646 1920 #ie im „Abschiedssouper“.
1845 1862 3023 1925 die fesche Mizi des Fräulein Rupricht. Von wahrhaft väter¬
663 1880 1835 1945 lösung von breunenden Schmerzen. Die Gastspiele der be¬
196 1882 653 1970 ich jene Beseligung
1841 1906 3023 1977 licher Zärtlichkeit durchweht war die trostreiche Sprache des
667 1917 1838 1984 rühmtesten Schauspielerinnen tragen viel dazu bei, uns den
302 1936 657 2005 „Liebelei“ nicht
1846 1963 3024 2019 alten Geigers, den Herr Hellmuth=Bräm in sehr charak¬
653 1955 1845 2029 Wert der Agnes Sorma ganz erkennen zu lassen. So hoch
192 1981 655 2044 ne, sondern durch
1846 2005 2946 2072 teristischer Maske und jovialer Auffassung gab. Auch i
1719 2011 1844 2068 sehr
658 2019 1740 2082 wie ihre Nora über jener der Eleonore Duse steht, so
205 2019 668 2085 wurde. Für das ein¬
1842 2019 3034 2111 beiden Episoden waren durch Herrn Jessen und Frau Wenck
658 2044 1850 2122 erhebt sich nach meiner Schätzung ihre Christine über die der
195 2063 669 2126 kind feblen Adele Sand¬
1853 2090 2147 2163 gut vertreten.
656 2092 1837 2156 Adele Sandrock. Sie ist ein Kind aus dem Volke und ist
185 2111 663 2170 tel. Sie ist der Rolle
1922 2097 3026 2185 Den Schlufs der Vorstellung bildete eine Scene aus dem
661 2125 1840 2200 mädchenhaft in jeder Faser ihres Wesens. Das glühende Ver¬
194 2156 654 2218 hrer schlanken Gestalt,
1855 2164 3030 2231 „Anatol=Cyklus“ des A. Schnitzler. Aus dem „Abschieds¬
661 2167 1849 2242 langen, das sich in ihren großen, dunklen Augen malt, wird reiz¬
190 2194 657 2249 be wirkt, fehlte im be¬
1850 2206 3028 2277 souper“ lässt sich schließen, daß in diesem Cyklus die Liebes¬
672 2227 1843 2285 voll gemildert durch die Bescheidenheit und Schüchternheit ihres
192 2229 663 2290 ie den verwöhnten Don
1855 2242 3025 2318 geschichten eines wiener Genussmenschen dramatisch behandelt
670 2263 1849 2328 Wesens. Sie ist naiv in ihrer Hingebung und wenn sie sich in die Arme
188 2265 663 2346 De Jugendfrische. Ihre
1853 2298 3038 2348 werden und zwar nicht spröde, auch nicht blöde. Das Ab¬
656 2296 1852 2372 des Geliebten schmiegt, zweifelt Niemand, daß sie in ihm ihre
206 2306 659 2380 der ihrer Umgebung.
1852 2328 3037 2410 schiedssouper bildet ein komisches Seitenstück zur tragischei.
665 2341 1847 2417 Welt sieht. Wie sie im letzten Akt die zunehmende Angst
191 2360 661 2418 iches Empfindungsleben
1847 2368 3043 2448 „Liebelei“. Anatol vertraut seinem Freunde Max in der
666 2409 1855 2458 schildert und die furchtbare Enttänschung bei der plötzlichen
200 2417 674 2465 inde und darum kann
1844 2410 3029 2479 Koje eines feinen Restaurauts, daß er ein seines Souper
664 2434 1842 2496 Enthüllung, daß der Geliebte um einer Anderen willen in den
193 2447 663 2509 Elingen, allein die Ein¬
1848 2454 3034 2530 bestellt habe, um der Choristin Annie die Trennungs¬
662 2474 1847 2544 Tod gegangen ist, das schnürt dem Zuschauer die Brust zu¬
199 2488 673 2545 ker Ausdrucksweise doch
1864 2497 3038 2564 schmerzen ein wenig durch Sekt und Austern zu
669 2518 1858 2588 sammen und jagt ihm einen Schauer nach dem andern durchs
192 2536 670 2596 schein gewinnt, als habe
2505 2547 3040 2608 lossagen müsse, weil
2369 2550 2529 2607 sich
1848 2552 2333 2617 lindern, von der
671 2563 1849 2624 Blut. Ihr glaubt man es, daß sie in den Tod gehen muss,
193 2571 663 2633 manhelden unterhalten.
1852 2584 3037 2644 er mit einer Andern „anbandelt“ habe. Er bittet Max, ihm
675 2601 1843 2667 denn ihr bleiches Gesicht, ihre starren, brennenden Augen
206 2621 666 2684 reife Frauenerscheinung
1858 2629 3029 2689 bei der Ueberwindung all' der Schwierigkeiten, die seine erste
668 2638 1857 2712 lassen klar erkennen, welch' furchtbare Wunden die Liebelei
201 2648 664 2730 ur die Illusion hervor,
1858 2672 3032 2730 Geliebte ihm in den Weg legen werde, beizustehen und die
671 2685 1856 2748 eines Leichtfinnigen ihrem Herzen geschlagen hat. Während
217 2691 673 2763 die sentimental ange¬
1854 2706 3032 2779 Untröstliche beschwichtigen zu helfen, wenn er ihr den Laufpass
676 2732 1861 2790 Adele Sandrock nicht über die larmoyante Christine
204 2752 664 2813 mütterlichen Freundin,
1857 2751 3042 2822 gebe. Annie kommt hereingehüpft und während sie Austern
1319 2776 1857 2837 Sorma eine wahrhaft
670 2779 1310 2851 hinauskommt, giebt Agnes
229 2794 671 2855 glutvollen Mädchen¬
1864 2794 3046 2860 und Bordeaux schlürft und dann zu einer Kotelette mit Sekt
673 2818 1848 2878 tragische Gestalt, in der jede mächtige Seelenbewegung in
192 2830 683 2894 olle durchweg auf den
1850 2837 3036 2901 übergeht, erklärt sie zu Anatols Bestürzung und Maxens
678 2854 1853 2923 leuchtender Färbung zu Tage tritt. Wohl bietet für die Vor¬
195 2876 672 2935 lch zuerst durch die Ein¬
1854 2876 3050 2950 großer Belustigung, daß sie dem Spender des Abschieds¬
680 2910 1847 2968 stellung das Deutsche Theater einen günstigeren Rahmen als
191 2921 661 2970 Akt durch die Stärke des
1858 2919 3043 2993 soupers den Lauspass geben müsse, weil sie in einen „bild¬
675 2936 1854 3006 der Riesenbau in der Kantstraße, aber hier war die Besetzung
200 2961 681 3025 iter heftigem Schluchzen
1857 2967 3046 3027 sauberen“ Statisten närrisch verliebt sei. Der in seiner Eitel¬
678 2990 1853 3050 des Stückes eine glücklichere als dort. Der Fritz des Herrn
226 2990 686 3073 So gewiss nun diese
1844 3001 3047 3079 1 keit gekränkte Anatol sucht sich nun dadurch zu rächen, daß er
675 3025 1853 3094 Stahl war edler und sympathischer als der seines Vor¬
201 3026 676 3109 ner tiefen Empfindung
199 3095 3064 3155 ß die Darstellerin tausend gängers, und in der Art wie er Christinens Wohnung be¬ ihr sagt, er habe sie längst betrogen. Sie „giftet“ sich, taucht
