3484 4256
396 161 757 235 Liebelei
927 153 1352 249 box 13/7
236 160 776 266 5.
308 476 1181 562 CASINOS IN OSTERREICH
400 560 1086 617 Baden SalzburgSemmering
300 595 1172 646 Roulette — Baccara — Chemin de fer
307 671 1165 719 Österreichische Casino A. G.
305 705 1172 759 Wien III, Schwarzenbergplatz 5a
317 812 804 906 „OBSERVER“
540 881 1163 930 I. österr. behördlich konzessioniertes
539 928 1163 977 Unternehmen für Zeitungs-Ausschnitte
538 962 1179 999 Wienl, Wollzeile 11, Telephon R-23-0-43
302 1131 1134 1228 Ausschnitt 6ss: Z. am Abend, Wien
610 1242 1078 1366 11. FER 1936
305 1356 460 1409 vom:
335 1453 1136 1568 Jugendlicher-Bühnen¬
529 1532 950 1621 nachwuchs
353 1602 1184 1676 Im Kleinen Theater spielte kürzlich die
288 1656 1185 1725 Elevenschule der Scala Schnitzlers „Liehelei“.
292 1706 1190 1760 Professor Dr. Beer, der Leiter dieser
299 1757 1187 1807 Schule, zeigt hier seine pädagogische Be¬
297 1770 1201 1840 gabung: die Aufführung war ein Beweis
294 1842 1190 1888 dafür, wie er es versteht, Begabungen zu
298 1873 1201 1927 finden und sie dann ihrer persönlichen Eigen¬
295 1928 1188 1983 art nach zur Entwicklung zu bringen. So
296 1956 1195 2017 erhielten alle Gestalten überraschende Natür¬
303 2016 1196 2058 lichkeit, die jungen Leute konnten tatsächlich
301 2048 1199 2110 aus den Rollen alles Lebendige herausholen,
297 2097 1196 2146 ohne in die Gefahr des Verkünstelten zu ge¬
306 2122 1203 2186 raten. Besonders seien die Leistungen Gerti
299 2173 1200 2225 Skodas hervorgehoben, dis mit der
304 2208 1209 2275 Schlager=Mitzi Wiener Luft auf die Bühne
294 2242 1204 2331 brachte, weiter die vielversprechende Be¬
297 2292 1208 2365 gabung des Hanno Zeiz, der den fremden
308 2336 1207 2394 Herrn mit eindringlichen Konturen zeichnete,
312 2389 1205 2442 dann die gemütvolle Christine Annemaria
317 2440 1199 2486 Györgys, der prächtige Weyring Karl Heys,
319 2478 672 2536 Artur Rieck usw.
359 2493 1208 2559 Auch im Reinhardt=Seminar
304 2553 1205 2617 wachsen manche Talente heran, denen die
312 2604 1214 2652 Zukunft gewiß noch viel Erfolg bringen
320 2646 1210 2697 wird. In einer hübschen, abgerundeten Vor¬
315 2684 1200 2752 stellung des „Veilchen“ von Molnar konnte
313 2728 1222 2787 man die besondere Eignung des jungen
318 2767 1212 2820 Stöger für das Konversationsstuck er¬
318 2819 1209 2869 kennen. Gewandtheit und Routine in der
313 2857 1199 2916 Darstellung, bühnenwirksames Organ und
315 2905 1202 2959 gefällige Erscheinung berechtigen zu besten
314 2938 1202 2998 Hoffnungen. Als Theaterdiener Stürme
322 2981 1206 3038 konnte Herr Schiller viel Heiterkeit er¬
307 3020 1220 3086 zielen und auch Fräulein Klein fiel durch
305 3070 1211 3135 degagiertes, flottes Spiel auf. Beim Vortrag
312 3108 1214 3173 monologisierter Stellen aus Schnitzlers
311 3155 1203 3215 „Fräulein Elsa“ holte sich Fräulein Kertes
310 3204 1214 3255 durch schönen Ausdruck und innere Wärme
307 3241 720 3304 verdienten Beifall.
389 3269 1220 3342 Ebenfalls sehr erfreuliche Resultate der
313 3328 1212 3381 Lehrtätigkeit Jakob Feldhammers am
314 3376 1217 3423 Neuen Wiener Konservatorium waren in der
315 3413 1223 3459 Aufführung einer Reihe von Szenen drama¬
313 3455 1224 3509 tischer Werke seiner Schauspielklasse zu kon¬
317 3492 1224 3549 statieren. Feldhammer, Künstler und Thea¬
327 3548 1224 3599 terpraktiker zugleich, hatte ein von der Klas¬
321 3584 1221 3635 sik bis einerseits zum Volksstück, anderseits
324 3634 1228 3678 bis zur Moderne eines Strindberg reichen¬
322 3670 1228 3718 des Programm zusammengestellt, dessen viel¬
343 3709 1240 3772 fältige Aufgaben von den Schülern sehr gut
336 3761 646 3833 gelöst wurden.
2189 377 2525 479 Teltssehene
2064 535 2545 679 12.FEB. 1936
2002 623 2823 739 Das Reinhardt=Seminar ver¬
1899 705 2808 790 anstaltet heute, Mittwoch, um 8 Uhr
1900 733 2819 828 abends im Schönbrunner Schloßtheater
1902 781 2826 870 unter Oberleitung von Hofrat Dr. Ernst
1918 820 2823 912 Lothar eine Aufführung von Schnitzlers
1918 848 2827 955 „Liebelei“. Karten im Theat####
1916 911 2830 1014 Josefstadt und in Schönbrunn (R 33=8=78).
1895 1269 2803 1410 „OBSERVER“
1590 1378 1759 1469 —
1889 1407 2865 1449 I. österr. behördl. konzessioniertes Unternehmen für
1741 1415 1813 1466 m
2170 1437 2572 1491 Zeitungs-Ausschnitte
1592 1430 1840 1501 2
1728 1469 1856 1521 5
1597 1484 1712 1549 60
2038 1478 2739 1559 WIEN, I., WOLLZELLE 11
1695 1510 1795 1555 1—
1728 1526 1850 1576 — 6
1655 1543 1702 1564 —
2169 1542 2581 1587 TELEPHON R 23-0-43
1711 1566 1788 1623 5
1750 1598 1854 1659 — 83
1650 1621 1711 1692 250
1900 1631 2854 1720 Ausschnitt aus; „NEUES WIENER JOURNAL“
1601 1696 1858 1792 ES.
2233 1741 2698 1844 13.FEB. 1936
1609 1777 1800 1841 2 2
1609 1830 1692 1889 7
1795 1853 1832 1907 K
1602 1874 1795 1935 2
1825 1873 2041 1943 vom.
1747 1927 1857 1980 15
1610 1954 1881 2049 S 5 5
1725 2014 1853 2061 * 5
1719 2047 1923 2131 S
1608 2103 1750 2173 E
1787 2077 2894 2233 „Liebelei“im Reinhardt=Seminar.
1610 2213 1711 2262 1
2289 2216 2404 2276 Von
1688 2284 1742 2343 *
1617 2258 1695 2323 7
1830 2301 2957 2380 Im Schönbrunner Schloßtheater fand gestern im Rahmen
1732 2359 2973 2425 der Vorstellungen des Reinhardt=Seminars eine Auf¬
1741 2410 2936 2477 führung von Schnitzlers „Liebelei“ statt, in der man sich zum
1732 2457 2949 2513 erstenmal von den Lehrerfolgen Hofrat Dr. Lothars überzeugen
1740 2509 2950 2569 konnte, der als Direktor des Josefstädter Theaters seit Beginn
1731 2564 2949 2624 der Spielzeit auch dem Lehrkörper dieser Theaterhochschule an¬
1733 2596 2951 2664 gehört. Seinem feinen Spürsinn für Milieuwirkungen ist es
1735 2632 2955 2718 wohl zu danken, daß unter dem von ihm geführten Regisseur
1742 2717 2969 2768 Karl Guttmann eine milieu= und zeitgetreue Aufführung dieses
1745 2759 2928 2812 Standardwerkes von Artur Schnitzler zustande kam, in der—
1746 2764 2972 2854 wie immer von den Seminarschülern zusammengestellt — schon!
1731 2827 2955 2910 die beiden Schauplätze, das Quartier des jungen Studenten aus
1738 2874 2958 2944 reichem Hause und die bürgerliche Musikerwohnung, mit über¬
1748 2923 2955 3003 zeugender Stilechtheit auf die Bühne gestellt waren. Es gab
1742 2979 2958 3047 diesmal nichts Stilisiertes, sondern dem Stück entsprechendes,
1741 3037 2947 3091 richtiges Guckkastentheater, in dem sich dieses Meisterwerk, ge¬
1746 3076 2948 3147 schöpft aus dem Wien der Jahrhundertwende, mit seltener
1749 3115 2959 3196 Eindringlichkeit abrollte. Wieder sah man in dieser Vorstellung
1742 3174 2961 3245 Leistungen, die über das Niveau einer Schülervorstellung empor¬
1752 3221 2967 3301 ragten, und zwar müssen da in erster Linie die Christine der
1739 3267 2973 3359 hochbegabten Annie Mayer und die Schlagermitzi Hilde
1749 3315 2961 3393 Herberts hervorgehoben werden. Annie Mayer überrascht
1745 3354 2969 3425 durch eine in Spiel und Sprache hervorquellende Innerlichkeit,
1754 3425 2951 3485 Hilde Herbert ist ein ausgesprochenes Soubrettentalent. Von den
1745 3447 2960 3539 beiden jungen Leuten bewahrt Gustav Breuer als Fritz gute
1746 3498 2953 3572 Haltung, während Otto Fischer, der übrigens bereits an das
1753 3550 2954 3638 Theater in der Josefstadt engagiert ist, den lebensgewandteren
1755 3606 2979 3669 Theodor mit staunenswerter Echtheit verkörperte. Als Weyring
1751 3656 2961 3715 und fremder Herr boten Theodor Weingarten und
1753 3709 2950 3786 Walter Kent trotz ihrer Jugend das Elevenniveau über¬
1745 3743 2964 3823 ragende Leistungen, und auch der begabten Elisabeth Deutsch
1756 3809 2966 3882 (Frau Binder) muß anerkennend gedacht werden. Es war wieder
1758 3840 2961 3919 ein gehaltvoller Abend des Reinhardt=Seminars, dessen Bedeutung
1753 3907 2959 3964 für die Auffüllung des theatralischen Nachwuchses längst
1749 3949 2234 4036 allgemein anerkannt ist.
