3436 4320
443 152 657 218 Liebe
259 145 1398 228 5ei box 10/5
1986 77 2731 116 des letzten Aktes, der einen hochdramatischen
1969 118 2721 171 Verzweiflungsausbruch bringt. Die Auf¬
1982 153 2720 215 gabe ist aber gerade in ihrer Schlichtheit
1974 201 2728 254 und Einfachheit um so schwieriger, als der
1979 241 2720 282 Autor die Zeichnung zwar sehr stimmungs¬
1978 282 2620 330 voll, aber sehr diskret gehalten hat.
2014 317 2718 378 Auch an Lobeserhebungen über die Wie¬
1985 361 2719 419 dergabe der Rolle durch Agnes Sorma las¬
1984 402 2727 458 sen sich nicht viel Worte machen. Sie spielt
1975 447 2722 498 die Gestalt, wie sie ist, mit schlichter Innig¬
1976 483 2727 536 keit und zu Herzen sprechender Hingebung,
1983 524 2728 579 natürlich und innerlich. Man muß verstan¬
1974 556 2733 619 den haben, das in seiner schmucklosen Ein¬
1983 606 2725 651 fachheit auf sich wirken zu lassen, um die
1982 647 2735 705 schauspielerische Bedeutung des Spiels zu
1986 686 2164 747 erfassen.
2023 714 2730 781 Die Sorma der Ibsen'schen Frauenge¬
1986 764 2734 836 stalt bekommen wir nur gegen Schluß des
1984 810 2738 858 Schnitzler'schen Dramas wieder zu sehen.
1997 852 2724 900 „Christine“ erfährt dort erst, was der Zu¬
1992 894 2731 939 schauer längst weiß, — daß ihre Ahnungen
1988 937 2737 991 sie nicht betrogen haben. Ihr Geliebter
1993 974 2733 1031 liegt schon seit längerer Zeit in den Fesseln
1991 1013 2737 1061 der Reize eines anderen Weibes, einer ver¬
1983 1055 2731 1107 heiratheten Frau. Das Verhältniß kommt
1992 1096 2738 1151 zur Kenntniß des Gatten und ein Duell
1980 1135 2734 1194 ist die Folge, in welchem „Fritz“ den Tod
1982 1177 2730 1227 findet. „Christine“ erhält die Bestätigung
1993 1219 2740 1260 ihrer Befürchtungen erst mit der Todes¬
1986 1255 2740 1302 nachricht zugleich. Der darauffolgende, ihr
1983 1300 2739 1357 ganzes Innere aufwühlende Verzweiflungs¬
1984 1337 2742 1392 ausbruch, vorbereitet durch den gesteigerten
1990 1382 2744 1433 Druck der Ahnungsfülle, wird von Agnes
1978 1422 2744 1479 Sorma ergreifend gespielt. Die aufsteigende
1981 1463 2737 1510 schmerzliche Bitterkeit, die herztödtenden
1979 1504 2750 1555 Qualen des Bewußtseins, daß der Geliebte
1984 1529 2747 1594 um einer Anderen Willen sich hat tödten
1982 1585 2747 1628 lassen, daß er auch nicht ein Liebeswort für
1981 1636 2744 1678 sie mehr gehabl, daß sie die Letzte war, wel¬
1991 1652 2747 1717 che man von dem Vorgefallenen benachrich¬
1981 1708 2734 1753 tigt, weil sie ja „nur“ seine Geliebte war,
2052 1748 2742 1801 das Alles kommt zu erschütterndem
1986 1787 2742 1844 Ausdruck, erst im bitteren Wehmuthszuge
1988 1835 2747 1888 um die schmerzbewegten Lippen, dann in ge¬
1985 1871 2734 1926 steigerter, selbstquälerischer Ironie und
1991 1914 2715 1964 schließlich in elementarer Verzweiflung. —
1986 1947 2748 2004 Starker, anhaltender Beifall folgte dieser
1993 1997 2747 2045 eindrucksvollen Scene, in die Frau Sorma
2004 2034 2743 2105 ihr bestes schauspielerisches Können hinein¬
1999 2077 2136 2140 gelegt.
2022 2101 2738 2179 Auf den Werth der Arthur Schnitzler'¬
1988 2151 2758 2212 schen Dichtung kommen wir am Sonntag
1995 2201 2748 2249 ausführlicher zu sprechen. Um die gestrige
1990 2240 2748 2289 Darstellung desselben machten sich auch die
1998 2285 2746 2337 Damen Braga und Pietsch, die Herren
1996 2317 2716 2380 Reusch, Strobl. Link und Bira verdient.
2033 2367 2750 2415 „Liebelei“ wird heute und morgen Abend
1993 2406 2747 2460 wiederholt. Samstag in der Matinee:
2004 2443 2722 2511 „Nora“ zu regulären Abendpreisen.
1998 2497 2744 2557 Marie Geistinger's Wiederauftreten.
2041 2542 2747 2614 „Und scheint die Sonne noch so schön,
1987 2602 2752 2644 sie muß doch einmal untergehen,“ sang
2000 2640 2747 2686 Marie Geistinger vor zwölf Jahren in
2002 2686 2764 2734 „Therese Krones“. Sie hat damals wohl
1998 2725 2757 2777 eingesehen, daß das auch auf die glänzend¬
2003 2771 2759 2819 sten Theatersonnen Bezug hat, denn
1998 2809 2758 2862 sie zog sich bald darauf in weiser Selbster¬
2006 2849 2758 2903 kenntniß von der Bühne zurück. Warum
1998 2892 2753 2945 hat Frau Geistinger nicht die andere Wahr¬
2007 2931 2747 2990 heit beherzigt, daß — ungleich unserem
2007 2973 2748 3021 Tagesgestirn — Theatersonnen nicht am
2007 3017 2754 3074 Horizonte untertauchen, um später wieder
2008 3054 2751 3107 aufzugehen, sondern daß sie drunten zu
2011 3088 2752 3158 bleiben haben, wenn sie sich nicht dem
2006 3139 2753 3197 Spotte preisgeben wollen? Nachdem man
1994 3178 2753 3232 den Brettern einmal Valet gesagt, sie über
2003 3221 2748 3272 ein Jahrzehnt später im Urgroßmutter¬
2010 3263 2747 3310 Alter wieder zu betreten, das ist wirklich
2018 3301 2760 3366 sozusagen: „nicht schön“. Und das hat
2016 3341 2758 3404 Frau Geistinger gestern Abend mit der
2020 3396 2748 3441 Eröffnung ihres Gastspiels am „Germa¬
2006 3426 2751 3494 nia=Theater“ gethan. Damit soll nicht ge¬
2018 3465 2752 3523 sagt sein, daß die gestrige Vorstellung eine
2013 3513 2754 3565 „Failure“ war. Im Gegentheil, an Beifall
2017 3546 2762 3599 und Ovationen hat es wahrlich nicht ge¬
2017 3591 2751 3652 fehlt. Rampenlicht, Schminke und sonsti¬
2021 3637 2758 3695 ger Aufputz, sowie ein Zusammenraffen
2022 3680 2754 3738 alles dessen, was Frau Geistinger noch an
2013 3728 2748 3779 Routine= Reminiscenzen besitzt, haben wie¬
2016 3775 2754 3833 der einmal gezeigt, was sie Alles zu ver¬
2016 3811 2752 3867 hüllen vermögen. Aber das schärfer hin¬
2017 3849 2751 3910 blickende Auge sah an dem unsicheren Gang,
2021 3896 2825 3971 an den schwerfälligen Gesten, an dem dünn 1
