3436 4256
403 153 801 228 Liebelei.
237 155 812 274 5. Sneenen
948 146 1379 238 box 12/3
1497 842 1992 928 Epblenzer #
1640 1041 1989 1142 N# 3. M
1296 1249 1708 1328 Stadttheater.
1352 1311 1683 1387 „Liebelei“.
1187 1357 1844 1427 Schauspiel von Arthur Schnitzler.
1600 1393 1995 1468 zGybferz. 9. Mirz.
1026 1442 2026 1506 „Es ist sonderbar . .. ändert man sich denn so sehr?
978 1495 2012 1551 Oder was ist es?“ fragte gestern abend eine Theater¬
983 1530 2019 1581 besucherin. „Vor Jahren habe ich das Stück in Frank¬
988 1573 2028 1630 furt gesehen und war erschüttert; und heute ging das
990 1616 2025 1659 Spiel stimmungslos an mir vorbei.“ Nun, an Erschüt¬
987 1655 2028 1716 #terung im Publikum scheint es auch gestern abend nicht
986 1706 2025 1748 gefehlt zu haben. Man will am Schlusse viel fließende
983 1742 2029 1797 Träuenbächlein gesehen haben. Aber etwas richtiges
987 1781 2038 1824 ist schon an der Meinung: gestern abend ließ das Stück
989 1819 2022 1875 kalt. Nicht immer, aber doch zu einem erheblichen Teil.
985 1862 2026 1912 Es mag, wie die kunstliebende Dame meinte, wirklich
988 1899 2029 1956 etwas an der Geschmacksänderung liegen; aber Szenen
986 1937 2029 2005 wie das Gegeneinander des Fritz Lobheimer und des
992 1978 2027 2030 „Herrn“ und die Verschiedenartigkeit der beiden Liebes¬
984 2027 2033 2072 paare während des ahnungsschwülen Soupers im ersten
996 2060 2030 2115 Akte sollten bei richtiger Herausarbeitung doch noch im¬
991 2105 2027 2156 mer eine bei allem Wechsel der Stimmung einheit¬
988 2138 2023 2190 liche Wirlung erzielen, ein überwiegendes Gefühl
978 2180 2029 2233 angstverhaltenen Erwartens auslösen.. Aber an dieser
991 2220 2027 2267 Einheitlichkeit schien es uns zu fehlen. Die Stimmun¬
992 2264 2032 2312 gen wechselten und verschwanden und flossen nicht zu
991 2309 2031 2349 einem großen Strome bangen Hoffens zusammen.
993 2343 2035 2394 Und dieser Mangel scheint doch nur darauf zurückzufüh¬
1001 2373 2039 2439 ren zu sein, daß die letzte Durcharbeitung und die Kon¬
989 2426 1734 2490 zentration des Zusammenspiels fehlte.
1011 2446 2044 2509 Die Einzelleistungen boten, wenn auch der Souffleur
1001 2499 2026 2555 etwas lebendiger als wünschenswert war, guten Durch¬
987 2537 2039 2603 schnitt. Frl. Arden, die Benefiziantin, wurde bei
1003 2592 2030 2632 ihrem ersten Auftreten mit langanhaltendem Beifall be¬
1001 2614 2037 2673 glückt und erhielt damit den Beweis, daß man ihre Ver¬
1001 2656 2024 2718 dienste während ihrer zweijährigen hiesigen Bühnentä¬
999 2705 2035 2754 tigkeit auch im Publikum wohl zu schätzen weiß. Ihre
1042 2749 2026 2795 hristine wurde in derselben saubern Darstellung ge¬
1017 2792 2053 2830 boten, die wir von so mancher Rolle, die Frl. Arden
1076 2828 2040 2875 egehabt hat, kennen. Allerdings an die ganz großen
1073 2858 2046 2919 fgaben, deren Lösung durch die Benefiziantin wir
1067 2903 2041 2958 er in diesem Winter (u. a. im „Flieger“) zu bewun¬
1023 2941 2047 2999 dern Gelegenheit hatten, reichte die gestrige Rolle ja
1001 2981 2047 3032 nicht heran. Die Mizzi Schlager fand in Frl. Hornyk
995 3026 2042 3071 eine Leben sprudelnde Darstellerin. Wisa Lauth gab
993 3062 2045 3114 die Katharina Binder aus dem bei ihr gewohnten
1030 3096 2047 3161 Fonds an Erfahrungen. Herr Maur spielte den Va¬
1083 3143 2042 3195 Christinens mit dem notwendigen Maß von Senti¬
1062 3183 2044 3232 ntalität, ohne davon zu viel zu verschwenden. Herr
1090 3225 2045 3277 emars Liebhaber mochte etwas zu jugendlich und
1084 3261 2050 3318 iso wie Herrn Hildebrands Kaiser nicht welt¬
1104 3298 2079 3355 nisch genug erscheinen. Beider Spiel war im übrf¬
1083 3352 2053 3393 durchaus korrekt. Die Regie führte Herr Dr.¬
992 3370 2055 3442 Kreizler; er bot eine gute Aufmachung des Büh¬
1005 3428 1227 3497 nenbildes.
