3484 4224
1364 164 1437 227 N
419 224 788 308 Liebelei
244 221 1382 352 5  box 10/3
1547 985 2251 1078 Die Berliner Theatersaison 1895/96.
1197 973 1324 1065 494
1187 1068 2603 1149 etwas höher gestellt als bei Hirschfild. Das Mädchen ist nicht
1187 1158 2597 1223 Fabrikarbeiterin, sondern, wie Luise Millerin (auch hier kommen
1185 1211 2605 1279 wir wieder unter Musikanten) die Tochter eines Geigers. Der
1192 1267 2612 1347 junge Mann ist zwar auch Bourgeois, aber Einer, der zur jeunesse
1185 1327 2621 1413 dorée aufwuchert. Wie das züchtige Bürgerskind zögernd und
1189 1386 2609 1445 doch verlangend in die Wunder der flotten Welt eingeweiht wird,
1186 1448 2588 1505 wie sie, von Wiener Gemüthlichkeit und Wiener Lebenslust um¬
1192 1499 2602 1573 würzt, im Genuß halb zweifelnd halb andächtig, halb befremdet,
1196 1565 2594 1638 halb bezaubert umhertastet, ist von feiner kundiger Künstlerhand
1188 1618 2597 1709 mit aller Kraft, aller Grazie, aller Laune dargestellt — ein Akt,
1183 1676 2598 1752 an Sicherheit der Zeichnung des völlig andern Milieus mit dem
1182 1748 2605 1815 Hinterhausakt „der Mütter“ wetteifernd. Die kleine, bleiche
1191 1797 2604 1874 Christine geht auf in der Liebe zu ihrem feschen Fritz. Fritz aber
1179 1861 2593 1936 läßt sich im Zweikampf von einem Ehegatten, den er betrog,
1180 1920 2596 1995 tödten. Daß Christine das Schicksal dieses Rache übenden Mannes
1182 1994 2592 2050 theilte, daß durch denselben Treubruch auch sie betrogen ward,
1186 2041 2614 2109 erfährt sie erst, als sie den Geliebten verloren hat. Nun ist
1183 2086 2599 2147 rascher Entschluß schlimmer Entschluß. Sie überleht es nicht.
1184 2173 2604 2230 Wenn dieses Stück stärkern Zulauf fand als „Tedeum“ und auch
1185 2214 2601 2299 wohl die „Mütter“ an äußerm Erfolg noch übertrifft, so verdankt
1183 2272 2603 2348 es dies gewiß seinen feinen und intimen Reizen, die im Einzelnen
1179 2331 2599 2406 liegen und an Ort und Stelle empfunden sein wollen. Noch mehr
1182 2407 2597 2470 aber verdankt es dies seinem Stoffe; denn nichts ist auf dem
1185 2457 2589 2523 Theater willkommner, als das Thema: „a bisserl Lieb und a
1186 2514 2603 2579 bisserl Treu und a bisserl Falschheit is alleweil dabei.“ Freilich
1190 2559 2598 2648 darf nach der Mengenmeinung die Falschheit nicht entscheiden.
1195 2616 2589 2700 Am wenigsten darf sie tragisch entscheiden. Darum hat man auch
1192 2682 2589 2744 bei Schnitzler am letzten Akt, so schön ihn Frau Sorma spielte,
1193 2744 2597 2806 unnöthigen Anstoß genommen. Wäre Fritzerl gesund wie ein
1188 2805 2590 2880 Fisch aus dem Zweikampf heimgekehrt, hätte er seinem Mädel
1182 2858 2599 2918 versprochen, so was nicht wieder zu thun, hätte sich das Mädel
1193 2919 2587 2982 nach einigem Schmollen in seine Arme geworfen, so wäre das
1187 2975 2584 3046 Plaudite noch allgemeiner gewesen. Daß ein so liebes Herzchen
1190 3026 2596 3097 brechen muß, wird als zu grausam empfunden. Christinchen nahm
1185 3096 2594 3172 Liebelei für Liebe und der muntere Berliner sagt: „Wenn schon!“
1189 3158 2592 3222 Christine geht nicht schweigsam und fügsam in den Tod. Sie
1182 3211 2596 3282 bringt sich und den Andern ihre Lage voll zum Bewußtsein.
1183 3281 2601 3333 Aus ganzem Klarwerden entsteht ihr Lebensüberdruß. Wie den
1186 3345 2599 3409 Sterbenden oft das Auge heller wird, so wird diesem armen
3022 1680 3119 1751 aber
3026 1746 3304 1822 bild gestalten
3013 1796 3368 1891 künstlerisch eini
3013 1859 3352 1952 theils zu wirr.
3012 1918 3351 2000 wurde. Jahrz
3021 1980 3366 2053 Charakterkomöd
3020 2037 3367 2113 war Bretterwe
3008 2096 3360 2175 schuf eine Char
3156 2157 3357 2227 wie jeder
3024 2163 3162 2234 auch,
3284 2216 3364 2281 rkli
3312 2277 3355 2354 Le
3298 3389 3365 3458 #t.
