3484 4224
500 153 860 225 Liebelei
308 137 1462 262 5. Lisgesel box 10/3
2014 996 3102 1075 — Vom Abg. Paasche ist mit Unterstützung von 24 Mit¬
950 1003 1882 1101 AeArAnifer vort am Freitag zur Beisetzung
3180 1037 3416 1117 Bulgarich
1894 1062 3092 1120 gliedern seiner, der nationalliberalen, Partei, der Antrag auf Be¬
663 1044 1116 1134 der Großherzogin ein.
3087 1080 3404 1160 des bulgari
1900 1091 3101 1151 seitigung der Creditirung des Eingangszolls bei der Einfuhr von
830 1085 1888 1156 Als vermutlicher Nachfolger des Prinzen Friedrich
662 1130 3413 1205 oon Hohenzollern in der Stellung als commandirender] Weizen, Roggen, Hafer, Hülsenfrüchten, Gerste, Raps und Rübsaat] zuständiger Sei
3093 1250 3409 1311 1 Lust der Sorgfa
1893 1257 3097 1308 suchen für die andern, ins Nebenzimmer zu treten. Ein fremder Herr
3109 1281 3408 1356 einmal einen Er
1892 1299 3103 1350 tritt über die Schwelle, wie der Gouverneur im Hause des Don Juan.
922 1260 1627 1371 Unterhaltungsblatt.
3087 1315 3407 1386 wie Herr Jarn
1889 1328 3107 1390 Und inderthat, aus der äußerst kurzen, aber höchst deter¬
984 1352 1573 1422 Deutsches Theater.
3099 1365 3412 1427 musikus mit den
1884 1362 3102 1431 minirten Art des fremden Herrn, welcher Herrn Logheimer
3099 1399 3405 1464 etwas zweifelha
1889 1418 3103 1460 seiner Gattin wegen stellt und ihm die Unvermeidlichkeit des Duells
751 1391 1887 1456 Neu einstudirt gelangte am Dinstag Heinrich v. Kleist's „Zer¬
3101 1435 3404 1500 Schneider die
1897 1450 3101 1501 begreiflich macht, erfahren wir auch den ganzen gefährlichen Roman
669 1443 1880 1501 brochener Krug“ in Verbindung mit einer dreiactigen modernen Schau¬
3110 1475 3400 1550 spielten, haben
1894 1477 3098 1545 des leichtsinnigen Fritz. Der fremde Herr verschwindet nach diesem
669 1490 1880 1544 spiel=Neuheit: „Liebelei“ von Arthur Schnitzler zur Aufführung.
3098 1513 3354 1581 das Glück
1886 1530 3101 1588 dramatisch sehr wirksamen Intermezzo aus dem Stücke, die ungetreue
667 1526 1884 1602 Glücklicherweise ein Abend nicht nur ohne den Tumult empörter Ge¬
3103 1562 3352 1626 ersten Acte
1899 1553 3100 1614 Gattin tritt glücklicherweise garnicht in den Vordergrund der Scene. Aber
671 1569 1610 1614 müter vielmehr ein beifalls= und erfolgreicher Abend.
3092 1592 3303 1653 treier de
1899 1603 3107 1658 der Zweikampf findet statt, nachdem Fritz im 2. Acte noch Christine
746 1604 1889 1665 Das neue Schauspiel stammt aus Wien und spiegelt mit
3101 1635 3410 1710 am Schlufs der
1893 1639 3108 1701 in der bescheidenen 4 Stock hohen väterlichen Vorstadtwohnung auf¬
674 1642 1888 1711 realistischer Schärfe, mit dem feineren Empfindungsvermögen einer
3113 1678 3280 1736 Autors.
1891 1672 3102 1748 gesucht, und unter dem Vorwand, für einige Zeit verreisen zu müssen,
671 1675 1882 1737 poetischen Seele Leben und Treiben im Kreise der jungen Leute, die
3180 1696 3389 1769 Kleist's
1887 1709 3109 1779 zärtlichen Abschied von ihr genommen. Der 3. Act bringt den tra¬
671 1720 1889 1785 es nach den Freuden dieser Welt dürstet und die hierbei im Zeitalter des
3108 1744 3398 1812 nicht die richtig
1897 1756 3104 1813 gischen Ausgang. Christine vergeht in Sehnsucht und Ungeduld, und nun
667 1765 1895 1826 fin de siècle mehr als jemals von laxen Anschauungen geleitet
3105 1787 3408 1849 das wunderbare
1887 1803 3105 1851 bricht die Kunde herein, dass Fritz im Duell erschossen worden ist.
662 1804 1887 1851 werden. In diese vom Dunst sorgloser Frivolität erfüllte
3096 1834 3406 1893 Herrn Mülle
1899 1837 3107 1899 Allmählich taucht in der Unglücklichen, die zu verzweifeln droht,
671 1835 1886 1894 gesellschaftliche Atmosphäre wächst aber eine zarte weibliche
3104 1867 3410 1935 Stagli („Eoch
1891 1863 3102 1943 die Wahrheit auf und das schmerzliche Bewusstsein: „Ich habe ihn
680 1878 1894 1937 Blume hinein, um verwelken zu müssen. Ein junges Mädchen mit
3106 1909 3410 1978 Gemüter heiter¬
1901 1906 3098 1983 geliebt und für eine andece ist er in den Tod gegangen!" Von Ver¬
676 1906 1890 1972 der echten, treuen, schwärmerischen Liebe im Herzen, die Tochter eines
3107 1945 3410 2017 allgemeinstem
1896 1953 3103 2009 zweiflung gepackt, entreißt sie sich den Armen des zärtlichen
677 1956 1895 2017 Theatermusicus, glaubt sich und wird auch geliebt von einem jungen
1889 1979 3103 2054 schwachen und trostspendenden unglücklichen Vaters und stürzt an Mizi
674 1987 1888 2044 Mann, dem offenbar reiche Mittel von Hause aus allen
3183 2004 3404 2082 * Concer
1891 2031 3115 2092 und Theodor vorüber hinaus, um zu sterben. „Sie kehrt nicht zu¬
680 2025 1895 2090 Luxus gestatten, den sich die jungen Lebemänner von heute
3110 2060 3407 2126 akademie das
1903 2056 3108 2138 rück!“ Mit diesen Worten bricht der schwer geprüfte und verlassene
669 2071 1887 2133 in Wien zu gestatten pflegen. Es wird wohl nichts aus
3111 2093 3404 2160 Erstere zeigte u
1907 2108 2047 2162 Vater
2038 2103 3103 2163 Christinens, der sein geliebtes, einziges Kind ver¬
665 2112 1886 2166 dem Verkehr der bescheidenen, stets sehr herzensbeklommenen
2978 2149 3105 2198 und
3107 2144 3396 2194 schulte Technik
1906 2153 3002 2200 geblich aufzurichten bemüht war, trostlos zusammen
665 2136 1890 2216 Musikerstochter Fräulein Christine Weining mit dem seelisch
3119 2179 3408 2240 zu erkennen, da
2365 2176 3113 2255 Dieser Ausgang Christinens mag
1774 2182 1890 2244 ein
1889 2186 2345 2247 der Vorhang fällt.
1211 2185 1793 2250 Logheimer werden. Irgend
1077 2190 1213 2252 Fritz
1050 2202 1103 2246 3
671 2191 1067 2255 zerrissenen Herrn
3125 2211 3400 2282 an sich zu feilen
1888 2199 3106 2280 trotz der ergreifenden Tragik verblüffen. War er absolut not¬
679 2223 1890 2293 Dämon wird das geträumte Glück Christinens, einst dem heiß Ge¬
3115 2253 3371 2315 Composition
1909 2261 3114 2329 wendig? Nicht nur die zärtlich flehende Liebe des treuen Vaters
675 2267 1886 2323 liebten für das ganze Leben folgen zu dürfen, verhängnisvoll zerstören.
3105 2291 3395 2357 Ihr Instrumen
1898 2298 3116 2350 kommt hier, um Christine von dem verzweifelten Schritt zurückzuhalten,
674 2313 1885 2361 Christine besitzt nicht die Schmetkerlingsfeele ihrer durch und
3119 2334 3331 2391 versteht es
1903 2341 3114 2392 in Betracht. Vor allem liegt ja das Bild des schwärmerisch
680 2340 1898 2407 durch praktischen Freundin Mizi Schlager, einer stellungsfreien Modistin,
3107 2369 3403 2429 entfalten. Die
1899 2374 3116 2437 Angebeteten zertrümmert von ihrem Auge. Fritz war der aufrichtigen
672 2373 1894 2440 die das Leben von der leichtesten Seite aus zu nehmen gewillt ist und
3111 2408 3403 2469 ihren Leistunger
1893 2412 3111 2477 großen Liebe dieses Mädchens nicht wert, die schließlich auch noch mit
681 2416 1899 2474 alle Sentimentalität verabscheut. Ebenso ist Theodor Kaiser, der
3114 2447 3393 2509 Sopran besitzt
1895 2448 2552 2521 dem freiwilligen Tode besiegelt wird.
690 2450 1891 2516 Intimus Fritz Logheimer's, ein anderer, als dieser selbst, der mit Be¬
3125 2483 3401 2546 Lage scharf un
1749 2489 1899 2556 aben¬
1979 2492 3122 2549 Aber der Verfasser hat wohl verstanden, das Publikum zu fesseln,
1663 2500 1769 2551 in
1120 2495 1255 2564 dass
1239 2501 1599 2566 sein Freund si
684 2496 1141 2563 dauern wahrnimmt,
3111 2525 3400 2592 auf Vortrag w
1894 2532 3115 2593 die vollste Teilnahme wachzurufen. Ein fesselndes Wiener Gemälde
686 2528 1900 2607 teuerliche Romane eingelassen hat, die zu ernsten Katastrophen
3114 2564 3364 2633 zu gestalten.
1902 2589 3116 2636 in seinen localen Farben und Stimmungstönen anziehendster Art,
675 2571 1900 2635 führen könnten. Von diesen Dingen ihres Geliebten hat
3118 2614 3315 2662 Dr. Kohr
1908 2619 3116 2670 verwandt mit dem Stile Alphonse Daudet's. Der Verfasser hat
682 2623 1893 2675 Christine garkeine Ahnung, und das wird für sie zum tragischen
3119 2643 3289 2698 raschende
1906 2655 3110 2716 sich mit vollem ethischem Ernste in seine Aufgabe vertieft und
677 2650 1901 2714 Verhängnis. Der erste Act schildert im Junggesellenheim des ewig
3120 2683 3250 2744 drama
2578 2682 3109 2756 sonniger Lebenswärme er¬
2546 2677 2606 2736 A
1902 2694 2562 2757 inmitten der realistischen von
685 2679 1907 2752 verstimmten Herrn Logheimer einen fröhlichen Abend. Begegnen der
3115 2733 3205 2782 gut
1905 2727 3123 2772 füllten Detailmalerei eine Gestalt zur Aufführung gebracht,
673 2740 1898 2796 beiden Paare. Man zündet viele Lichte an, man setzt
1901 2768 3118 2820 die über die flache Alltäglichkeit mit dem Idealismus ihrer Liebe¬
681 2778 1903 2836 sich zu Tisch, es wird Klavier gespielt und getanzt. Der
3111 2803 3281 2868 vielen
1895 2797 3127 2854 und seelischen Reinheit weit hinaushebt. Frl. Sorma hatte bei der
690 2792 1901 2871 Contrast des fentimentalen und des flottfröhlichen Paares ist vom
1905 2853 3122 2904 Darstellung dieser Christine wieder ihre herrlichen Momente,
686 2848 1894 2902 Autor vortrefflich gezeichnet, das Lebensgemälde fein und carakteristisch
1901 2880 3125 2943 wurde aber stellenweise durch das ungewohnte des Wiener
681 2893 1916 2947 ausgeführt. Es pulsirt echtes Wiener Blut in dieser Welt. Pötzlich
2916 2910 3130 2990 behindert.
3115 2903 3360 2979 Pettersson=R.
1905 2928 2922 2982 Dialekts in der Fr.iheit ihres künstlerischen Wesens
687 2932 1895 2996 klingelt es, Spiel und Tanz stocken, der schrille Ton
2893 2960 3127 3017 gut ab¬
3122 2954 3398 3013 schöne Helena“
1900 2954 2910 3016 Die Darstellung war nach allen Seiten hin
686 2960 1911 3027 der Glocke wiederholt sich noch zweimal, dann entschließt
684 3008 3402 3073 sich Fritz, die Thür zu öffnen. kommt aber aleich zurück mit dem Er=! gerundet und wirksam. Aus allen Mitspielenden leuchtete die 1 sängerin Schm
1360 3189 1585 3286 —
1980 3070 3227 3288 letng- P
685 3204 1413 3297 Sadan
