3484 4256
161 229 217 324 6
826 214 1267 313 box 13/3
213 224 672 310 Liebeler
279 282 730 339 —
1228 888 1464 982 Weien, M
536 909 761 984 f Seite 8
533 1023 1439 1130 mein reizvoll. Sie spielt die Figur ohne jede
533 1092 1435 1156 Drastik, ohne jene falschen Theatertöne, die
534 1140 1439 1208 bereits Konvention dieser Figur geworden sind.
545 1185 1438 1258 Sie gibt wieder den ursprünglichen Sinn der
545 1237 1320 1310 Gestalt voll Frische, Zartheit und Humor.
579 1298 1454 1369 Paula Wessely als Christine hat ihren
552 1335 1436 1412 großen Abend, fern von all den gefälligen Nich¬
541 1384 1446 1453 tigkeiten, die sie hier jahrelang spielen mußte.
553 1434 1452 1503 Ihre Christine ist ein stiller, herber, in sich ge¬
551 1475 1453 1553 haltener Mensch. Ohne Lüge. Ohne Schein. Das
550 1525 1451 1605 Gefühl dieser Christine liegt nicht offen zu Tag,
550 1577 1452 1639 es brennt nach innen. Sie gibt sich schwer, aber
540 1613 1452 1687 wenn sie sich einmal gegeben hat, bewahrt sie
550 1670 1449 1754 nichts für sich zurück. Kein passives Geschöpf,
552 1734 1456 1794 das genommen und zerbrochen wird. Immer ist:
556 1768 1455 1853 es sie selbst, die entscheidet, und hat darum die
563 1811 1448 1887 gleiche, ungeteilte, elementare Kraft auch im
560 1863 1447 1943 Schmerz. Auch da kennt sie kein Verzichten, kein
555 1916 1466 1974 Paktieren mit der Wirklichkeit der sogenannten
566 1962 1459 2037 Vernünftigen, auch da will sie nur alles oder
568 2003 1464 2089 nichts. In dieser Christine vereint sich — und
559 2061 1453 2142 das macht sie so groß — die miterlebende, ver¬
570 2085 1459 2188 zaubernde Magie einer blutechten Schauspielerin
572 2153 1451 2220 und jene geheimnisvolle Urkraft, die nicht das
575 2199 1459 2279 Individuum sich selber, die nur das Volk einem
880 2251 1433 2324 Oskar Maurus Fontana.
569 2278 684 2338 gibt.
603 2349 1442 2445 Maria Lazars: „Die Nebel von
890 2418 1123 2505 Dybern“
627 2488 1418 2553 Uraufführung im Stettiner Stadttheater.
755 2540 1436 2611 Berlin, 21. Februar. (Eigenbericht.)
607 2572 1476 2662 * Das Stettiner Stadttheater brachte gestern
571 2647 1479 2722 das Stück „Die Nebel von Dybern“ der Wiener
573 2696 1473 2771 Schriftstellerin Maria Lazar zur Uraufführung.
583 2757 1468 2825 Es war gerade der Tag der tausendsten Vor¬
573 2790 1482 2883 stellung der Stettiner Theatergemeinde, was die
585 2843 1487 2919 Wiener Autorin als besondere Ehrung buchen!
579 2919 704 2974 darf.
610 2923 1488 3021 Das Stück behandelt das Thema des Gas¬
577 2984 1488 3075 krieges und des Krieges überhaupt, aber nur in¬
586 3013 1484 3107 direkt. Maria Lazar geht als Frau an den Stoff
591 3089 1477 3163 heran. Sie zeigt den Männern, daß sie nicht im¬
581 3118 1489 3198 stande sind, die fürchterlichen Mordwassen, die
597 3190 1482 3250 sie zur gegenseitigen Vernichtung entfesseln, ver¬
592 3218 1484 3296 läßlich zu beherrschen. Das zeigt sie in dem
601 3283 1493 3363 Schicksal einer Stadt, die gar nicht am Kampf
590 3330 1478 3396 beteiligt war und — eben infolge der Unzuver¬
604 3373 1495 3463 lässigkeit derjenigen, die sich anmaßen, die furcht¬
595 3439 1442 3499 baren Verwüstungskräfte spielen zu lassen:
597 3475 1357 3553 der Vernichtung durch Gas anheim fällt.
636 3525 1513 3592 Es war ein Wagnis, das Stück gerade im auf¬
604 3569 1498 3642 geregten Nordosten herauszubringen, das Wagnis
605 3622 1498 3691 ist aber geglückt. Maria Lazar und die Darsteller
601 3677 1175 3750 erzielten vollen Erfolg.
599 3780 1493 3890 Werner Krauß nun doch am Burg¬
956 3865 1157 3945 theater
647 3920 1522 4009 * Die Verhandlungen Direktor Röbbelings
610 3970 1501 4059 mit Werner Krauß haben erfreulicherweise
622 4018 1513 4103 nunmehr doch noch zum Abschluß geführt. Werner
610 4071 1501 4143 Krauß wird bereits Ende März im Burg¬
609 4116 1500 4184 theater auftreten und zunächst Rollen spielen,
1307 4167 1383 4214 K
2426 1058 2661 1122 1. Oesterr.
1905 1070 2789 1197 SIS1OBSERVER peheret, vors.
2029 1130 2762 1198 Büro für Zeltungsnachrichten
2037 1157 2776 1238 WIEN I, WOLLZEILE 1
1904 1326 2055 1409 85
2233 1321 2779 1416 Kleines Volksblatt, Wien
1923 1427 2776 1537 eeeerhtreteeteeoeererooeeeeree
2012 1553 2674 1626 Schede Kansle.
2109 1629 2547 1702 Schnitzler-Feier.
1947 1691 2748 1769 „Liebelel“ und „Der läßsere Kassian“ 141
2139 1743 2548 1800 Josefstädter Theater.
1948 1770 2772 1849 Es war kein schlechter Einfall, neben die
1908 1820 2781 1902 Balladentragik wienerischen Leichtsinns, neben
1908 1865 2781 1943 die „Liebelei“, die bittere Harlekinade des
1915 1905 2781 1985 „Tapferen Kassian“ zu setzen. Das von der
1919 1939 2785 2014 Melancholie nahen Unterganges erfüllte
1915 1975 2782 2052 Wesen Schnitzlers wird überdentlich, der
1920 2023 2795 2097 Dichter, der an der Schwelle zweier Zeiten
1926 2067 2794 2139 stand, einer alten, an die er nicht mehr, und
1915 2105 2792 2163 einer neuen, an die er noch nicht glauben
1927 2159 2795 2212 konnte. Nun wird am doppelten Beispiel die
1921 2184 2797 2256 ganze „Relativitätstheorie“ der Schnitzlerschen
1928 2228 2788 2288 Dramatik bewiesen, die ihre Menschen nicht im
1917 2266 2789 2335 Kampf von Gut und Böse, von Willen und
1928 2304 2798 2372 Gegenwillen zerbrechen läßt, sondern im
1934 2346 2805 2410 Glauben, daß es keines von beiden gibt, und
1935 2386 2792 2453 an ihrer inneren Willenlosigkeit, die sich ja
1934 2423 2802 2497 auch hinreichend als verhängnisvolle Wirklich¬
1927 2466 2794 2532 keit fühlbar gemacht hat. Im Grunde hat sie
1935 2510 2802 2561 die ganze Welt vor 1914 zugrundegerichtet.
1929 2559 2793 2607 Ueber solche historische Ueberlegung der
1943 2582 2806 2656 „Liebelei“ hinaus wirkt freilich manche Stim¬
1937 2634 2799 2693 mung, die traurige Anmut manchen Ge¬
1939 2655 2805 2735 spräches noch ganz unmittelbar, namentlich
1944 2704 2799 2771 wenn eine so vollkommene Darstellung der
1935 2746 2810 2827 Dichtung dient, wie im Josefstädter Theater.
1970 2789 2804 2852 Unter der Regie Kalbecks bringen Hans
1937 2826 2818 2888 Thimig, Friedl Czepa und Alfred Neu¬
1940 2869 2811 2927 gebauer erst die Liebesverwirrung des
1937 2915 2818 2977 Pierrotstückes graziös und melancholisch vor
1938 2949 2804 3011 die Hörer, dann packt sie die Wessely als
1936 2987 2821 3058 Christine mit der ganzen elementaren Macht
1942 3026 2822 3099 ihrer großen schauspielerischen Natur. Sie hat
1948 3069 2817 3136 Augenblicke, die nicht nur das Publikum,
1950 3109 2817 3173 auch alle Vorstellungen des Wiener „süßen
1952 3150 2827 3221 Mädels“ wie sie sich in der Literaturgeschichte
1952 3186 2820 3262 heimisch gemacht haben, als allzu billig er¬
1957 3226 2811 3300 schüttern. Heinrich Schnitzler spielt den
1958 3273 2809 3339 Näsoneur, ans Thimig sehr diskret das
1950 3302 2825 3372 tragische Opfer der Liebelei, Hugo Thimig
1959 3346 2831 3409 ist ein menschlich rührender alter Weyring,
1951 3386 2822 3439 Annie Rosar seine=Schwester. Und wieder
1955 3435 2827 3501 behauptet sich Friedl Czepa auch neben den
1969 3480 2821 3523 außerordentlichen Maßen der Wessely als
1968 3506 2823 3568 Künstlerin von wienerischer Anmut, Grazie
1968 3548 2824 3610 und Natürichkeit, wie sie nicht bald ihres¬
1957 3584 2827 3652 gleichen hat. Der Erfolg war groß. Dr. F. Schr.
