<?xml version="1.0" encoding="UTF-8" standalone="yes"?>
<PcGts xmlns="http://schema.primaresearch.org/PAGE/gts/pagecontent/2013-07-15" xmlns:xsi="http://www.w3.org/2001/XMLSchema-instance" xsi:schemaLocation="http://schema.primaresearch.org/PAGE/gts/pagecontent/2013-07-15 http://schema.primaresearch.org/PAGE/gts/pagecontent/2013-07-15/pagecontent.xsd">
    <Metadata>
        <Creator>prov=University of Rostock/Institute of Mathematics/CITlab/Gundram Leifert/gundram.leifert@uni-rostock.de:name=ONB_Newseye_GT_M1+(htr_id=10810)::::v=2.4.2
prov=University of Rostock/Institute of Mathematics/CITlab/Tobias Gruening/tobias.gruening@uni-rostock.de:name=de.uros.citlab.module.baseline2polygon.B2PSeamMultiOriented:v=2.4.2
prov=University of Rostock/Institute of Mathematics/CITlab/Tobias Gruening/tobias.gruening@uni-rostock.de:name=/mnt/transkribus/LA/DEA/URO/LA_news_onb_att.pb:de.uros.citlab.segmentation.CITlab_LA_ML:v=2.4.2
Transkribus</Creator>
        <Created>2019-10-07T11:48:46.056+02:00</Created>
        <LastChange>2019-10-08T23:09:46.184+02:00</LastChange>
        <TranskribusMetadata docId="223992" pageId="9506529" pageNr="85" tsid="16614281" status="IN_PROGRESS" userId="40391" imgUrl="https://files.transkribus.eu/Get?id=YQZDPTSBNWYJKMTHDEQDHTAS&amp;fileType=view" xmlUrl="https://files.transkribus.eu/Get?id=CIBXRQZRQWUJAYVJHNODEDOZ" imageId="6196558"/>
    </Metadata>
    <Page imageFilename="223992_0085.jpeg" imageWidth="3248" imageHeight="4320">
        <ReadingOrder>
            <OrderedGroup id="ro_1711445657893" caption="Regions reading order">
                <RegionRefIndexed index="0" regionRef="r1"/>
                <RegionRefIndexed index="1" regionRef="r2"/>
                <RegionRefIndexed index="2" regionRef="r3"/>
            </OrderedGroup>
        </ReadingOrder>
        <TextRegion orientation="0.0" id="r1" custom="readingOrder {index:0;}">
            <Coords points="304,189 304,247 850,247 850,189"/>
            <TextLine id="r1l1" custom="readingOrder {index:0;}">
                <Coords points="507,215 577,225 782,223 792,212 834,220 833,147 814,147 788,172 724,150 677,175 623,153 607,164 553,149 506,160"/>
                <Baseline points="515,212 540,212 566,212 592,211 618,211 644,210 670,210 695,210 721,209 747,209 773,209 799,209 825,210"/>
                <TextEquiv>
                    <Unicode>iebelei</Unicode>
                </TextEquiv>
            </TextLine>
            <TextLine id="r1l2" custom="readingOrder {index:1;}">
                <Coords points="295,212 519,257 548,242 683,265 720,240 857,263 859,206 823,197 571,216 533,211 483,158 414,183 362,148 297,158"/>
                <Baseline points="304,209 331,213 358,217 385,221 413,224 440,227 467,230 495,232 522,233 549,234 577,236 604,236 631,236 658,237 686,236 713,236 740,236 768,235 795,235 822,234 850,233"/>
                <TextEquiv>
                    <Unicode>5. L Shd</Unicode>
                </TextEquiv>
            </TextLine>
            <TextEquiv>
                <Unicode>iebelei
5. L Shd</Unicode>
            </TextEquiv>
        </TextRegion>
        <TextRegion orientation="0.0" id="r2" custom="readingOrder {index:1;}">
            <Coords points="1029,108 1029,266 1167,266 1167,108"/>
            <TextLine id="r2l1" custom="readingOrder {index:0;}">
                <Coords points="1019,222 1041,221 1058,234 1081,234 1110,218 1120,222 1125,218 1130,224 1153,218 1175,226 1178,177 1131,163 1121,168 1102,161 1073,174 1045,146 1036,153 1022,152"/>
                <Baseline points="1029,208 1056,209 1084,210 1111,211 1139,212 1167,216"/>
                <TextEquiv>
                    <Unicode>box</Unicode>
                </TextEquiv>
            </TextLine>
            <TextEquiv>
                <Unicode>box</Unicode>
            </TextEquiv>
        </TextRegion>
        <TextRegion orientation="0.0" id="r3" custom="readingOrder {index:2;}">
            <Coords points="1288,950 1288,3058 2728,3058 2728,950"/>
            <TextLine id="r3l1" custom="readingOrder {index:0;}">
                <Coords points="1327,985 2716,1040 2738,961 1329,928"/>
                <Baseline points="1336,970 1405,972 1475,975 1544,977 1614,980 1683,984 1753,987 1822,989 1892,993 1961,996 2031,998 2101,1002 2170,1005 2240,1008 2309,1010 2379,1012 2448,1015 2518,1016 2587,1018 2657,1020 2727,1020"/>
                <TextEquiv>
                    <Unicode>den ehrfurchtsvollsten Dank an den Kaiser ab, welcher die Errichtung 1 dreijähriger</Unicode>
                </TextEquiv>
            </TextLine>
            <TextLine id="r3l2" custom="readingOrder {index:1;}">
                <Coords points="1327,1088 2718,1130 2720,1074 1329,1032"/>
                <Baseline points="1336,1069 1404,1071 1473,1074 1542,1077 1610,1079 1679,1082 1748,1084 1816,1087 1885,1089 1954,1092 2023,1095 2091,1097 2160,1099 2229,1102 2297,1104 2366,1107 2435,1109 2503,1111 2572,1112 2641,1114 2710,1115"/>
                <TextEquiv>
                    <Unicode>bar. Max Halbe trat vor ungefähr sechs Jahren mit seinem ersten! Croatien h</Unicode>
                </TextEquiv>
            </TextLine>
            <TextLine id="r3l3" custom="readingOrder {index:2;}">
                <Coords points="1331,1116 2500,1173 2503,1112 1332,1088"/>
                <Baseline points="1339,1114 1396,1116 1454,1117 1511,1119 1569,1121 1627,1122 1684,1125 1742,1127 1800,1129 1857,1131 1915,1133 1973,1136 2030,1137 2088,1139 2146,1141 2203,1143 2261,1145 2319,1147 2376,1148 2434,1150 2492,1151"/>
                <TextEquiv>
                    <Unicode>dramatischen Werke „Eisgang“ vor die Oeffentlichkeit; die Ber¬</Unicode>
                </TextEquiv>
            </TextLine>
            <TextLine id="r3l4" custom="readingOrder {index:3;}">
                <Coords points="2511,1155 2545,1164 2578,1158 2594,1166 2608,1157 2646,1171 2653,1164 2688,1170 2711,1162 2735,1173 2736,1131 2724,1127 2713,1132 2653,1118 2626,1126 2607,1117 2597,1124 2588,1117 2560,1123 2512,1113"/>
                <Baseline points="2520,1157 2545,1156 2571,1155 2597,1155 2623,1156 2649,1157 2675,1158 2701,1160 2727,1162"/>
                <TextEquiv>
                    <Unicode>Universität</Unicode>
                </TextEquiv>
            </TextLine>
            <TextLine id="r3l5" custom="readingOrder {index:4;}">
                <Coords points="1334,1159 1433,1160 1458,1181 1576,1165 1604,1189 1842,1168 1885,1190 2040,1187 2041,1156 1890,1129 1837,1155 1756,1130 1335,1120"/>
                <Baseline points="1343,1156 1377,1157 1411,1159 1446,1160 1480,1161 1515,1162 1549,1163 1583,1164 1618,1165 1652,1165 1687,1166 1721,1167 1755,1168 1790,1169 1824,1170 1859,1171 1893,1172 1927,1173 1962,1174 1996,1176 2031,1177"/>
                <TextEquiv>
                    <Unicode>liner „Freie Bühne“ führte es auf. —</Unicode>
                </TextEquiv>
            </TextLine>
            <TextLine id="r3l6" custom="readingOrder {index:5;}">
                <Coords points="2082,1191 2108,1200 2199,1183 2223,1200 2237,1188 2282,1200 2359,1190 2430,1209 2449,1197 2503,1201 2503,1172 2396,1146 2300,1160 2125,1143 2082,1163"/>
                <Baseline points="2090,1185 2115,1186 2140,1186 2165,1187 2191,1187 2216,1188 2241,1188 2266,1188 2292,1189 2317,1189 2342,1189 2367,1190 2393,1190 2418,1191 2443,1191 2468,1191 2494,1192"/>
                <TextEquiv>
                    <Unicode>„Die Berliner Blätter</Unicode>
                </TextEquiv>
            </TextLine>
            <TextLine id="r3l7" custom="readingOrder {index:6;}">
                <Coords points="2054,1199 2062,1198 2065,1195 2069,1197 2071,1196 2075,1199 2087,1197 2080,1151 2071,1152 2068,1155 2064,1155 2056,1149 2053,1152 2046,1153"/>
                <Baseline points="2062,1191 2076,1189"/>
                <TextEquiv>
                    <Unicode>*</Unicode>
                </TextEquiv>
            </TextLine>
            <TextLine id="r3l8" custom="readingOrder {index:7;}">
                <Coords points="2514,1215 2549,1210 2573,1221 2589,1212 2608,1219 2620,1208 2676,1210 2693,1200 2712,1200 2712,1167 2681,1170 2653,1163 2636,1172 2610,1158 2597,1165 2578,1158 2547,1167 2542,1161 2530,1174 2514,1172"/>
                <Baseline points="2523,1204 2548,1203 2574,1202 2600,1201 2625,1201 2651,1202 2677,1203 2703,1204"/>
                <TextEquiv>
                    <Unicode>gerichtet:</Unicode>
                </TextEquiv>
            </TextLine>
            <TextLine id="r3l9" custom="readingOrder {index:8;}">
                <Coords points="1328,1202 2491,1254 2505,1197 1329,1162"/>
                <Baseline points="1336,1202 1397,1203 1458,1204 1519,1206 1580,1207 1641,1209 1702,1211 1763,1213 1824,1215 1885,1217 1946,1219 2007,1221 2068,1224 2129,1226 2190,1228 2251,1230 2312,1232 2373,1234 2434,1235 2495,1237"/>
                <TextEquiv>
                    <Unicode>haben mich da arg gezaust,“ meinte er, „dann kam der große</Unicode>
                </TextEquiv>
            </TextLine>
            <TextLine id="r3l10" custom="readingOrder {index:9;}">
                <Coords points="2604,1252 2618,1253 2625,1260 2637,1256 2644,1263 2675,1250 2688,1259 2700,1259 2715,1250 2736,1250 2737,1221 2712,1219 2692,1203 2674,1210 2671,1206 2629,1211 2620,1207 2613,1214 2605,1214"/>
                <Baseline points="2613,1248 2641,1249 2670,1249 2699,1250 2728,1249"/>
                <TextEquiv>
                    <Unicode>Cro</Unicode>
                </TextEquiv>
            </TextLine>
            <TextLine id="r3l11" custom="readingOrder {index:10;}">
                <Coords points="1333,1252 1737,1238 1790,1270 2456,1292 2496,1292 2497,1253 1334,1210"/>
                <Baseline points="1342,1245 1399,1246 1456,1247 1513,1248 1571,1249 1628,1250 1685,1252 1742,1253 1800,1255 1857,1257 1914,1259 1971,1261 2029,1263 2086,1266 2143,1267 2200,1269 2258,1272 2315,1274 2372,1275 2429,1277 2487,1278"/>
                <TextEquiv>
                    <Unicode>Erfolg der „Jugend“. Ich habe es in vierzehn Tagen nieder¬</Unicode>
                </TextEquiv>
            </TextLine>
            <TextLine id="r3l12" custom="readingOrder {index:11;}">
                <Coords points="2513,1292 2527,1287 2534,1293 2543,1285 2592,1289 2600,1298 2623,1292 2630,1299 2649,1290 2677,1294 2692,1306 2706,1299 2730,1309 2732,1259 2689,1260 2672,1251 2654,1260 2633,1258 2608,1241 2596,1245 2584,1236 2568,1242 2516,1231"/>
                <Baseline points="2522,1282 2547,1282 2572,1284 2597,1284 2622,1286 2647,1288 2672,1289 2697,1290 2722,1289"/>
                <TextEquiv>
                    <Unicode>bei den De</Unicode>
                </TextEquiv>
            </TextLine>
            <TextLine id="r3l13" custom="readingOrder {index:12;}">
                <Coords points="1323,1296 2481,1336 2504,1281 1324,1251"/>
                <Baseline points="1332,1290 1390,1290 1448,1290 1506,1290 1564,1291 1622,1292 1680,1294 1738,1296 1796,1297 1854,1300 1912,1302 1970,1304 2028,1306 2086,1308 2144,1311 2202,1313 2260,1315 2318,1317 2376,1318 2434,1319 2493,1321"/>
                <TextEquiv>
                    <Unicode>geschrieben, fast ohne Correctur. Dann gab ich es Reicher, der es</Unicode>
                </TextEquiv>
            </TextLine>
            <TextLine id="r3l14" custom="readingOrder {index:13;}">
                <Coords points="2516,1323 2587,1330 2597,1339 2611,1330 2636,1336 2643,1331 2653,1339 2672,1327 2690,1338 2716,1339 2716,1297 2702,1293 2655,1298 2642,1292 2628,1299 2621,1292 2600,1297 2589,1288 2516,1289"/>
                <Baseline points="2525,1322 2551,1324 2577,1326 2603,1327 2629,1327 2655,1327 2681,1326 2708,1325"/>
                <TextEquiv>
                    <Unicode>einzig und</Unicode>
                </TextEquiv>
            </TextLine>
            <TextLine id="r3l15" custom="readingOrder {index:14;}">
                <Coords points="1332,1330 2434,1375 2495,1373 2497,1330 1333,1301"/>
                <Baseline points="1340,1331 1397,1331 1454,1331 1512,1332 1569,1333 1626,1334 1684,1336 1741,1337 1798,1339 1856,1341 1913,1344 1970,1346 2028,1348 2085,1351 2142,1353 2200,1356 2257,1357 2314,1359 2372,1361 2429,1362 2487,1363"/>
                <TextEquiv>
                    <Unicode>mit seinem „Modernen Theater“ in Wien während der Musik¬</Unicode>
                </TextEquiv>
            </TextLine>
            <TextLine id="r3l16" custom="readingOrder {index:15;}">
                <Coords points="2502,1358 2552,1368 2573,1363 2587,1373 2649,1371 2660,1378 2681,1367 2700,1379 2724,1378 2725,1333 2704,1339 2673,1328 2635,1336 2617,1328 2595,1335 2560,1325 2541,1335 2503,1318"/>
                <Baseline points="2510,1360 2535,1360 2561,1361 2587,1363 2613,1364 2638,1365 2664,1365 2690,1365 2716,1364"/>
                <TextEquiv>
                    <Unicode>drängen fre</Unicode>
                </TextEquiv>
            </TextLine>
            <TextLine id="r3l17" custom="readingOrder {index:16;}">
                <Coords points="1328,1373 2395,1417 2490,1408 2491,1372 1329,1329"/>
                <Baseline points="1336,1373 1393,1373 1450,1374 1507,1375 1565,1376 1622,1377 1679,1379 1736,1381 1794,1383 1851,1385 1908,1387 1965,1389 2023,1391 2080,1394 2137,1396 2194,1397 2252,1400 2309,1401 2366,1403 2423,1404 2481,1406"/>
                <TextEquiv>
                    <Unicode>und Theater=Ausstellung aufführen sollte. Er legte es jedoch bei¬</Unicode>
                </TextEquiv>
            </TextLine>
            <TextLine id="r3l18" custom="readingOrder {index:17;}">
                <Coords points="2507,1408 2584,1410 2605,1402 2631,1410 2642,1403 2664,1415 2683,1408 2692,1414 2715,1399 2738,1398 2738,1382 2700,1379 2681,1366 2641,1375 2509,1361"/>
                <Baseline points="2516,1395 2542,1397 2569,1399 2595,1401 2622,1402 2648,1403 2675,1403 2701,1402 2728,1401"/>
                <TextEquiv>
                    <Unicode>cationen fr.</Unicode>
                </TextEquiv>
            </TextLine>
            <TextLine id="r3l19" custom="readingOrder {index:18;}">
                <Coords points="1326,1420 2479,1462 2491,1408 1327,1373"/>
                <Baseline points="1334,1417 1391,1417 1448,1418 1506,1419 1563,1419 1620,1421 1678,1422 1735,1424 1792,1426 1850,1428 1907,1429 1964,1431 2022,1433 2079,1435 2136,1437 2194,1439 2251,1442 2308,1443 2366,1445 2423,1447 2481,1449"/>
                <TextEquiv>
                    <Unicode>seite. Sodann gab ich es Dr. Brahm, später Blumenthal, mit</Unicode>
                </TextEquiv>
            </TextLine>
            <TextLine id="r3l20" custom="readingOrder {index:19;}">
                <Coords points="2507,1442 2528,1436 2573,1447 2594,1439 2607,1454 2630,1442 2646,1450 2675,1451 2682,1444 2703,1449 2723,1444 2724,1404 2710,1404 2699,1414 2661,1414 2642,1404 2621,1411 2606,1403 2588,1409 2508,1408"/>
                <Baseline points="2516,1435 2544,1436 2572,1437 2600,1439 2629,1441 2657,1442 2685,1442 2714,1441"/>
                <TextEquiv>
                    <Unicode>zuwehren un</Unicode>
                </TextEquiv>
            </TextLine>
            <TextLine id="r3l21" custom="readingOrder {index:20;}">
                <Coords points="1320,1459 2386,1501 2367,1449 1322,1414"/>
                <Baseline points="1328,1462 1380,1461 1432,1460 1485,1460 1537,1460 1590,1461 1642,1462 1695,1464 1747,1465 1800,1468 1852,1470 1904,1472 1957,1474 2009,1477 2062,1479 2114,1481 2167,1484 2219,1486 2272,1487 2324,1489 2377,1490"/>
                <TextEquiv>
                    <Unicode>gleichem Mißerfolg. Erst Director Lautenburg entschloß sic</Unicode>
                </TextEquiv>
            </TextLine>
            <TextLine id="r3l22" custom="readingOrder {index:21;}">
                <Coords points="2504,1478 2532,1485 2569,1475 2584,1486 2656,1477 2690,1488 2722,1476 2723,1444 2648,1452 2631,1443 2608,1452 2594,1440 2573,1448 2527,1436 2506,1442"/>
                <Baseline points="2514,1475 2539,1474 2564,1474 2589,1476 2614,1477 2639,1478 2664,1479 2689,1480 2714,1479"/>
                <TextEquiv>
                    <Unicode>für das cro</Unicode>
                </TextEquiv>
            </TextLine>
            <TextLine id="r3l23" custom="readingOrder {index:22;}">
                <Coords points="2506,1517 2536,1523 2559,1513 2616,1522 2719,1521 2720,1478 2692,1488 2656,1476 2638,1482 2593,1479 2586,1486 2570,1472 2544,1483 2508,1480"/>
                <Baseline points="2516,1511 2543,1512 2571,1512 2599,1514 2626,1515 2654,1516 2682,1516 2710,1515"/>
                <TextEquiv>
                    <Unicode>uns mit Sto</Unicode>
                </TextEquiv>
            </TextLine>
            <TextLine id="r3l24" custom="readingOrder {index:23;}">
                <Coords points="1323,1505 2485,1548 2452,1493 1324,1472"/>
                <Baseline points="1333,1502 1390,1503 1447,1504 1504,1505 1561,1506 1619,1507 1676,1509 1733,1511 1790,1513 1847,1515 1905,1517 1962,1519 2019,1521 2076,1523 2133,1525 2191,1527 2248,1529 2305,1530 2362,1532 2419,1533 2477,1534"/>
                <TextEquiv>
                    <Unicode>aufzuführen. Dann ging es glatt,“ setzte er leicht hinzu. Halbe</Unicode>
                </TextEquiv>
            </TextLine>
            <TextLine id="r3l25" custom="readingOrder {index:24;}">
                <Coords points="2498,1562 2553,1552 2563,1562 2582,1564 2598,1553 2657,1561 2669,1556 2686,1569 2704,1556 2725,1564 2727,1519 2676,1525 2643,1516 2617,1522 2560,1513 2542,1522 2500,1524"/>
                <Baseline points="2507,1550 2533,1549 2559,1549 2585,1551 2611,1552 2637,1554 2663,1555 2689,1557 2716,1557"/>
                <TextEquiv>
                    <Unicode>geliefert hal</Unicode>
                </TextEquiv>
            </TextLine>
            <TextLine id="r3l26" custom="readingOrder {index:25;}">
                <Coords points="1324,1542 2492,1585 2493,1550 2367,1532 1325,1505"/>
                <Baseline points="1333,1545 1390,1545 1448,1546 1505,1546 1563,1548 1620,1549 1678,1551 1735,1553 1793,1555 1850,1557 1908,1559 1965,1562 2023,1564 2080,1566 2138,1568 2195,1570 2253,1572 2310,1574 2368,1575 2425,1576 2483,1577"/>
                <TextEquiv>
                    <Unicode>gibt sich, trotz seiner großen nachhaltigen Erfolge, ohne jegliche</Unicode>
                </TextEquiv>
            </TextLine>
            <TextLine id="r3l27" custom="readingOrder {index:26;}">
                <Coords points="2500,1594 2518,1589 2561,1596 2588,1589 2603,1600 2614,1595 2619,1601 2629,1597 2664,1604 2680,1594 2697,1595 2698,1569 2684,1568 2671,1557 2598,1553 2582,1564 2547,1552 2502,1559"/>
                <Baseline points="2509,1589 2534,1589 2560,1590 2586,1592 2611,1594 2637,1594 2663,1595 2689,1594"/>
                <TextEquiv>
                    <Unicode>wir Alles</Unicode>
                </TextEquiv>
            </TextLine>
            <TextLine id="r3l28" custom="readingOrder {index:27;}">
                <Coords points="1324,1595 2472,1634 2484,1586 1326,1543"/>
                <Baseline points="1333,1589 1390,1588 1447,1588 1504,1589 1561,1590 1618,1591 1675,1592 1732,1594 1789,1596 1846,1599 1903,1601 1960,1603 2017,1605 2074,1608 2131,1610 2188,1612 2245,1614 2302,1616 2359,1617 2416,1618 2474,1619"/>
                <TextEquiv>
                    <Unicode>Pose, frei und offen. Man merkt seinem Wesen den Studenten</Unicode>
                </TextEquiv>
            </TextLine>
            <TextLine id="r3l29" custom="readingOrder {index:28;}">
                <Coords points="1363,1630 1375,1630 1384,1634 1393,1630 1396,1626 1405,1627 1407,1601 1396,1600 1394,1602 1387,1603 1381,1596 1379,1598 1377,1596 1365,1597"/>
                <Baseline points="1372,1625 1396,1626"/>
                <TextEquiv>
                    <Unicode>n.</Unicode>
                </TextEquiv>
            </TextLine>
            <TextLine id="r3l30" custom="readingOrder {index:29;}">
                <Coords points="2490,1623 2505,1621 2549,1637 2564,1630 2573,1639 2599,1629 2620,1636 2625,1630 2643,1631 2650,1638 2664,1627 2686,1634 2686,1596 2605,1601 2587,1588 2561,1597 2518,1590 2504,1604 2490,1603"/>
                <Baseline points="2498,1627 2523,1626 2549,1626 2575,1628 2600,1629 2626,1629 2652,1628 2678,1624"/>
                <TextEquiv>
                    <Unicode>Nationen</Unicode>
                </TextEquiv>
            </TextLine>
            <TextLine id="r3l31" custom="readingOrder {index:30;}">
                <Coords points="1411,1628 2424,1684 2482,1674 2484,1637 1470,1599 1413,1570"/>
                <Baseline points="1420,1626 1472,1628 1525,1629 1578,1631 1630,1633 1683,1634 1736,1637 1788,1638 1841,1640 1894,1642 1947,1644 1999,1646 2052,1648 2105,1650 2157,1652 2210,1655 2263,1657 2315,1659 2368,1662 2421,1663 2474,1666"/>
                <TextEquiv>
                    <Unicode>Er erzählt von seiner Vergangenheit, wie er in Heidelberg,</Unicode>
                </TextEquiv>
            </TextLine>
            <TextLine id="r3l32" custom="readingOrder {index:31;}">
                <Coords points="2496,1664 2520,1664 2543,1675 2581,1665 2625,1667 2633,1676 2710,1669 2710,1637 2679,1639 2665,1626 2651,1635 2597,1629 2576,1637 2564,1630 2549,1637 2497,1627"/>
                <Baseline points="2505,1667 2533,1665 2561,1665 2589,1666 2617,1667 2645,1668 2673,1668 2701,1667"/>
                <TextEquiv>
                    <Unicode>den Croate:</Unicode>
                </TextEquiv>
            </TextLine>
            <TextLine id="r3l33" custom="readingOrder {index:32;}">
                <Coords points="1311,1672 2483,1724 2484,1674 2436,1665 1312,1634"/>
                <Baseline points="1319,1672 1376,1672 1434,1673 1492,1674 1550,1675 1608,1677 1665,1678 1723,1680 1781,1682 1839,1684 1897,1686 1954,1688 2012,1690 2070,1692 2128,1694 2186,1696 2243,1698 2301,1700 2359,1701 2417,1703 2475,1705"/>
                <TextEquiv>
                    <Unicode>München, Leipzig und Berlin Jus studirt habe, sich endgiltig in</Unicode>
                </TextEquiv>
            </TextLine>
            <TextLine id="r3l34" custom="readingOrder {index:33;}">
                <Coords points="2501,1715 2536,1705 2550,1711 2557,1704 2572,1712 2595,1705 2600,1711 2680,1708 2689,1717 2703,1716 2704,1672 2690,1668 2669,1675 2654,1669 2633,1675 2626,1668 2583,1665 2539,1676 2522,1665 2502,1666"/>
                <Baseline points="2509,1706 2535,1702 2562,1700 2588,1700 2615,1701 2641,1703 2668,1707 2695,1710"/>
                <TextEquiv>
                    <Unicode>jene Wahrt</Unicode>
                </TextEquiv>
            </TextLine>
            <TextLine id="r3l35" custom="readingOrder {index:34;}">
                <Coords points="1309,1706 2484,1756 2485,1716 2427,1699 1310,1671"/>
                <Baseline points="1317,1715 1374,1715 1432,1716 1490,1717 1548,1718 1606,1719 1664,1721 1722,1723 1780,1725 1838,1726 1896,1729 1953,1731 2011,1733 2069,1735 2127,1737 2185,1739 2243,1741 2301,1743 2359,1744 2417,1745 2475,1746"/>
                <TextEquiv>
                    <Unicode>Berlin niederlassen wollte und jetzt nach München übersiedelt ist.</Unicode>
                </TextEquiv>
            </TextLine>
            <TextLine id="r3l36" custom="readingOrder {index:35;}">
                <Coords points="2493,1746 2523,1740 2560,1746 2582,1736 2601,1747 2608,1741 2631,1749 2648,1740 2660,1753 2683,1746 2716,1759 2717,1724 2703,1727 2680,1708 2494,1708"/>
                <Baseline points="2503,1740 2528,1739 2554,1739 2579,1739 2605,1739 2631,1741 2656,1742 2682,1742 2708,1741"/>
                <TextEquiv>
                    <Unicode>und die Re</Unicode>
                </TextEquiv>
            </TextLine>
            <TextLine id="r3l37" custom="readingOrder {index:36;}">
                <Coords points="1316,1762 2390,1804 2488,1795 2490,1753 1317,1713"/>
                <Baseline points="1325,1757 1382,1758 1440,1758 1498,1760 1556,1761 1613,1762 1671,1764 1729,1766 1787,1768 1844,1769 1902,1772 1960,1774 2018,1776 2075,1777 2133,1780 2191,1782 2249,1783 2306,1785 2364,1787 2422,1788 2480,1789"/>
                <TextEquiv>
                    <Unicode>Dort steht er im innigen Contact mit dem literarischen Leben.</Unicode>
                </TextEquiv>
            </TextLine>
            <TextLine id="r3l38" custom="readingOrder {index:37;}">
                <Coords points="2496,1775 2528,1787 2534,1782 2549,1789 2586,1780 2610,1789 2624,1782 2685,1793 2687,1751 2654,1748 2644,1740 2633,1748 2609,1741 2602,1746 2582,1735 2556,1749 2531,1740 2497,1747"/>
                <Baseline points="2505,1774 2533,1776 2562,1779 2591,1780 2619,1781 2648,1783 2677,1784"/>
                <TextEquiv>
                    <Unicode>Entrüstung</Unicode>
                </TextEquiv>
            </TextLine>
            <TextLine id="r3l39" custom="readingOrder {index:38;}">
                <Coords points="1317,1801 2478,1848 2480,1798 1318,1760"/>
                <Baseline points="1326,1799 1383,1800 1440,1801 1497,1802 1555,1804 1612,1805 1669,1807 1726,1809 1784,1811 1841,1813 1898,1815 1955,1818 2013,1820 2070,1822 2127,1824 2184,1826 2242,1827 2299,1828 2356,1829 2413,1830 2471,1830"/>
                <TextEquiv>
                    <Unicode>Wolzogen, Julianne Dery, Rüderer, Hegeler, Schaumberger und</Unicode>
                </TextEquiv>
            </TextLine>
            <TextLine id="r3l40" custom="readingOrder {index:39;}">
                <Coords points="2493,1813 2536,1830 2552,1819 2571,1829 2601,1819 2630,1835 2660,1822 2677,1833 2695,1820 2719,1820 2721,1777 2689,1781 2677,1793 2626,1781 2616,1788 2586,1780 2527,1788 2513,1778 2494,1778"/>
                <Baseline points="2502,1813 2528,1815 2554,1816 2580,1818 2606,1818 2632,1819 2658,1819 2684,1819 2710,1818"/>
                <TextEquiv>
                    <Unicode>der Gedank</Unicode>
                </TextEquiv>
            </TextLine>
            <TextLine id="r3l41" custom="readingOrder {index:40;}">
                <Coords points="1309,1852 2483,1890 2484,1842 2398,1830 1311,1801"/>
                <Baseline points="1318,1845 1375,1844 1433,1844 1491,1845 1549,1846 1607,1847 1665,1849 1722,1851 1780,1853 1838,1855 1896,1857 1954,1860 2012,1862 2070,1864 2127,1866 2185,1868 2243,1870 2301,1871 2359,1871 2417,1872 2475,1872"/>
                <TextEquiv>
                    <Unicode>Andere bilden seinen intimen Umgang. Mit ihnen hat er dort</Unicode>
                </TextEquiv>
            </TextLine>
            <TextLine id="r3l42" custom="readingOrder {index:41;}">
                <Coords points="2573,1875 2586,1870 2611,1875 2628,1862 2677,1883 2701,1883 2701,1822 2692,1822 2677,1833 2659,1824 2637,1835 2609,1821 2598,1828 2595,1824 2572,1826"/>
                <Baseline points="2581,1867 2609,1865 2637,1865 2665,1866 2693,1865"/>
                <TextEquiv>
                    <Unicode>Die</Unicode>
                </TextEquiv>
            </TextLine>
            <TextLine id="r3l43" custom="readingOrder {index:42;}">
                <Coords points="1308,1876 2487,1929 2421,1878 1309,1852"/>
                <Baseline points="1316,1886 1374,1885 1432,1886 1490,1886 1548,1887 1606,1889 1664,1890 1723,1892 1781,1894 1839,1896 1897,1899 1955,1901 2013,1903 2071,1905 2130,1907 2188,1909 2246,1911 2304,1912 2362,1913 2420,1914 2479,1914"/>
                <TextEquiv>
                    <Unicode>das „Intime Theater“ gegründet. Die Schriftsteller versuchten</Unicode>
                </TextEquiv>
            </TextLine>
            <TextLine id="r3l44" custom="readingOrder {index:43;}">
                <Coords points="2572,1909 2583,1911 2598,1927 2604,1924 2614,1931 2619,1927 2624,1931 2638,1917 2647,1917 2664,1921 2675,1931 2685,1928 2694,1935 2713,1937 2713,1884 2699,1888 2684,1879 2679,1884 2668,1882 2660,1874 2628,1863 2606,1877 2599,1870 2573,1875"/>
                <Baseline points="2581,1915 2611,1913 2642,1914 2673,1915 2704,1914"/>
                <TextEquiv>
                    <Unicode>[Lax</Unicode>
                </TextEquiv>
            </TextLine>
            <TextLine id="r3l45" custom="readingOrder {index:44;}">
                <Coords points="1316,1933 2382,1974 2485,1960 2487,1927 1318,1890"/>
                <Baseline points="1326,1928 1383,1927 1441,1927 1498,1928 1556,1928 1613,1929 1671,1931 1728,1933 1786,1935 1843,1937 1901,1940 1959,1942 2016,1945 2074,1947 2131,1950 2189,1952 2246,1954 2304,1957 2361,1959 2419,1961 2477,1962"/>
                <TextEquiv>
                    <Unicode>sich daselbst als Schauspieler. Sie führten ohne jeglichen scenischen</Unicode>
                </TextEquiv>
            </TextLine>
            <TextLine id="r3l46" custom="readingOrder {index:45;}">
                <Coords points="2495,1961 2520,1965 2537,1957 2549,1966 2564,1953 2598,1964 2630,1956 2645,1966 2654,1959 2673,1961 2700,1978 2702,1925 2674,1930 2646,1917 2629,1925 2608,1916 2596,1926 2572,1908 2554,1914 2541,1908 2532,1915 2513,1895 2497,1898"/>
                <Baseline points="2504,1954 2530,1954 2557,1954 2584,1956 2611,1957 2638,1958 2665,1958 2692,1958"/>
                <TextEquiv>
                    <Unicode>sich in Lax</Unicode>
                </TextEquiv>
            </TextLine>
            <TextLine id="r3l47" custom="readingOrder {index:46;}">
                <Coords points="1317,1968 2411,2017 2480,1967 1318,1935"/>
                <Baseline points="1326,1970 1383,1971 1440,1972 1497,1973 1555,1974 1612,1975 1669,1977 1726,1978 1784,1980 1841,1982 1898,1984 1955,1986 2013,1988 2070,1990 2127,1992 2184,1994 2242,1996 2299,1999 2356,2001 2413,2004 2471,2006"/>
                <TextEquiv>
                    <Unicode>Apparat Strindberg's „Gläubiger“ und Büchner's „Leonce und</Unicode>
                </TextEquiv>
            </TextLine>
            <TextLine id="r3l48" custom="readingOrder {index:47;}">
                <Coords points="2481,1995 2504,2004 2516,1997 2544,2000 2565,2011 2622,2003 2648,2015 2665,2001 2702,2009 2701,1967 2682,1969 2672,1961 2654,1958 2642,1967 2619,1956 2597,1964 2564,1952 2552,1965 2480,1964"/>
                <Baseline points="2489,1999 2514,2000 2540,2000 2565,2000 2591,1999 2616,1998 2642,1997 2667,1997 2693,1998"/>
                <TextEquiv>
                    <Unicode>nächster N.</Unicode>
                </TextEquiv>
            </TextLine>
            <TextLine id="r3l49" custom="readingOrder {index:48;}">
                <Coords points="1304,2009 2465,2062 2481,2004 1305,1964"/>
                <Baseline points="1312,2011 1373,2012 1434,2013 1495,2014 1556,2016 1617,2018 1678,2020 1739,2022 1800,2024 1861,2026 1922,2028 1983,2031 2044,2033 2105,2035 2166,2037 2227,2039 2288,2041 2349,2042 2410,2044 2471,2045"/>
                <TextEquiv>
                    <Unicode>Lena“ auf. „Wir spielten,“ erzählt Halbe, „im Zimmer, in</Unicode>
                </TextEquiv>
            </TextLine>
            <TextLine id="r3l50" custom="readingOrder {index:49;}">
                <Coords points="2484,2051 2497,2053 2517,2041 2551,2055 2560,2046 2574,2050 2600,2044 2611,2034 2625,2036 2645,2054 2666,2053 2667,2025 2658,2025 2640,2007 2621,2004 2600,2011 2588,2002 2563,2011 2536,1998 2515,1998 2508,2004 2497,1997 2485,1999"/>
                <Baseline points="2492,2039 2519,2039 2547,2039 2574,2039 2602,2040 2629,2042 2657,2045"/>
                <TextEquiv>
                    <Unicode>Stern“</Unicode>
                </TextEquiv>
            </TextLine>
            <TextLine id="r3l51" custom="readingOrder {index:50;}">
                <Coords points="1310,2058 2333,2106 2438,2101 2440,2049 1311,2016"/>
                <Baseline points="1318,2053 1373,2054 1429,2056 1484,2058 1540,2059 1595,2061 1651,2062 1706,2064 1762,2065 1817,2067 1873,2069 1929,2070 1984,2072 2040,2074 2095,2076 2151,2078 2206,2080 2262,2082 2317,2084 2373,2087 2429,2090"/>
                <TextEquiv>
                    <Unicode>einem Garten, in unmittelbarer Nähe der Zuschauer, s</Unicode>
                </TextEquiv>
            </TextLine>
            <TextLine id="r3l52" custom="readingOrder {index:51;}">
                <Coords points="2492,2085 2518,2082 2544,2095 2569,2087 2589,2098 2603,2093 2615,2099 2631,2090 2655,2089 2666,2100 2676,2100 2677,2048 2656,2053 2630,2043 2609,2055 2597,2044 2550,2052 2526,2042 2493,2047"/>
                <Baseline points="2501,2080 2528,2082 2556,2085 2584,2086 2611,2086 2639,2085 2667,2084"/>
                <TextEquiv>
                    <Unicode>Kronprinz</Unicode>
                </TextEquiv>
            </TextLine>
            <TextLine id="r3l53" custom="readingOrder {index:52;}">
                <Coords points="1308,2104 1612,2086 1763,2128 1916,2101 1960,2133 2465,2142 2466,2095 2404,2081 1310,2057"/>
                <Baseline points="1317,2096 1374,2097 1431,2097 1488,2098 1545,2100 1602,2101 1659,2103 1716,2105 1773,2107 1830,2109 1887,2111 1944,2114 2001,2116 2058,2118 2115,2120 2172,2122 2229,2124 2286,2125 2343,2127 2400,2128 2457,2129"/>
                <TextEquiv>
                    <Unicode>daß wir bei den Abgängen von der „Bühne“ mitten</Unicode>
                </TextEquiv>
            </TextLine>
            <TextLine id="r3l54" custom="readingOrder {index:53;}">
                <Coords points="1308,2145 1555,2126 1610,2158 2325,2185 2403,2182 2405,2138 1309,2105"/>
                <Baseline points="1317,2140 1370,2141 1424,2142 1478,2143 1532,2144 1586,2145 1640,2146 1694,2148 1748,2149 1802,2151 1856,2153 1909,2155 1963,2157 2017,2159 2071,2161 2125,2163 2179,2164 2233,2166 2287,2168 2341,2170 2395,2171"/>
                <TextEquiv>
                    <Unicode>durch das Publicum mußten. Die Stimmung, wel</Unicode>
                </TextEquiv>
            </TextLine>
            <TextLine id="r3l55" custom="readingOrder {index:54;}">
                <Coords points="1302,2184 2347,2225 2348,2188 2251,2171 1303,2144"/>
                <Baseline points="1310,2181 1361,2182 1412,2183 1464,2184 1515,2186 1567,2187 1618,2188 1669,2190 1721,2191 1772,2193 1824,2194 1875,2196 1926,2198 1978,2200 2029,2202 2081,2203 2132,2205 2183,2207 2235,2208 2286,2211 2338,2212"/>
                <TextEquiv>
                    <Unicode>das wirkliche Theater nicht immer vollkommen geben kann,</Unicode>
                </TextEquiv>
            </TextLine>
            <TextLine id="r3l56" custom="readingOrder {index:55;}">
                <Coords points="1300,2229 2253,2271 2291,2219 1301,2184"/>
                <Baseline points="1309,2226 1357,2225 1406,2225 1454,2226 1503,2226 1552,2227 1600,2228 1649,2230 1697,2231 1746,2233 1795,2235 1843,2237 1892,2238 1940,2240 1989,2243 2038,2244 2086,2246 2135,2248 2183,2249 2232,2251 2281,2252"/>
                <TextEquiv>
                    <Unicode>hier die Inanspruchnahme der Phantasie des Zuschauers</Unicode>
                </TextEquiv>
            </TextLine>
            <TextLine id="r3l57" custom="readingOrder {index:56;}">
                <Coords points="1296,2274 2253,2308 2254,2268 2204,2254 1298,2232"/>
                <Baseline points="1306,2268 1355,2268 1404,2268 1454,2269 1503,2270 1553,2272 1602,2273 1651,2275 1701,2276 1750,2278 1800,2280 1849,2282 1899,2284 1948,2286 1997,2288 2047,2290 2096,2291 2146,2292 2195,2293 2245,2294"/>
                <TextEquiv>
                    <Unicode>Wir hielten uns einfach an die Einrichtung der alten</Unicode>
                </TextEquiv>
            </TextLine>
            <TextLine id="r3l58" custom="readingOrder {index:57;}">
                <Coords points="1292,2318 2212,2355 2243,2307 1293,2278"/>
                <Baseline points="1301,2312 1347,2312 1394,2312 1440,2313 1487,2313 1534,2314 1580,2315 1627,2316 1673,2318 1720,2319 1767,2321 1813,2322 1860,2324 1906,2325 1953,2327 2000,2329 2046,2330 2093,2332 2139,2334 2186,2335 2233,2337"/>
                <TextEquiv>
                    <Unicode>brachten statt des Scenenwechsels einige Verse vo</Unicode>
                </TextEquiv>
            </TextLine>
            <TextLine id="r3l59" custom="readingOrder {index:58;}">
                <Coords points="1315,2354 1739,2378 1856,2357 2190,2393 2223,2389 2224,2356 1316,2314"/>
                <Baseline points="1324,2355 1368,2355 1413,2355 1457,2355 1502,2355 1546,2356 1591,2356 1635,2357 1680,2358 1724,2360 1769,2361 1813,2363 1858,2365 1902,2366 1947,2368 1991,2370 2036,2372 2080,2374 2125,2375 2169,2377 2214,2378"/>
                <TextEquiv>
                    <Unicode>Stimmungen beiläufig maltem Sie illustrirten nur,</Unicode>
                </TextEquiv>
            </TextLine>
            <TextLine id="r3l60" custom="readingOrder {index:59;}">
                <Coords points="1293,2397 2213,2432 2214,2392 2164,2379 1295,2352"/>
                <Baseline points="1302,2393 1347,2394 1392,2395 1437,2396 1482,2398 1527,2399 1572,2400 1618,2402 1663,2404 1708,2405 1753,2407 1798,2409 1843,2410 1888,2412 1934,2414 1979,2415 2024,2416 2069,2418 2114,2419 2159,2420 2205,2422"/>
                <TextEquiv>
                    <Unicode>das Täfelchen mit der Aufschrift: Gaxien, Zimr</Unicode>
                </TextEquiv>
            </TextLine>
            <TextLine id="r3l61" custom="readingOrder {index:60;}">
                <Coords points="1295,2440 2042,2475 2214,2473 2216,2431 1296,2393"/>
                <Baseline points="1303,2438 1348,2438 1393,2438 1438,2439 1483,2440 1528,2441 1573,2443 1619,2444 1664,2445 1709,2448 1754,2449 1799,2451 1844,2453 1889,2454 1935,2456 1980,2457 2025,2458 2070,2459 2115,2459 2160,2459 2206,2459"/>
                <TextEquiv>
                    <Unicode>besagte. Die Aufführungen des „Intimen Theater</Unicode>
                </TextEquiv>
            </TextLine>
            <TextLine id="r3l62" custom="readingOrder {index:61;}">
                <Coords points="1302,2478 2230,2515 2231,2482 2164,2464 1303,2443"/>
                <Baseline points="1310,2481 1355,2480 1401,2480 1446,2480 1492,2480 1538,2482 1583,2483 1629,2485 1674,2487 1720,2489 1766,2491 1811,2493 1857,2495 1902,2497 1948,2499 1994,2500 2039,2501 2085,2502 2130,2502 2176,2501 2222,2500"/>
                <TextEquiv>
                    <Unicode>diesem Winter fortgesetzt, denn sie hatten wirklichen</Unicode>
                </TextEquiv>
            </TextLine>
            <TextLine id="r3l63" custom="readingOrder {index:62;}">
                <Coords points="1290,2514 2255,2559 2257,2511 1291,2485"/>
                <Baseline points="1299,2524 1346,2524 1393,2524 1441,2524 1488,2525 1535,2526 1583,2527 1630,2528 1677,2529 1725,2531 1772,2533 1819,2534 1867,2536 1914,2538 1961,2540 2009,2542 2056,2543 2103,2545 2151,2547 2198,2548 2246,2549"/>
                <TextEquiv>
                    <Unicode>Erfolg.“ Halbe sah gestern Schnitzler's „Liebelei“ im 2</Unicode>
                </TextEquiv>
            </TextLine>
            <TextLine id="r3l64" custom="readingOrder {index:63;}">
                <Coords points="1380,2564 2267,2595 2268,2560 2235,2551 1381,2533"/>
                <Baseline points="1388,2563 1431,2564 1475,2565 1518,2567 1562,2569 1605,2570 1649,2571 1692,2573 1736,2575 1779,2576 1823,2578 1866,2579 1910,2581 1953,2583 1997,2584 2040,2586 2084,2587 2127,2588 2171,2590 2214,2591 2258,2592"/>
                <TextEquiv>
                    <Unicode> Schauspiel des Wiener Dichters hat ihm großes</Unicode>
                </TextEquiv>
            </TextLine>
            <TextLine id="r3l65" custom="readingOrder {index:64;}">
                <Coords points="1386,2619 2019,2623 2265,2657 2306,2641 2307,2599 1387,2567"/>
                <Baseline points="1394,2607 1439,2609 1484,2610 1529,2611 1574,2612 1619,2613 1664,2615 1710,2616 1755,2618 1800,2619 1845,2621 1890,2622 1935,2624 1980,2625 2026,2626 2071,2628 2116,2630 2161,2632 2206,2634 2251,2636 2297,2638"/>
                <TextEquiv>
                    <Unicode>flößt: „Es gefiel mir außerordentlich. Es sind einige I</Unicode>
                </TextEquiv>
            </TextLine>
            <TextLine id="r3l66" custom="readingOrder {index:65;}">
                <Coords points="1409,2655 2301,2696 2302,2654 2232,2636 1411,2613"/>
                <Baseline points="1418,2653 1461,2654 1505,2654 1549,2655 1593,2656 1636,2657 1680,2658 1724,2660 1768,2661 1811,2662 1855,2664 1899,2665 1943,2667 1986,2669 2030,2671 2074,2672 2118,2674 2161,2677 2205,2679 2249,2680 2293,2682"/>
                <TextEquiv>
                    <Unicode>darin. Das Verhältniß von Christine und Fritz,</Unicode>
                </TextEquiv>
            </TextLine>
            <TextLine id="r3l67" custom="readingOrder {index:66;}">
                <Coords points="1393,2697 2320,2729 2321,2689 2172,2672 1394,2655"/>
                <Baseline points="1402,2693 1447,2695 1492,2696 1538,2697 1583,2699 1629,2700 1674,2701 1720,2702 1765,2703 1811,2705 1856,2706 1901,2708 1947,2709 1992,2711 2038,2712 2083,2714 2129,2716 2174,2718 2220,2720 2265,2722 2311,2725"/>
                <TextEquiv>
                    <Unicode>olches von Seele zu Seele, ist ungemein keusch und r</Unicode>
                </TextEquiv>
            </TextLine>
            <TextLine id="r3l68" custom="readingOrder {index:67;}">
                <Coords points="1368,2745 2314,2778 2296,2720 1369,2707"/>
                <Baseline points="1376,2734 1422,2736 1469,2738 1515,2740 1562,2741 1608,2743 1655,2745 1701,2747 1748,2748 1794,2750 1841,2752 1887,2753 1934,2755 1980,2756 2027,2758 2073,2760 2120,2761 2166,2763 2213,2764 2259,2765 2306,2767"/>
                <TextEquiv>
                    <Unicode>en, vielleicht hat auch Rücksicht auf das Publicum mit</Unicode>
                </TextEquiv>
            </TextLine>
            <TextLine id="r3l69" custom="readingOrder {index:68;}">
                <Coords points="1297,2777 2286,2824 2336,2782 1297,2747"/>
                <Baseline points="1306,2779 1357,2779 1408,2779 1459,2780 1510,2781 1561,2782 1612,2784 1663,2785 1714,2787 1765,2789 1816,2792 1867,2793 1918,2796 1969,2798 2020,2799 2071,2802 2122,2803 2173,2805 2224,2806 2275,2807 2326,2808"/>
                <TextEquiv>
                    <Unicode>immerhin jedoch erscheint das Ganze in der Form eines wir</Unicode>
                </TextEquiv>
            </TextLine>
            <TextLine id="r3l70" custom="readingOrder {index:69;}">
                <Coords points="1282,2822 2334,2859 2319,2809 1284,2780"/>
                <Baseline points="1292,2817 1343,2818 1395,2821 1447,2823 1498,2824 1550,2826 1602,2828 1653,2830 1705,2831 1757,2834 1809,2835 1860,2837 1912,2839 1964,2840 2015,2842 2067,2844 2119,2845 2170,2847 2222,2848 2274,2850 2326,2851"/>
                <TextEquiv>
                    <Unicode>Dichters.“ Man gewinnt im Verkehre mit Max Halbe den Ei</Unicode>
                </TextEquiv>
            </TextLine>
            <TextLine id="r3l71" custom="readingOrder {index:70;}">
                <Coords points="2552,2868 2566,2865 2582,2874 2591,2872 2607,2876 2610,2874 2616,2879 2625,2878 2621,2826 2595,2828 2587,2823 2576,2830 2564,2822 2549,2821"/>
                <Baseline points="2561,2865 2588,2862 2615,2861"/>
                <TextEquiv>
                    <Unicode>örpt</Unicode>
                </TextEquiv>
            </TextLine>
            <TextLine id="r3l72" custom="readingOrder {index:71;}">
                <Coords points="1285,2868 2385,2915 2374,2855 1287,2823"/>
                <Baseline points="1294,2858 1348,2861 1402,2863 1456,2865 1510,2866 1564,2868 1618,2870 1673,2872 1727,2873 1781,2875 1835,2877 1889,2878 1943,2880 1997,2882 2052,2884 2106,2886 2160,2888 2214,2891 2268,2893 2322,2895 2377,2898"/>
                <TextEquiv>
                    <Unicode>eines liebenswürdigen Temperaments, das künstlerisch zur R</Unicode>
                </TextEquiv>
            </TextLine>
            <TextLine id="r3l73" custom="readingOrder {index:72;}">
                <Coords points="1278,2929 1351,2937 1400,2912 1411,2921 1466,2918 1475,2927 1491,2913 1510,2924 1527,2915 1560,2923 1581,2919 1582,2886 1486,2868 1441,2879 1397,2865 1375,2882 1340,2866 1302,2863 1279,2873"/>
                <Baseline points="1288,2909 1313,2909 1339,2909 1365,2909 1391,2909 1417,2910 1442,2910 1468,2911 1494,2911 1520,2912 1546,2912 1572,2912"/>
                <TextEquiv>
                    <Unicode>sich entwickelt.</Unicode>
                </TextEquiv>
            </TextLine>
            <TextLine id="r3l74" custom="readingOrder {index:73;}">
                <Coords points="1365,2972 2619,3013 2631,2970 2082,2922 1367,2929"/>
                <Baseline points="1375,2958 1437,2959 1499,2961 1561,2962 1624,2964 1686,2966 1748,2968 1811,2970 1873,2973 1935,2976 1998,2978 2060,2980 2122,2983 2184,2985 2247,2988 2309,2991 2371,2993 2434,2995 2496,2997 2558,2999 2621,3001"/>
                <TextEquiv>
                    <Unicode>[Die Wiener croatischen Studenten über! Silberka</Unicode>
                </TextEquiv>
            </TextLine>
            <TextLine id="r3l75" custom="readingOrder {index:74;}">
                <Coords points="1283,3007 2618,3076 2648,3006 1390,2978 1285,2941"/>
                <Baseline points="1291,3004 1358,3007 1425,3010 1492,3012 1560,3015 1627,3017 1694,3019 1762,3021 1829,3023 1896,3025 1964,3027 2031,3029 2098,3030 2165,3032 2233,3034 2300,3037 2367,3039 2435,3041 2502,3043 2569,3045 2637,3048"/>
                <TextEquiv>
                    <Unicode>die Agramer Vorgänge.] 110 Wiener Stubenten aus auf eine</Unicode>
                </TextEquiv>
            </TextLine>
            <TextEquiv>
                <Unicode>den ehrfurchtsvollsten Dank an den Kaiser ab, welcher die Errichtung 1 dreijähriger
bar. Max Halbe trat vor ungefähr sechs Jahren mit seinem ersten! Croatien h
dramatischen Werke „Eisgang“ vor die Oeffentlichkeit; die Ber¬
Universität
liner „Freie Bühne“ führte es auf. —
„Die Berliner Blätter
*
gerichtet:
haben mich da arg gezaust,“ meinte er, „dann kam der große
Cro
Erfolg der „Jugend“. Ich habe es in vierzehn Tagen nieder¬
bei den De
geschrieben, fast ohne Correctur. Dann gab ich es Reicher, der es
einzig und
mit seinem „Modernen Theater“ in Wien während der Musik¬
drängen fre
und Theater=Ausstellung aufführen sollte. Er legte es jedoch bei¬
cationen fr.
seite. Sodann gab ich es Dr. Brahm, später Blumenthal, mit
zuwehren un
gleichem Mißerfolg. Erst Director Lautenburg entschloß sic
für das cro
uns mit Sto
aufzuführen. Dann ging es glatt,“ setzte er leicht hinzu. Halbe
geliefert hal
gibt sich, trotz seiner großen nachhaltigen Erfolge, ohne jegliche
wir Alles
Pose, frei und offen. Man merkt seinem Wesen den Studenten
n.
Nationen
Er erzählt von seiner Vergangenheit, wie er in Heidelberg,
den Croate:
München, Leipzig und Berlin Jus studirt habe, sich endgiltig in
jene Wahrt
Berlin niederlassen wollte und jetzt nach München übersiedelt ist.
und die Re
Dort steht er im innigen Contact mit dem literarischen Leben.
Entrüstung
Wolzogen, Julianne Dery, Rüderer, Hegeler, Schaumberger und
der Gedank
Andere bilden seinen intimen Umgang. Mit ihnen hat er dort
Die
das „Intime Theater“ gegründet. Die Schriftsteller versuchten
[Lax
sich daselbst als Schauspieler. Sie führten ohne jeglichen scenischen
sich in Lax
Apparat Strindberg's „Gläubiger“ und Büchner's „Leonce und
nächster N.
Lena“ auf. „Wir spielten,“ erzählt Halbe, „im Zimmer, in
Stern“
einem Garten, in unmittelbarer Nähe der Zuschauer, s
Kronprinz
daß wir bei den Abgängen von der „Bühne“ mitten
durch das Publicum mußten. Die Stimmung, wel
das wirkliche Theater nicht immer vollkommen geben kann,
hier die Inanspruchnahme der Phantasie des Zuschauers
Wir hielten uns einfach an die Einrichtung der alten
brachten statt des Scenenwechsels einige Verse vo
Stimmungen beiläufig maltem Sie illustrirten nur,
das Täfelchen mit der Aufschrift: Gaxien, Zimr
besagte. Die Aufführungen des „Intimen Theater
diesem Winter fortgesetzt, denn sie hatten wirklichen
Erfolg.“ Halbe sah gestern Schnitzler's „Liebelei“ im 2
 Schauspiel des Wiener Dichters hat ihm großes
flößt: „Es gefiel mir außerordentlich. Es sind einige I
darin. Das Verhältniß von Christine und Fritz,
olches von Seele zu Seele, ist ungemein keusch und r
en, vielleicht hat auch Rücksicht auf das Publicum mit
immerhin jedoch erscheint das Ganze in der Form eines wir
Dichters.“ Man gewinnt im Verkehre mit Max Halbe den Ei
örpt
eines liebenswürdigen Temperaments, das künstlerisch zur R
sich entwickelt.
[Die Wiener croatischen Studenten über! Silberka
die Agramer Vorgänge.] 110 Wiener Stubenten aus auf eine</Unicode>
            </TextEquiv>
        </TextRegion>
    </Page>
</PcGts>
