3484 4320
276 237 696 326 Liebelei
741 202 1287 339 box 12/8
462 279 703 347 SEEL
3156 692 3335 771 M
1750 693 2807 788 m
1594 767 3340 847 tonung von Wildes „Salome“ die uns je im Grunde auch der Abschied des Musikers
2791 817 3340 886 strophe resgniert die Waff
1613 836 2803 892 eine Neuschöpfung aus Straußschem Geiste, aus dem Geiste
841 714 1185 911 Liebelei.
2798 859 3329 920 die verzweifelnde Chustine
1604 862 2801 922 der Musik bedeutete — eine Neuschöpfung freil die Wildes
2806 896 3347 947 Notbehelfe füllen die Schl
1604 904 2801 963 halt schon Musik gewesene Dich ung alle Leber afte entzogen,
470 893 1535 979 Oper nat) dem gleichnanigen Schauspiel von Artur
2798 939 3344 996 spannende Wirkungen, som
1601 928 2802 1009 sie förmlich zur Unselbständak it entkräftet gatte. Solcher
564 951 1485 1013 Schnitzler. Musik von Franz Neumann.
2803 967 3352 1031 izenischen Apparates. Hie
1619 980 2798 1033 Wirkungen war Neumanns 9i belei“ nicht gewärtig: Schnitz¬
2802 1007 3326 1066 Ein liebenswürdiger Zug
690 1009 1375 1076 Erstaufführung im Stadttheater.
1612 1017 2802 1090 lers Drama lebt, scheint uns heute so östlich als je in seinem
2808 1033 3346 1119 ehrliche Hing gebenheit de
1604 1062 2070 1130 guten allen Gewand.
775 1050 1618 1135 Zwölf Jahre trennen uns von der Uraus¬
486 1054 714 1129 Dr. H. F
2797 1085 3343 1162 Mutel und seines Könnens
397 1106 1623 1164 führung der Neumannschen „Liebelei" (Frankfurt a. M.
1696 1104 2815 1170 Nannten wir Bohème“ al: Merkeichen für Neumanns
2892 1125 3354 1190 Unsere Aufführung #
401 1128 1620 1192 18. September 1910], „Herbststurm“ war 1919 (Berlin, Deut¬
1612 1137 2806 1190 rühere Schaftensweise, so will demit auch Stil und Charakter
2807 1165 3348 1223 und eindrucksvoll, wohl vor
402 1180 1613 1241 sches Opernhaus) gefolgt, und im Augenblick da unsere Bühne
1617 1180 2804 1246 seiner „Lieb lei“ angebeu et sein: die Art seines Konversa¬
2800 1193 3343 1265 gesetzt: Kapellmeister Jan
410 1207 1615 1264 Liebelei“ in Szene gehen läßt, mach uns der Brunner Ver¬
1607 1212 2805 1295 tionsstils seiner breit ausladenden Liebeslyrik, seines tra¬
2801 1231 3340 1296 temperament seine leichte
400 1253 1619 1305 lag Barvié und Novotuz mit dem ebe, erschienenen Klavier¬
1917 1260 2814 1308 Sprechen wir mit warmem Lob vom ersteren.
1614 1264 1934 1331 g'ichen Pat#e s.
2802 1268 3329 1328 den unser Orch ster mit
403 1284 1618 1338 auszug von „Beetrice Caracci“, Neum anus jüngster Oper be¬
1616 1297 2817 1352 so haben wir auch schon das Beste dieser „Liebelei“=Musik
2813 1306 3351 1368 Kraft der Steigerungen
415 1325 1620 1380 kannt. Nicht ohne Interesse durch'nät ert man das hübsch
1615 1335 2812 1400 herausgegriffen. Ein ganzer Musiker ein Musiker von Bil¬
2809 1338 3358 1400 Entladungen des Affektes
402 1370 1614 1425 ausgestattete, bis auf einige Spracf hler im deutschen Text
1617 1375 2814 1430 dung und Geschmack ist hier hinter Sinn und Geist der Szene
2807 1376 3349 1440 gerüstet zeigten. Spielleite
405 1402 1617 1472 achisam abgefaßte Notenwerk das uns, soweit es der Klavier¬
1611 1409 2816 1476 her voll Delikatesse seine Motipchen formend und rhyhmisch
2819 1415 3347 1476 der von guter Raumwirku#
414 1438 1615 1497 auszug vermag, die heutige Schaffenswelt des Komponisten vor
1623 1441 2824 1511 belebend, und mag sich auch mitunter das musikfremde Wort
2812 1452 3354 1526 leuch ers zu intimen Stim
417 1489 1628 1555 Augen führt. Eine Rückung, spie twa vom Puccini der
1618 1473 2822 1545 nich recht zur Weise fügen mag sich manche Alltagswendung
2810 1491 3348 1556 den leider im umgekehrten
416 1518 1628 1577 „Bobème“ zu jenem der „Tosca“ kkennzeichnet den Wig, den
1612 1515 2816 1585 nur schwer in das melodisch=rhythmische Joch zwängen lassen,
2819 1537 3343 1597 hatte es nicht leicht, sich d
1178 1554 1622 1616 ein immer offeneres
417 1560 1192 1629 der Komponist seither gegangen ist —
1615 1547 2816 1621 so erbätt sich doch der lebendige Eindruck flüssiger leichter
2813 1582 3344 1630 zuneigen, das ihn um ein
417 1597 1629 1658 Bekengen zur Operntechnik der Jungitaliener zu den starken
1619 1593 2820 1653 Diktion eines mit aller orch stralen Kunst und koloristischen
2811 1611 3335 1670 hatte man sich mit dieser
421 1629 1622 1688 Kontrastwirkungen und Affekten des veristichen Opernstils.
1619 1633 2817 1682 Technik geführten, den Singstimmen keine Üb rlast aufbürden¬
2814 1643 3348 1711 funden so durfte man der
418 1676 1615 1726 Und ein Bekennen zum richtiggehenden Libretto, das nichts
1617 1678 2822 1735 den Dialogs. Mit Gechick sind die beiden Pärchen ausein¬
2815 1681 3331 1747 gers dem überzeugenden
414 1707 1633 1761 anderes sein will, als Tragaerüst des frei schaltenden Kompo¬
1628 1712 2819 1771 andergehalten — das im leichteren Lebensrhothmus sich fin¬
2825 1726 3338 1784 beruhigt vertrauen. Nur
422 1748 1623 1808 nisten. Es fragt sich, ob Neumann heute, im Vollbesitz des
1617 1747 2822 1808 dende und das lyrisch versonnene. und wieder haben beide ihre
2811 1754 3321 1827 Reiuschen von Vorteil:
409 1783 1627 1856 operntechnischen Apparates, überhauß einen Vorwurf wie
1630 1779 2827 1850 musikalischen Berührungspunkte, ihre motivischen Annäherun¬
2818 1796 3353 1857 ahnung des Todes Christi
423 1830 1627 1877 Schnitzlers „Liebelei“ vertont haben würde; denn für „Bea¬
1613 1816 2822 1906 gen und Verbindungen Eine reizoll schlichte Volksliedweite
2818 1839 3349 1895 und Armen festhalten mö
418 1864 1622 1916 trice Caracci“ bos sich ihm ein rechtschaffenes nach bewährten
1625 1867 2826 1926 schiebt sich dazwisch n: Christine am Klavier Neumanns Chre¬
2820 1869 3355 1935 im Spiel, statt sie in den
419 1889 1627 1959 Regeln gezimmertes Operntexibuch, dem die Musik noch alles
1618 1904 2819 1968 stine, die im schlichten Liedstil zu en Bescheid weiß. Und
2824 1921 3347 1982 gelang das Liebesduett, de
417 1942 1632 1998 zu geben hatte. Und Neumann gab ihm auch alles: Die
1624 1934 2825 2003 neue Anregungen bielet das Klovier, neue Stimmungskon¬
2822 1930 3342 2013 zu geben wußte. Frau
418 1978 1629 2036 Operngebärde, die dynamischen Kontraste, den Aufruhr des
1626 1971 2827 2043 trafte: nach dem „Dovpeladler“ eine schönbeschwingte Walzer¬
2825 1976 3323 2048 Höhe ihrer dramatischen
1628 2009 2833 2069 weise in die das Orchester rauschend einstimmt, schwermütige
416 2018 617 2085 Assektes
2826 2012 3335 2082 immer mehr erwarmend
524 2041 1628 2104 Aber was soll'e die Musik zu Schnikzlers Drama hinzu¬
1628 2036 2829 2107 Akkorde die es motivisch welterführt. Die Tischstene läßt
2824 2055 3347 2125 Szene mit Fritz stumm 5
424 2074 1626 2134 tun? Stimmuna, Farbe, Belebung des Affektes? An allem
1623 2096 2838 2167 eiln Übermut sich auswirken — man denkt etwa an die Tanz¬
2819 2101 3351 2164 mezzos, zu höchsten Affelt
419 2121 1631 2177 hat es hier nicht gemangelt. Nicht an intimen dämmerigen
1639 2120 2837 2183 zene der Puxcinischen Bohemiens, ohne daß uns irgendwelche
2824 2125 3333 2202 ausbruch sich steigernd in
417 2155 1632 2223 Stimmungen, nicht in lokalkoloristischem Reiz nicht an war¬
1623 2164 2839 2223 Anklänge an sie gemohnten. Ein jäher Kontraft — der Ein¬
2831 2176 3338 2240 drücke bereiteten. Herr
428 2195 1630 2262 men Tönen verhaltenen Glücksgefühls, stiller Wehmut, tränen¬
1630 2206 2838 2261 tritt des fremden Herrn. Grelle Farbenreflexe dröhnendes
2836 2209 3330 2271 Theodor alle erreichbare
420 2250 1628 2301 zitternden Schmerzes. Und gerade im losen Gefüge der Worte,
1629 2238 2830 2294 Blech. Mehr Tosca schon, als Bohème. Die Szene wirkt,
2828 2240 3337 2311 Humor belebte die Tiich
425 2259 1629 2338 die scheinbar alltäglich und mehr Wurf des Zufalls, doch so
1631 2265 2832 2331 isie hat Massensuggestion in sich. Aber gleich läßt sich wieder
2837 2278 3353 2346 stils Ein völliger Mith
428 2301 1640 2373 viel vom inneren Menschen, von den leisen Schwingungen
1636 2317 2830 2377 der Musiker hören und nicht ohne eigenartige Stimmung ent¬
2826 2321 3346 2381 Partie mit Fräulein En
423 2352 1632 2416 der Seele zu sagen wissen, reckt sich Schnitzlers formale Kraft,
1626 2359 2838 2417 läß uns der erste Auleng, der beste, musikalisch werwollste,
2825 2357 3353 2425 wir zur Zeit doch über zu
427 2385 1628 2445 seine dialektische Kunst, die auch dem Nebensächlichsten sinn¬
1636 2400 2217 2458 anmutendste von den dreien.
2828 2398 3334 2462 verfügen; verlangt hier
430 2406 1642 2477 volle Beziehung abgewinnt. Solche Sprache lebt und wirkt
2825 2433 3353 2498 voller, unaufgetragener in
1713 2431 2835 2498 Durfte sich Nenmann hier noch immer in Schnitzlerschen
437 2456 1642 2522 durch ssich selbst, sie bedarf keiner Untermalung und keiner
2831 2476 3333 2525 noch die Forderung nach
1625 2485 2840 2557 Bahnen bewegen, Alltgsgefühl zu fröhlichem Erklingen ent¬
423 2496 1643 2551 Unterstreichung, wie ihrer das Leben selbst nicht bedürfte.
2828 2514 3319 2572 drungen, die sich mit
1640 2521 2833 2582 bieten, so trennen sich die Wege in Christinens Heim vor den
428 2546 1643 2603 Musik konnte hier nur als Fremdkörper hinzutreten, Entleh¬
2830 2542 3319 2611 nicht Vereinbaren lassen.
1642 2562 2839 2615 Toren der Riebeslyrik; läßt uns Schnitzler gleichsam nur
436 2581 1651 2632 nerin der Sichterischen Stimmungsmomente, die sich hier zu
2834 2574 3358 2646 Vaser scharf geprägt der
1647 2595 2837 2655 durch einen schmalen Türspalt biicken, so öffnet uns Neumann
425 2614 1640 2686 einem Werk für sich verdichteten. So daß eigentlich nicht
2827 2621 3351 2699 zutreifend Frau Pichle
2240 2639 2836 2695 breiten Opernmelodie, die in
1636 2643 2260 2701 beide Türrlügel. öffne; sie dr
435 2662 1636 2707 mehr von Schnitzlers Liebelei“ die Rede sein kann, so sorg¬
2933 2660 3349 2721 Den Komponisten ###
1638 2667 2836 2731 aller Form ihren Einzug hält. Weniger die Mo ive selbst
435 2687 1651 2746 sam auch der Komponist dem Gang der Rede, dem Wortlaut!
2829 2696 3338 2768 starken Wirkungen seines
1647 2703 2840 2775 als ihre reiche Untermalung, die immer erneute, von immer
442 2732 1643 2785 der Dichtung zu folgen, jedes Wort in Tönen einzufangen
2834 2730 3347 2800 mit ein Gewinn, den die
1636 2750 2847 2816 vollerem Orchesterklang getragene Wieverkehr melodischer
429 2765 1645 2833 bemüht war. Einzufangen freilich mit dem offenen Sinn des
2832 2775 3338 2840 abend entnahmen; mit
1647 2783 2845 2840 Phrasen ergeben musikalische Stimmungselemente von inten¬
435 2804 1647 2871 Musikers, dessen Welt nicht das Wort ist, sondern Melod#e
2838 2808 3333 2876 Kapellmeister nach allen
1638 2825 2842 2889 sioster Ausstrahlung. Weiteb von Schnitzler herrscht hier der
429 2848 1651 2911 und Rhythmus. Schon in der melodischen eindung der an¬
2834 2834 3354 2906 gerufen, konnte Neumann
1643 2853 2844 2919 Opernkomponist. Und der Musiker findet sich wieder im Vor¬
437 2878 1646 2942 deren Gesetzen unterworfenen Wor= und Satzfolgen in ihrer
2834 2891 3344 2954 racci“ vor wenigen Tage
1643 2894 2848 2969 spiel zum dritten Aufzug, in einem soliden Fuga o. im weit¬
444 2908 1649 2979 über den Satzrhythmus hinwegtreibenden musikalische royth¬
2836 2921 3352 2983 gen des tschechischen Thel
442 2933 2843 3011 mischen Bewegung ihr Eigenleben besonend und auswirkend rahmigen Tonbild das uns die Vorgänge hinter der Szere
2842 2944 3330 3025 nun auch seitens des di
436 2968 2844 3053 schuf Neumanns Musik hier ein Werk für sich eine Over nach illustriert. Und wieder in einem iyrischen Intermezzo — Chri¬
446 3040 3349 3093 Schnitzler ungeachtet des Gleichtlangs der Worte. Er durfte stinens Liebesverklärung, der kurze Glückstraum der Erinne= Räume des Hauses #llic
460 3091 3353 3150 es nach dem Straußschen Vorbild, durfte es nach der Ver- rung an die Szene des Liebesduetts. Es ist gewissermaßen hlutnatur in hundertfälti
710 3137 2302 3318 „lageskote Ohrüuw, 4. J. 111.
