3484 4224
416 133 781 206 Liebele1
255 136 819 253 5. J
945 141 1394 224 box 11/2
2465 10 2992 129 M enenehen ain
2001 8 3017 192 n nnmenen
1963 64 2998 217 den 2o kngt s. B. laltes Weinen bei Fräulein
1962 122 2994 273 Gemonn micht fehr acht und mntnenohr es beit
1952 161 2984 312 ie bet den Sprachen väht ione Filen den
1941 228 2980 352 Stimme, jene Atemlosigkeit mit, die für einen
1943 272 2982 408 unter Tränon geäußerten Affekt charakteristisch ist.
1939 308 2967 459 Aden Kracte auc diesmal die Tartelerin wiede
1938 371 2973 509 einige Stellen, die starken seelischen Ausdruck ver¬
1930 415 2955 560 langen, auffallend nüchtern. Die Christine darf
1930 470 2962 610 z. B. ihrem Fritz nicht einfach sachlich berichten, daß
1919 512 2957 648 sie ein Bild besitzt, das ein von ihrem Geliebten
1923 557 2943 709 erasse Mädchen Lartel. Die Angst vereinem
1910 604 2952 751 ähnlichen Schicksal muß ihrer Mitteilung eine
1913 658 2943 800 tiefere Bedeutung geben. Auch an anderen Stellen
1913 699 2932 842 hätte es sich deutlicher zeigen müssen, wie alles
1904 743 2927 895 dusen und Laiten dei Gbehine eine Richung
1899 797 2930 947 d4, wie se mit ihrem ganen Wese im Gelieden
1884 857 2923 989 aufgeht. Jedenfalls darf man aber auch nach dieser
1884 901 2918 1033 noch lange nicht ausgereiften Leistung das Urteil
1882 945 2911 1073 sene, dol wir ei dier mit einer Anstngerte m
1879 983 2912 1121 en dion Gie Tane sond esten dos zweitener
1872 1033 2912 1176 auf der Bühne), die nachdrücklichste Ermunterung
1865 1093 2907 1234 und entschiedene Förderung verdient. Noch läßt
1873 1134 2890 1279 9 ncht belimmen, vie veit den iben göhte
1862 1184 2889 1327 keiten noch entwicklungsfähig ist und worin sie
1850 1242 2889 1382 Seeist die Ganen, die iher Brantaung an.
1848 1271 2883 1421 seden ind. Gcenereicht bat. Jedensals wird man
1849 1334 2872 1468 ihr als einem vielversprechenden Talent in ihrem
1833 1370 2871 1514 ereren Diten mit Antel und Bergulgen foigen
1830 1431 2858 1581 don den Uörigen Parselen in der Giedsiehe iun
1821 1480 2855 1607 wieder besonders Fräulein Braun mit ihrer vor¬
1768 1586 2762 1684 trefflichen Leistung als Mizi Schlager hervor. —
1759 1662 2824 1739 Der „Troubadour“ von Hans Müller be¬
1761 1722 2807 1792 rührt als ein Lustspiel mit noch nicht abgenütztem
1765 1756 2805 1831 Hauptmotiv nicht übel. Aus einem literaxi¬
1766 1810 2803 1873 schen Wettbewerb sind zwei Arbeiten über das
1769 1855 2794 1915 Weib preisgekrönt hervorgegangen. In der einen
1771 1901 2796 1950 wird die Frau als Ursache aller übel verdammt, in
1767 1948 2792 2007 der anderen wird in lyrischen Gedichten begeistert
1761 2003 2812 2074 ihr und der Liebe Lob gesungen. Die Gattin eines
1768 2047 2809 2107 Schiedsrichters in dieser Angelegenheit, die Frau
1769 2089 2815 2159 des Professors Hausmann, ist empört über die
1758 2138 2810 2202 Anerkennung, die die erste Arbeit fand. Gewiß hat
1767 2209 2813 2255 das ein bissiger, alter, immer erfolglos gebliebener
1756 2245 2807 2302 Nichtkenner des weiblichen Geschlechtes geschrieben!
1768 2292 2813 2342 Wie interessant muß dagegen der Dichter der
1768 2340 2813 2398 anderen Arbeit, der „Troubodour“ sein! Die bei¬
1759 2386 2805 2452 den „Gekrönten“ kommen. und — siehe da: der
1766 2437 2805 2511 Frauenhasser ist ein höchst liebenswerter und höchst
1763 2503 2802 2546 liebeserfahrener, schon längst gern gesehener Ver¬
1769 2541 2810 2598 ehrer der schönen Frau, während sich am „Trou¬
1758 2582 2806 2631 badour“ das Sprüchlein des Dichters erfüllt: „Die
1757 2633 2810 2696 Nachtigall ist nicht zum Sehen, nur zum Hören,
1763 2687 2786 2741 Sie kennen lernen, wird im Genuß dich stören.“
1760 2727 2805 2787 Die „Nachtigall“ hat nämlich eine Frau und neun
1759 2770 2808 2839 Kinder und dichtet nur aus Hunger; aber nicht
1759 2840 2803 2887 aus Hunger nach Liebe, sondern aus einem pro¬
1767 2896 2800 2940 faneren Nahrungsbedürfnis heraus. Schade, daß
1765 2930 2810 2980 der Verfasser der frauenfeindlichen Arbeit, der
1756 2978 2806 3039 natürlich durch seine sympathischen, praktischen
1751 3018 2807 3083 *Leistungen die Liebe der schönen Frau alsbald ge¬
1757 3081 2794 3135 winnt, zuletzt seine Arbeit als abgeschrieben ein¬
1757 3099 2805 3188 bekennt; es geht dadurch eine nette Pointe der
1763 3177 2801 3229 Geschichte verloren. Das Stück wurde von Fräulein
1767 3224 2795 3282 Decarli und den Herren Rüthling,
1761 3266 2795 3321 Beraun und Großmann recht frisch gespielt.
1773 3306 2806 3383 Namentlich die beiden Letztgenannten zeichneten
1771 3368 2549 3433 sich aus. Das Haus war ausverkauft.
2552 3410 2777 3502 Dr. M.
