3484 4320
523 162 676 231 ieb
319 149 882 273 5. L.selei
1025 152 1456 261 box 10/3
1314 890 2548 971 diesem Stück; der Leichtsinn äußert sich in liebenswürdigster, humor¬
1311 948 2539 1018 vollster Weise, die Tragik hält sich von dem Dämonischen fern und ist
1319 1013 2543 1082 dafür mit leiser Sentimentalität gesättigt. Einfachheit, Stimmungs¬
1312 1047 2539 1135 poesie herrscht durchaus vor und für sie hat unser Publikum allgemach
1321 1103 2543 1179 doch ein bischen Verständniß gewonnen. So errang die „Liebelei“ mit
1323 1156 2542 1218 ihren Wiener Kindern hier ebenso gut einen starken Erfolg wie vordem
1324 1210 1596 1288 in Wien selbst.
1435 1242 2540 1316 Wie sein, mit wie sorglichem Nachempfinden dieses Schauspiel
1316 1300 2538 1378 im Deutschen Theater dargestellt wird, erkennt man ganz erst, wenn
1317 1357 2548 1413 man den soeben bei S. Fischer (Berlin) erschienenen Text des Dramas
1319 1394 2548 1455 liest. Die beiden Paare, die Schnitzler als Gegensatz bringt: das
1326 1443 2544 1508 lebenslustige, das an Liebelei für den Tag Genüge findet, das ernste,
1327 1507 2537 1557 das nicht zur Liebelei, sondern nur zur Liebe taugt und darüber
1328 1555 2561 1615 zugrunde geht, werden im Deutschen Theater von Gisela Schneider
1331 1587 2594 1654 und Josef Jarno, von Agnes Sorma und Rudolf Rittner meisterlich
1334 1641 2555 1703 charakterisirt. Schon dieser Künstler wegen wird sich dem Drama die
1324 1686 2553 1761 Gunst unseres launischen Publikums wohl dauernd zuwenden. Ein
1327 1749 2535 1815 werthvolles Werk hätte dann einmal ein verdientes Glück gefunden —
1314 1800 2552 1853 was wahrlich hier zu den bisher kaum erlebten Dingen gehören
1330 1839 2555 1908 würde. Vielleicht nimmt unser Publikum dann auch noch sein ab¬
1330 1887 2561 1955 fälliges Votum über eine frühere Novität des Deutschen Theaters
1328 1939 2554 1995 zurück, über Ernst Rosmer's Komödie =Te Deume! Auch
1329 2004 2564 2055 dieses Werk liegt jetzt in Buchform vor (S. Fischer's Verlag), und die
1337 2033 2557 2102 Klage, daß diese Komödie schon wieder vom Repertoire hat ver¬
1327 2080 2567 2155 schwinden müssen, möchte man jetzt dringender und dringender immer
1332 2133 2564 2209 wieder erheben. Wir sind so arm an Werken echten Humors, daß wir
1336 2201 2560 2250 eine solche reife und köstliche Gabe nicht ungenützt beiseite liegen lassen
1333 2241 1493 2319 dürfen
1451 2280 2571 2358 Mit Karnevalsscherzen versuchte es außer dem Residenz=Theater
1338 2335 2563 2407 auch das „Lessing=Theater“; aber sein Beginnen ist vorläufig
1338 2392 2580 2444 erfolglos geblieben. Ein kleiner, mehr denn burlesker Einakter
1340 2435 2557 2505 Ludwig Fulda's: „Fräulein Witwe“ konnte auf irgend¬
1339 2509 2571 2563 welche literarische Werthschätzung keinen Anspruch erheben und ein
1340 2548 2565 2604 Lustspiel „Der Thron seiner Väter“ von F. v. Zobeltitz
1334 2600 2572 2654 brachte es auch zu keinem Erfolg. Zobeltitz hatte wenigstens einen guten
1335 2636 2565 2699 Einfall, den man gern hinnahm; er persiflirte die kleinen Liliputfürsten,
1338 2690 2560 2763 deren wir — so unglaublich es klingt — in Deutschland immer noch
1333 2731 2573 2793 mehrere haben, indem er einen Lieutenant Christian XXVIII. auf die
1334 2791 2570 2848 Bühne stellte. Fulda's bester Einfall aber war ganz unannehmbar; er
1343 2829 2570 2898 läßt einen Studenten a. D. und Afrikareisenden z. D. afrikanisch
1339 2891 2572 2955 sprechen und eine veritable Schwarze sich vor einem jungen europäischen
1339 2943 2581 3002 Fräulein auf die Erde werfen. Wenn das ein guter Witz ist, so ist es
1345 2991 2564 3047 jedenfalls ein miserabler Bühneneffekt. Kurakara ... tada .
1344 3047 2573 3092 bibimilich! . .. Derartige unverständliche Worte von der Bühne herab
1345 3081 2588 3146 hören zu müssen und dann auch noch lachen zu sollen — das ist eine
1338 3134 2587 3212 starke Zumuthung in einer Zeit, da afrikanische Angelegenheiten zu¬
1345 3182 2027 3259 weilen auch deutsch behandelt werden!
2135 3217 2539 3296 Walter Pactow.
1816 3279 2125 3352 ——
