3484 4224
402 153 797 219 Liebelei
914 155 1382 240 box 13/7
272 149 896 265 . LeecHET
934 928 1305 1130 MaS
334 1067 1161 1239 LA TRIBUNA-ROM
863 1256 1262 1429 7 MAR 1838
1940 1403 3455 1481 iteggiamento, del gesto, movendolcolo g mondo) compiutamente rap-le
1952 1448 2679 1523 dal paziente esercizio scolastico
2661 1467 3465 1518 presentato in scena, gii spettatoriera
552 1412 1307 1561 CRONACHIE
1958 1492 3466 1558 per arrivare sin quasi alla mecca-Iper piü o meno lunghe serie di re-Al#
1295 1388 1966 1562 TEATRALI
1943 1540 2671 1602 nizzazione. Cosa dite? che 1 nostri
2662 1548 3466 1600 pliche: repliche che quando polsch
1939 1565 3462 1634 (giovani non si sottoporrebbero a di-quei lavori si traducono e si rap-tor
1948 1617 2671 1677 scipline identiche, perché il loro
2667 1626 3452 1674 presentano, alle volte, da noi, di-s11
1949 1653 2672 1716 temperamento é diverso? Pud es¬
780 1593 1717 1730 Teatri viennesi
2668 1666 3472 1717 ventano inesplicabili. Tale, per e-Isuc
1933 1701 2679 1760 sere. Ma a una disciplina, se vo¬
2659 1691 3389 1764 sempio, una commediola da niente
3371 1694 3455 1758 hre
833 1732 2680 1796 VIENNA, marzo. sconferiscono ai loro spettacoli, an. sliono diventare artisti moderni,
2662 1741 3462 1797 che ho visto al Josefstadtheater: ber
537 1776 1248 1835 Lo straniero che viene in Italia
1233 1786 3471 1846 Iche an piu modesti, T'attrattiva disdevono sottoporsi. La grande scuo-jla solita storiella del marito ten-noi
1238 1814 2669 1877 cui fra noi si va da troppo tempolla italiana che per due otre secoli
503 1805 1252 1875 c. recandosi a teatro, chpiti bene,
2657 1826 3453 1872 tato di tradire la buona mogliefsto
1949 1849 2672 1916 ha insegnato a recitare a tutta Eu¬
505 1859 1246 1911 vale e dire s’incontri con un buon
1244 1842 1953 1928 vanantente in cerca: quella d’uno
2659 1858 3456 1917 borghese e stagionata con una rarich
1234 1875 1380 1951 sille.
1947 1895 2666 1963 ropa, quella dei comiei dell’arte.
491 1889 1240 1955 attore nostre, che reciti in italiano
2663 1904 3441 1955 gazza intellettüale: quando gli-so-dor
1508 1914 1671 1995 * * *
1940 1926 2641 1993 era anzitutto metodo e disciplina.
501 1927 1253 1982 o in dialetto, & colpito soprattutto
2657 1937 3450 1993 pravviene un sogno, in cui glifelpat
1968 1973 2665 2029 Ho anche assistito a Liebelei di
499 1975 1248 2045 da una virtü del nostro comico: la
2662 1966 3451 2033 dato contemplare come vivente laldel
1244 1996 2667 2065 L'Austria non é dicerto, quantolSchnitzler, popolarissimo nei paesi
497 2014 811 2071 spontaneità.
2663 2002 3386 2066 donna intellettuale per eccellenza,
3363 2020 3444 2077 via
1214 2037 2674 2101 ad arte e a cultura, um paese diese-tedeschife spécie a Vienna, recitato
2660 2049 3375 2104 George Sand, e lo svolgersi dei suol
3367 2060 3439 2117 Pir
530 2057 2664 2146 L’Italiano che, invece, si rechi inscond’ordine; é anzi tuttora l’ere-Idagli allievi del e Seminario; nel
2661 2098 3458 2158 disgraziati amori con Chopin. Silein
493 2091 1246 2151 un teatro dell’estero e assista a un
1226 2107 3376 2163 de d'un grande passato, e, anchelloro teatrino, ossia quello mirabi-Iscorgono allora in scena la Sand,
499 2133 1240 2190 buono spettacolo, é colpito soprat-
1221 2137 3378 2188 sulla scena, se ne ricorda. I suoi at-lissimo (non se ne conosce T’archi-Chopin, Liszt, e non so quant’altra
491 2177 2662 2260 tutto da una virtü dell'attore stra-tori arrivano al palcoscenico daltetto, ma si sa che fu un italiano)
2651 2216 3374 2264 gente dell’epoca, entro una cornice
491 2208 849 2279 nierc: lo stile.
1205 2226 2665 2300 scuole di prim'ordine, in eit##i tra-inel castello di Schönbrunn. Esecu¬
2642 2241 3391 2310 non piü che accurata, ma non spias
539 2247 1240 2320 Ogni ragazzo sa, o dovrebbe sa¬
1227 2276 1961 2332 mandano insegnamenti eme di dei
1939 2285 2666 2329 zione perfetta per grazia, per fini¬
2650 2294 3388 2356 cevole; in grazia della quale il pub¬
495 2295 1236 2360 pere, che tutt’e due le virtü, in ar¬
1221 2309 1951 2370 piü bei periodi del Teage raziona¬
1935 2311 2662 2379 tezza, per bontà d’attorie di regia
2657 2320 3410 2392 blico (certo assai plu pazientee
500 2341 1953 2414 te, sonc essenziali; che senza l’u-lle; e fra coteste scuole, ubbliche
1944 2347 2659 2422 (regist cra pure stato un allievo,
2653 2368 3409 2434 rispettoso del nostro) accetta tutto# tc
489 2381 1245 2444 na, o senza l’altra, arte non c’é; e
1224 2377 1947 2443 e private, primeggia il & Semina¬
1937 2399 2664 2457 sotto guida del suo maestro,
2655 2408 3408 2472 e applaude perfino la conclusioné, 6
495 2417 1947 2482 che insomma, l’arte é la concilia-Trio) fondato a Schönbrunn da Max
1939 2431 3410 2529 Ernst Lothar): e la mattina doposch’é il ritorno del marito alla mör###
496 2458 1234 2515 zione della prima con la seconda.
1219 2459 1942 2539 Reinbardt,e oggi diretto da suoi
1942 2481 2665 2543 tutta la stampa si occupava ampia¬
2655 2473 3164 2550 desta ma brava moglie.
484 2488 1885 2552 Ma, siccome a questo mondo ognu-prossimi collaboratori e allievi.
1920 2500 2665 2578 Imente del bei saggio; e due teatri
2662 2517 3382 2577 Una esecuzione coi flocchi mie
490 2533 1246 2612 no desidera quel che non ha, sia
1250 2534 1947 2601 A far capolino, come al sotto¬
1938 2558 2657 2620 viennesi si disputavano T'allieva che
2652 2556 3416 2631 parsa quella del Bicchter d’acqualle
490 2577 1935 2650 lecito al sottoscritto, come a ognilscritto & stato concesso, nelle aule
1934 2602 2665 2653 aveva recitato la parte della prota¬
2651 2615 3441 2677 al Burghtheater. II lavoro di Serl-Inan
489 2618 1235 2671 buon Italiano respinto dalla goffag.
1219 2627 3442 2724 scolastiche del e Seminarios, a esa-Igonista, per scritturarli Ma io, tor-Ibe é quello che é: grandi personag-qua
483 2647 1947 2720 gine dal pressappocoe dal clima difminare i programmi dei suoi studi
1931 2673 3380 2758 nato a. Seminario per assistervi algi ridotti a pupazzetti, dramma ri¬
483 2685 1228 2752 malintesa improvvisazione che si
1222 2699 1945 2762 e ad assistere ad alcune lezioni, si
1942 2711 3365 2776 una lezione di fonetica, vi ho ri-solto in mero intrigo, solennie¬
485 2729 1226 2782 respira in certi teatri nostri, deplo¬
3348 2725 3467 2800 brac
1219 2726 1942 2804 scopre sübito dove sia il segreto
1937 2756 3452 2838 trovato la nuova diva, modesta-Iventi della storia spiegati con cau-Jera
478 2768 1231 2834 rare una volta di piü le atroci
1225 2784 1940 2832 deila pulizia, del nitore, dell’elegan¬
1939 2788 2655 2860 mente assisa nei ranghi dei suoi
2648 2797 3453 2874 se Ja nulla e rappresentati come Liew
488 2800 1234 2868 condizioni in cul, aggravandosi il
1215 2826 1934 2874 za, per cui ancora oggi tanta par¬
1930 2824 2657 2896 camerati, a ripetere & Sss822222 5
2645 2839 3461 2916 un gloco di ragazzini. Ma il gioco, dur
485 2851 1230 2910 male d’anno in anno, il nomadismo
1226 2852 1938 2926 te della scena viennese é pregevole
1934 2864 2647 2931 x Ba, be, bi. 2 & Miu, meu, mau.. S.
2644 2879 3455 2952 appunto perché tale, é divertente;#toe
490 2878 1228 2946 ha ridotto le compagnie italiane.
1218 2888 1944 2954 e pregiata: il metodo (ch’é pol l’ov¬
1945 2902 2658 2974 Dunque é con questo che si arri¬
2643 2921 3374 2987 tanto che i registi e gli attoribdel
474 2918 1219 2987 Basta infatti mettere il capo fuor
1228 2927 1940 3006 vio segreto di pressoché tutte le
3347 2953 3417 2997 a
1933 2941 2657 3026 va all’arte? Ma sl; auche con que¬
2646 2957 3369 3022 massimo teatro viennese di prosa
478 2968 1231 3026 dei confini per scoprire spesso, se
1219 2970 1938 3038 scene tédesche e slave). Niente em¬
1924 2986 2033 3051 sto.
2617 2989 3470 3075 si guardano bene dall'agglungervilGori
473 3012 1945 3092 non sempre, che in paesi anche dilpirismo, niente improvvisazione,
2209 3009 2366 3090 ** *
2610 3033 3462 3122 gsoggettis e trovate di qualsiasi co
475 3053 1950 3131 cultura arretrata, e di civiltà arti-Iniente abbandono romantico all'i.
1946 3057 3362 3144 Ripetiamo che, in fondo, é sololgenere. La loro interpretazione 6
478 3082 1234 3152 stica neppur da lontano paragona¬
1216 3105 1936 3162 spirazione cosi come viene; ma
1932 3106 3374 3187 per meriti d’esecuzione se parec-lortodossa e fedele come potrebb’es¬
484 3123 3366 3217 bile alla nostra, la estabilitäs deilmetodo. metodo, metodo; educazio-Ichi lavori spesso medioeri o nullisere, mettiamo, una delle Comédie¬
481 3160 3468 3217 teatrie il gmetodos degli artisti ne del respiro, della voce, dell'at-Tattirano tuttavia, in grazia del pie- Française, ma quanto piu fulgidaetero
