3436 4192
387 112 755 187 iebelei
894 114 1343 204 box 12/4
204 119 765 232 5. Senennennung
179 825 535 920 schnitt aus:
884 845 1135 953 Wien
365 867 890 970 2KDATORER 1913
198 956 267 1026 1:
581 995 845 1064 Volksoper.
341 1030 1219 1141 „Liebelei“, Oper in drei Akten von Franz
229 1109 1216 1184 Neumann, Text nach Artm Schnitzhers
235 1162 779 1241 gleichnamigem Schauspiel.
330 1200 1222 1272 Artur Schnitzlers „Liebelei“ erzielte
237 1252 1226 1334 am 9. Oktober 1895 am Burgtheater einen
233 1288 1231 1369 durchschlagenden Erfolg und begründete damit
247 1341 1225 1436 sozusagen Schnitzlers Ruf als dramatischer
243 1396 1241 1463 Dichter. Wir glauben nicht, daß es diesem ein¬
275 1460 1262 1542 wandfreien Schauspiele von Nutzen ist, es in
289 1505 1274 1603 Musik zu übertragen, zumal der gemütliche
281 1557 1260 1656 Wiener Ton in keiner Weise musikalisch ausge
295 1610 1261 1696 drückt werden kann. Da es eben run doch ge¬
289 1669 1277 1762 schehen ist, läßt sich darüber unt ngen, daß es
296 1710 1270 1798 Schnitzler nicht genützt und Franz Nen¬
300 1763 1269 1856 mann auch nicht zum besten Pabei wegkommt.
289 1816 1286 1893 Seine Musik untermalt nur di. wirklich hübschen
300 1857 1293 1952 Szenen, belebender sind sie aber keinesfalls mehr
308 1905 1281 1982 als sie es in den gesprochenen Worten sind, wenn
306 1954 1289 2050 gleich nicht abzustreiten ist, daß die ganze Oper
315 2007 1284 2098 einen starken Eindruck hinterläßt, worüber es
308 2048 1301 2161 aber nachzudenken gebe, woher dies kommt,
1117 2097 1282 2158 Kapell
309 2114 1109 2190 welchem Konto es gutzuschreiben wäre.
311 2149 1297 2232 meister Tittl scheint für seinen Kollegen
326 2196 1307 2292 Neumann nur das alterbeste gewollt zu
322 2258 1147 2354 haben und hat es auch tatsächlich so
323 2317 1139 2401 ausgeführt. Fräulein Engel als
322 2351 1145 2451 Christine konnte ihr wirklich opernhaftes
323 2403 1146 2494 Empfinden nicht verleugnen und manches
319 2449 1141 2547 hineingelegte Liedchen versagte ihr:
329 2505 1153 2586 Fräulein Roeder als Schlager
332 2556 1134 2644 Mizzi ist keinesfalls die richtige Ver¬
347 2603 1143 2695 treterin dieses durch und durch liebens
342 2653 1153 2734 würdigen und feschen Wiener Kindes.
353 2698 1153 2790 Für das süße Mädel gehört eine andere
342 2748 1160 2843 Erscheinung, eine zierliche Seubrette und
336 2804 1157 2887 eine leichte, klangvolle Stimme. Beides
357 2856 1166 2941 fehlt dem Fräulein. Herr Lußmann
340 2900 1166 2981 war ein guter Fritz, sein se metternder
361 2935 1179 3028 Tenor unterstützte ihn wohltätig. Herr
350 3003 1171 3068 Brand als Theodor war ein ganz
352 3048 1168 3152 präcktiger Lebemann, der den wiene
357 3101 1185 3185 rischen Ton auch in der Musik fand.
364 3149 1186 3234 Herr Bandler als Vater Weiring
353 3190 1171 3284 war recht gemütlich, lange zwar kein
850 3239 1180 3312 und auch im
364 3264 779 3338 Sonnenthal
367 3296 1187 3381 Gesang sympathisch. Der Erfolg war
368 3343 1192 3433 lebhaft und rauschend und der Kom
366 3391 1192 3501 ponist konnte sich oft und oft an der
384 3434 1144 3532 Seite der Darsteller zeigen. M.
1718 434 2792 551 Ausschnitt aulesterreichs illustrirte Zeitung
2557 489 2740 556 e
2030 525 2549 615 26. OKTODEMASLA-
1734 608 1883 658 vom:
1866 673 2721 812 Theater und Musik.
1879 781 2803 855 Volksoper. Mit der Aufführung der Oper
1774 813 2812 897 „Liebelei“ nach dem gleichnämigen Schauspiel von
1785 861 2819 945 Artur Schnigle hat uns die Volksoper wieder
1781 906 2810 982 einmal bewieten, daß sie einen genialen Dirigenten und
1775 941 2823 1005 ein vortrenliches Orchester besitzt, konnte uns aber nicht
1777 972 2813 1047 von der Notwendigkeit der Aufführung dieser Oper
1790 1018 2823 1090 überzeugen. Der Komponist der Novität Herr Franz
1795 1053 2830 1133 Neumann, ist ein geschickter Routinier, der eine ge¬
1792 1091 2834 1176 schmackvolle Sprache spricht. Er wollte den flotten Kon¬
1794 1118 2824 1206 versationskon des Schauspieles wahren, was ihm aber
1794 1172 2825 1256 nur selten gelang. Die Themen sind zumeist von leit¬
1795 1208 2830 1293 motivischer Bedeutung, im allgemeinen ist aber die
1791 1246 2832 1330 Musik eine mehr untermalende. Bei gesteigerkem Aus¬
2652 1284 2855 1338 aber es
1787 1297 2614 1365 druck strebt sie auch stärkere Wirkungen an
1801 1327 2839 1418 bleibt leider nur beim Streben. Das ausgedehnte Vor¬
1804 1360 2828 1452 spiel zum dritten Akl, welches das Duell und Fritz'
1796 1412 2844 1482 Ende schildert, ist, was Invention und Konkrapunk¬
1798 1436 2844 1537 tation betrifft, einwandfrei und kann als Höhepunkt der
1796 1487 2853 1566 ganzen Komposition betrachtet werden. Fräulein Engel
1800 1521 2850 1599 als Christine brillierte, Herr Lußmann als Fritz ver¬
1801 1563 2846 1640 schwendete wieder maßlos seinen strahlenden Tenor.
1813 1600 2864 1681 Lobend seien noch zu erwähnen Fräulein Roeder als
1807 1638 2865 1730 Mizzi Schlager, Herr Brand als Freund Theodor und
1802 1690 2860 1772 Herr Bandler als Violinspieler Weiring. Ausgezeich¬
1810 1720 2865 1794 net war das Orchester und die vorkreffliche Leistung
1813 1757 2854 1835 des Kapellmeisters Tittel, dem auch der Löwenanteil¬
1817 1795 2871 1874 an dem rauschenden Erfolg gebührt. Der Komponist“
1817 1853 2478 1924 konnte sich ungezähltemale zeigen.
1837 2253 3007 2392 Ausschnitt aufiener Montags Journal, Wier.
2080 2350 2299 2434 270K1 1
1843 2370 2025 2434 vom:
2021 2401 2071 2481 1
1850 2490 2962 2558 (Volksoper.] Trotz des rauschenden Applauses, den die
2910 2545 2952 2601 he
1749 2546 2902 2605 von Franz Neumann in Musik gesetzte Schnitzler
1755 2592 2956 2640 „Liebelei“ auslöste, kann hier dennoch nur von einem so¬
1749 2625 2952 2673 genannten „äußeren Erfolg gesprochen werden. Eines talen¬
1759 2673 2958 2710 tierten Tondichters origineller Bühnenversuch, der als solcher
1750 2700 2962 2762 zweifellos sehr bemerkenswert ist, ein Werk, das nicht bloß
1750 2737 2971 2789 in seiner Tendenz, sondern auch in mancher Einzelheit unsere
1752 2783 2966 2833 Sympathien verdient als Ganzes aber doch nicht die restlose
1751 2831 2971 2872 Lösung der erwählten künsrlerischen Aufgabe bedeutet. Wo die
1754 2858 2964 2909 Vorbedingungen für gesangliche Wiedergabe so ganz fehlen, wie
1769 2904 2950 2952 in Schnitzlers „Liebelei“, hätte vor allem ein neuer Stil ge¬
1760 2935 2956 2988 funden werden müssen, der harmlosen Plaudereien weder musi¬
1763 2978 2975 3040 kalische Gewalt antut, noch sonstwie hemmend auf die Dar¬
1758 3016 2957 3070 stellung wirkt. Wenngleich es Neumann nicht gelungen, diesen
1763 3051 2965 3105 neuen Stil zu finden, so darf doch nicht verschwiegen bleiben,
1757 3092 2967 3136 daß seiner Musik neben melodischer Schönheit und geistvoller
1752 3136 2962 3190 Harmonik stellenweise geradezu bezaubernder Orchesterklangreiz
1754 3171 2968 3234 eignet. der sich freilich nur dem öfter und tiefer Hinhorchenden
1758 3217 2971 3262 ganz erschließt. Die Aufführung anlangend müssen die Namen
1758 3257 2969 3304 des Dirigenten Tittel und des Oberregisseurs Markows¬
1767 3286 2969 3326 ky, der das Werk in Szene gesetzt, in erster Linie genannt
1759 3330 2960 3378 werden. Von den Mitwirkenden waren die Damen Engel
1755 3363 2965 3419 (Christine) und Macha, als Muster Bezirkstratschen, sowie die
1768 3404 2980 3452 Herren Lußmann (Fritz) und ganz speziell Bandler,
1767 3444 2971 3489 der dem Vater Christinens echte Treuherzigkeit gab am besten.
1769 3480 2976 3532 In Ton und Haltung vortrefflich traf Herr Klein die Epi¬
1767 3519 2970 3574 sode des hhintergangenen Gatten. Gesanglich auf der Höhe
1767 3570 2975 3614 standen wohl auch Frl. Roeder (Mizzi) und Herr Brand
1769 3596 2979 3658 (Theodor), nur trugen sie in äußerlicher Theatralik mitunter
1771 3643 2975 3696 allzustark auf. Komponist, Kapellmeister, Regisseur und die
1771 3685 2983 3738 Darsteller mußten nach jedem Akt wiederholt auf die Bühne,
1762 3717 2708 3789 zum Schluß auch der Libretist — wider Willen.
2770 3717 2959 3790 Hdrch.
