3344 4224
202 111 288 195 5
341 113 583 184 Liebe
891 110 1316 200 box 13/5
323 135 777 224 W 61
1578 281 2097 360 Film-Courier, Berlin
1751 379 1851 464 Nr
1848 387 2055 496 178
522 393 1021 530 „OBSERVER‘
482 498 566 569 Wie
786 512 840 584 2
868 523 1127 607 1• Nr. 19
1698 568 2049 650 1 8. 1934
477 582 1093 694 MHos ennd-Hreratd) Füu¬
923 650 1092 736 934
1301 660 2117 760 Hilfe — 1000 neue
621 699 749 768 410
1313 740 1866 833 Operetten
344 761 681 842 Theatres
1404 812 2124 904 Wiener Ankdndigungen
1749 879 2151 948 Wien, im Juli 1934.
491 872 966 953 SCHNITZLER’S
1371 907 2207 979 Wir britfgenf Hodte die erste Uebersicht
524 938 904 1016 ·LIEBELEI‘
1617 963 2203 1032 retgen- Ankündigungen der
1318 969 2108 1056 über  dleieh für die nächste Saison.
380 1004 1131 1044 The Raimund Theater which nas
329 1019 1125 1088 found a gold-mine in the Schurek¬
1360 1037 2194 1090 „Liebelei“, Buch von Beda und Knep¬
339 1088 1118 1138 Sassmann“Strassenmusik“, has sched¬
1316 1076 2208 1154 ler nach Schnitzlor, Musik: Oscar
1318 1117 1543 1170 Straus-
327 1126 1120 1179 uled for production on September 15 a
334 1163 1124 1207 sensational premiere: Artur Schnitzler’s
1362 1160 2188 1237 „Sing-Sang-Mädel“, Buch von Schan¬
341 1207 1126 1261 “Liebele)“ as a musical play, with music
1314 1204 1939 1269 zer-Welisch, Musik: Kalman.
341 1246 1132 1295 by Oscar Strauss and text adapted by
1356 1245 2134 1311 „Djainah“, Musik: Paul Abraham.
337 1287 1126 1336 Paul Knepler and Dr. Fritz Löhner. As
1352 1292 2209 1363 „Das Glück der kleinen Leute“ von Bruho
327 1327 1125 1369 a musical comedy in 8 pictures, it de¬
1317 1341 2206 1392 Granichstädten und Julius Brammer, Mufik:
322 1350 1128 1415 parts from the original only in the
1317 1374 1785 1436 Bruno Granichstädten.
333 1399 913 1457 psychological happy-ending'.
1354 1416 2207 1496 „Der reichste Mann der Welt“ vong Hans
387 1442 1133 1497 The interest in“ Liebelei' is so great
1306 1460 1938 1529 Müller, Musik: Ralph Benatzky.
332 1470 1125 1540 that it has already been acquired by
1352 1501 2214 1583 „Die Prinzessin von Navarra“, Buch: Fo¬
336 1525 1129 1563 several foreign publishers, and the
1314 1538 1749 1611 dor, Musik: Benatzky.
337 1559 1127 1613 Paris premiere is already planned with
1368 1592 2198 1662 „Gloria und der Clown“, Buch: Wilhelm
344 1601 1129 1648 Yvonne Printemps in the role of Chris¬
1308 1634 1852 1691 Sterk, Musik: Robert Stolz.
343 1640 1134 1694 tine. The London production will star
337 1680 1139 1754 Jeanette MacDonald in the same role.
1353 1671 2205 1762 „Liebe von heute“, Buch: Schanzer-Welisch,
1303 1722 1708 1781 Musik: Leo Ascher.
1352 1756 2191 1829 „Gaby“, Buch: Jenbach und Herz, Musik:
1301 1790 1618 1861 Bernard Grün.
1354 1840 2204 1909 „Die Nachtigall“, nach einem Lustspiel von
1298 1883 2198 1969 Hermann Bahr von Wilhelm Sterk, Musike
1299 1930 1477 1990 Gruen.
858 1959 1017 2046 itung
1355 1961 2199 2050 Eine Leon-Jessel-Operette „Bruder Mar¬
1299 2002 1376 2066 tin
357 2001 698 2125 Ostrauer
1327 2041 2196 2131 Eine Michael-Krauß-Operette, Buch: Her¬
1285 2092 1437 2154 zeeg.
504 2076 760 2182 Mähr. C.
588 2168 857 2269 20 00
343 2233 1175 2314 „Liebelei“=Operette als Weihnachtspremiere
216 2299 1177 2363 des Wiener Raimund=Theaters. Bekanntlich wurde
401 2336 1163 2405 Liebelei“ nach einer Umarbeitung durch
221 2380 1170 2441 Geza Herczeg, Hugo Knepler und Heinz Saltenberg
221 2424 1173 2489 von Oskar Straus zu einer Operette vertont. Wie
228 2454 1172 2518 aus Wien gemeldet wird, soll diese Operette als
210 2511 1168 2553 Weihnachtspremiere des Raimund=Theaters heraus¬
212 2534 1175 2608 gebracht werden. In der Umarbeitung, zu der
218 2571 1183 2635 Schnitzlers Sohn, der Regisseur Heinrich Schnitzler,
221 2611 1186 2672 beigezogen wurde ist der Schluß stark geändert, da
228 2657 1177 2716 dieser den Bedürfnissen der Operette nicht entsprach.
219 2682 1185 2756 Fritz wird im Duell nicht getötet, sondern bloß
221 2726 1193 2798 schwer verletzt, so daß eine happy end=Möglichkeit
236 2776 1180 2837 gegeben ist. Die Gestalten als solche bleiben vollkom¬
237 2796 1191 2872 men erhalten, und auch der szenische Aufbau hält
237 2858 1051 2927 sich im wesentlichen an das Schnitzler=Drama.
235 2910 899 2979 AEAAAAAAAAA
525 2948 1159 3077 Helles Licner eglaul, Uien
500 3031 957 3137 28. JUUTSE
219 3259 1430 3392 Zenfurschwierigkeiten wegen „Liebelei“.
327 3374 1436 3451 Als eine der ersten Novitäten des Raimund¬
226 3427 1436 3490 Theaters soll, wie berichtet, die musikalische Bearbeitung
221 3481 1431 3537 von Artur Schnitzlers „Liebelei“ von Oskar Straus heraus¬
219 3524 1427 3596 kommen. Das Libretto=verfaßten Heinz Saltenburg und Paul
235 3570 1439 3632 Knepler. Wie wir erfahren, hat das Heeresministerium, ähnlich
227 3611 1444 3672 wie bei „Zwei lachende Augen“, die Verwendung der alten
229 3668 1435 3729 österreichischen Uniformen beanstandet. Die Neubearbeitung des
224 3726 1434 3781 Schauspiels sieht nämlich vor, daß Fritz und Theodor zwei
221 3771 1432 3829 junge Offiziere sind. Der „fremde Herr“ der im Orignal nur
226 3803 1435 3874 eine Szene hat, wurde in einen österreichischen Oberst ver¬
228 3866 1440 3923 wandelt, mit dessen Gattin Fritz Beziehungen hat, die zum
226 3919 1433 3979 tragischen Konflikt des Werkes führen. Die Autoren der
224 3960 1456 4032 musikalischen Fassung dürften nun die beanstandeten Stellen
232 4004 841 4077 einer Umarbeitung unterziehen.
2285 653 3126 732 „Der süße Kavalier“, die Leo-Fall-Operette
2243 702 3136 775 in modernisierter Form von Schanzer und
2230 743 2436 805 Welisch.
2279 782 3123 845 Selbst Edmund Eysler wird noch zwei neue
2231 827 3134 902 Operetten vorlegen, und von Walter Bromme
2232 869 3122 933 kommt „Eine Frau, die nicht lügt“. Buch:
2230 901 2524 968 Julius Horst.
2268 949 3120 1014 Hinzu kommen noch Operetten von Lehär,
2223 991 3127 1037 Kalman, J. Beer, Eduard Künnecke, Fred Ray¬
2228 1036 3123 1089 mond, Jean Gilbert und Walter Kollo. Bei
2226 1069 3121 1125 Iubert Marischka im „Theater un der Wien“.
2223 1106 3137 1179 seif Taubers erste Operette herauskommen.)
2214 1135 2710 1212 Buch: Ernst Marischka.
2482 1950 2773 2022 Extract from
2292 1968 2380 2063 K
2520 2007 2725 2076 Variety
2289 2057 2880 2139 ∆ New York, U. S. A.
2485 2130 2915 2211 14 AUG 1934
2552 2231 2774 2317 Vienna
2417 2252 2518 2351 70
2329 2314 2827 2395 John Whittaker in town.
2330 2363 2991 2436 Armand Tokatyan concerting in
2308 2401 2583 2461 Poertschach.
2344 2421 2993 2499 Actor Alfred Abel going into
2304 2473 2756 2516 management in Berlin.
2344 2508 2983 2563 British Movietone News in pur¬
2304 2542 2898 2578 suit of political trouble shots.
2337 2566 2998 2637 Georg Witt presenting Lil Dag-
2301 2602 2931 2649 over in I'm Marrying My Wife.“
2336 2641 2994 2692 Aafa Film Yellow Narcissus’ re¬
2294 2670 2997 2717 titled Every Woman Has a Secret.“
2337 2710 2989 2755 Anny Andrassy, sister of Maria
2309 2724 2990 2784 Oiszewska, signed with Volksoper:
2329 2762 2985 2808 Max Reinhardt interested in Ed¬
2310 2803 2989 2868 ouard Bourdet’s recent play Bad
2306 2834 2473 2889 Times.
2337 2852 2980 2914 Salzburg Fest opening delayed for
2302 2891 2992 2955 one day to mourn assassination of
2301 2932 2572 2980 Dr. Dollfuss.
2325 2954 2975 3018 After filming and straight play¬
2299 2995 2990 3057 ing here Felix Bressart will go to
2304 3038 2644 3080 London Nov. 15.
2342 3044 2992 3104 Paul Morgan signed as mic. for
2306 3095 2989 3156 newly opened Corso theatre in
2302 3128 2712 3177 Zurich, Switzerland.
2340 3145 2980 3206 Fear of Liebelei' operetta being
2292 3198 2994 3246 banned as Ministry,of War persists
2310 3227 2986 3290 in banning stage üse of old Ims
2309 3265 2629 3319 perial uniforms.
2342 3273 2985 3336 Robert Neumann and Fritz Kort¬
2312 3323 2976 3368 ner collaborating on Abdul Hamid
2311 3358 2985 3422 scenario in which the latter will
2311 3386 2808 3438 star for B.I.P. in London.
2342 3400 2994 3471 Oxford University Dramatie So-
2306 3448 2980 3501 ciety making last minute cancella¬
2304 3482 2981 3528 tion of Salzburg visit owing to
2301 3531 2870 3576 political situation in Austria.
