3484 4256
610 152 866 228 belei
524 161 564 224 1
323 151 976 267 5. E
1029 155 1447 242 box 10/3
1392 897 2487 954 stiruiren, daß Herr Colbus und seine Freunde sich mit dem
1390 949 2484 1012 bürgerlichen Gesetzbuch überhaupt nicht beschäftigen wollen, so
1388 987 2597 1053 lange die Ausnahmegesetze in den Reichslanden nicht aufgehoben] Mi
1380 1018 2600 1089 sind. Wahrscheinlich würde dann der Standpunkt der Elsaß= Rei
1380 1120 2489 1160 Wien geworden, so kalt, so klein, und so schablonenhaft erschienen:
1385 1172 2486 1228 uns die Wiener Bühnenwerke, daß Schnitzlers Schauspiel eine er¬
2494 1174 2600 1219 Sti
1376 1207 2476 1265 quickliche Ueberreschung bedeutete. Freudig Ueberraschte pflegen
1377 1252 2475 1298 sehr dankbar zu sein; und so wird an mancher Stelle heute schon
1374 1271 2476 1342 die kommende Dichtergröße Schnitzler's verkündigt. Das ist zu
1370 1323 2479 1374 viel der Verheißung, wenn es mir erlaubt ist, meiner subjektiven
1378 1353 2483 1421 Empfindung Ausdruck zu geben. Uns hier kann es gewiß freuen,
2480 1370 2548 1418 W
1381 1396 2481 1458 wenn begabte Kräfte in Wien nicht feiern, wo anderwärts am Fort¬
2487 1408 2594 1465 der
1378 1435 2475 1489 schreiten intimer, moderner Kunst gearbeitet wird. So reizvolle
1370 1477 2479 1539 Studien und Stimmungen aus dem Wiener Leben, wie in der
2483 1482 2587 1544 Nat
1368 1521 2472 1574 „Liebelei", konnten nur von einem fein poetischen Kopf ersonnen
2468 1524 2541 1592 üb
1362 1555 2468 1602 werden. Aber die wienerische, weiche, kosende Anmuth, in die
1366 1599 2589 1666 sich leichtblütiges Grisettenthum und selbst innerlich brutaleNo
1369 1634 2471 1695 Gewissenlosigkeit der Lebemannwelt kleidet, spricht da eben¬
1376 1663 2581 1733 falls mit. Im Norden tritt Beides in rauheren Formen stei
1366 1711 2480 1764 auf. Der junge Wiener Student, der in süßer Gedankenlosigkeit
1375 1750 2593 1814 frevelt wie im kindischen Spiel sündigt und zerstört, #frei
1369 1776 2567 1835 ist immer noch von einem Hauch von Liebenswürdigkeit beseelt. AnI im
1366 1831 2469 1893 seiner Stelle erscheint bei uns leicht der trotzig begehrliche Genuß¬
1365 1866 2475 1930 mensch. Sein rauheres Kraftbewußtsein enthüllt tiefer greifende und
1371 1907 2454 1955 weiter klaffende soziale Gegensätze. Vor stärkere Aufgaben, vor hef¬
1373 1937 2471 2013 tigere Lebensäußerungen, vor rauhere Euergie ist der Dichter ge¬
1364 1980 2463 2028 stellt, und der Dichter von größerer Weltauffassung wird da leichter
1371 2028 2458 2080 sich der Gefahr aussetzen, befehdet zu werden, als der zartere Geist,
1364 2053 2473 2118 der tragische Bitterkeiten weniger herb vorzutragen, sie zu versüßen
1360 2097 2381 2147 versteht. Dem Reiz des melancholiebewegten Idylls der „Liebe
1363 2135 2303 2193 verschließe ich mich nicht; aber große erschütternde tragis
1355 2180 2202 2237 erkenne ich nicht darin. Die sorgsam gefeilte dichteris
1356 2222 2141 2269 im Deutschen Theater eine ebenso sor
1354 2255 2112 2314 Trefflich gelungen war der Charakter der wien
1362 2296 2100 2343 durch Frau Schneider (Mizzi) und Herrn
1360 2344 2105 2391 Kaiser), und Agnes Sorma schuf als
1357 2378 2123 2420 von ergreifender Lebendigkeit, wiewohl zu Aufe
1358 2400 2151 2473 Unbefangenheit durch den Zwang, in Wiener Mi
1356 2447 2158 2508 gelitten hatte. — Neben der Novität wurde gest
1355 2492 2001 2534 „Zerbrochener Krug“ im Deutschen Thec
1364 2535 1975 2584 tigen, humorbeseelten Dorfrichter gal
1350 2558 1971 2621 Neben ihm erschienen die anderen Da¬
1402 2602 1977 2666 m Jubiläum der Main=Ne
2177 2611 2231 2663 4
1355 2639 2007 2701 uns aus Darmstadt vom 5. d. M.
2158 2657 2241 2705 Augli
1358 2684 2061 2733 man hier den Jubiläumstag der Betrieb
2125 2691 2231 2750 ffnung
1361 2726 2257 2776 Strecke der Main=Neckar=Eisenbahn festli
1359 2767 2311 2817 Am 16. Avril 1846 hatte die erste Probefahrt zwischen De
1365 2811 2453 2870 und Langen stattgefunden. Auf den 22. Juni fällt der Beginn
1365 2826 2521 2905 des Befahrens der hessischen Strecke von Darmstadt bis Heppen=]G
1353 2876 2452 2941 heim mit den Zwischenstationen Eberstadt, Zwingenberg und
1357 2916 2465 2981 Bensheim und von Darmstadt bis Langen, ohne Zwischenstation
1350 2959 2459 3008 Seitens der Großherzoglich Hessischen Eisenbahn=Baudirektion.
1346 2997 2457 3058 Der Zusammentritt der gemeinschaftlichen Direktion erfolgt am
1357 3033 2536 3110 11. Juli. Am 16. Juli kommt es zur Eröffnung der Strecke A
