3436 4256
237 192 816 284 5. Liebelei
422 199 1322 312 box 12)
176 1563 1601 1628 ik!“ Neu= munteren Theodor. Mit seinem rührenden Weiring schoß
176 1618 1588 1670 Faute de Desider Zador den Vogel ab. Emma Seebold war
166 1660 1589 1721 in echtes als Strumpfwirkersfrau ganz echt. Karl Armster ver¬
173 1719 1597 1755 in musika-stand es, in seinem kurzen aber sehr wichtigen Auftritt höchst
177 1746 1589 1802 brodistisch. eindringlich zu wirken. „Ein Herr“ wurde im Wiener
180 1793 1589 1853 tigen Ton Burgtheater einst von dem genialen Friedrich Mitterwurzer
171 1833 1601 1897 sthetischerdargestellt. Die paar Worte waren eine unvergeßliche
184 1887 1594 1935 eschrieben Leistung. Die Novität war von Direktor Gregor geschickt
175 1930 1591 1975 sichtslosen inszeniert. Die Dekorationen sind sehr hübsch. Besondere
181 1965 1595 2028 hnitzel des Aufgaben gibt es da nicht zu lösen. Reznicek dirigierte.
176 2009 1603 2071 enWiener Das Orchester war durchgehends viel zu laut. Die Sing¬
177 2047 1593 2108 teut. Hier stimmen trieben manchmal ganz hilflos auf dem empörten
375 2097 1602 2153 Orchesterozean herum. Es gab viel Beifall, besonders nach
381 2146 1591 2197 dem 2. Akt für Maria Labia und Nadolovitsch, die ihr
180 2173 1605 2238 schon, ist Letztes an Stimme und Elan hergaben. Mit den Haupt¬
187 2205 402 2277 en zusam¬
386 2230 1602 2276 darstellern wurde auch der Komponist, der Direktor und
176 2258 1625 2342 di. Aber der Dirigent hervorgerufen. Die Oper wird sehr bald in
180 2290 388 2358 n Schritt¬
392 2319 959 2387 den Archiven verschwinden.
186 2335 387 2403 atztechnisch
193 2388 332 2436 neben
188 2430 397 2494 der Fuge
176 2470 391 2529 nter dem
177 2513 393 2580 Harmo¬
174 2562 397 2620 hanisieren¬
174 2606 393 2661 das große
189 2645 396 2707 m besten
201 2692 376 2751 der auf¬
192 2733 386 2798 nn Mizzi
177 2849 274 2910 liegt
189 2871 336 2950 quält
203 2934 381 2998 sten Wir¬
277 2986 388 3036 einer
254 3024 399 3085 letzten
278 3069 383 3125 Fräu¬
223 3111 305 3167 rin
315 3110 397 3167 hin,
288 3199 386 3256 ollen.
2667 1482 3076 1582 Telephon 12.801.
2117 1627 2863 1735 „OBSERVER
1953 1700 3063 1795 1. österr. beh. konz. Unternehmen für Zeitungs¬
2168 1766 2866 1839 Ausschnitte und Bibliographie.
2130 1820 2919 1911 Wien, I., Concordiaplatz 4.
2362 1891 2691 1960 Vertretungen
1963 1931 3065 1992 in Berlin, Brüssel, Budapest, Chicago, Cleveland, Christiania,
1971 1977 3071 2035 Genf, Kopenhagen, London, Madrid, Mailand, Minneapolis,
1964 2011 3091 2081 New-Vork, Paris, Rom, San Francisco, Stockholm, St. Peters¬
2365 2064 2673 2118 burg, Toronto.
2323 2098 2733 2170 (Quellenangabe ohne Gewähr.)
1966 2160 2370 2245 Ausschnitt aus:
2346 2187 2938 2281 Pesti Napló, Budapes
2223 2270 2494 2368 Lektelr
1973 2295 2208 2383 vom 1
2118 2387 3073 2485 (*) A „Liebelei“ mint opera. Berlinböl täviratoz¬
2026 2452 3064 2546 zäk: Erös külsó sikere volt a berlini, Vigoperában
2044 2514 3070 2569 Nauheim „Liebelei“ cimü operájának, amelynek
2030 2572 3073 2639 cselekmenge Schnitzler Arthur hasonló cimü
2035 2632 3063 2693 darabjäból készült. A sikerben Schnitzlernek is része
2042 2685 3066 2739 volt. A külsöségekkel dolgozó, de nagyon ügyes és
2035 2735 3070 2803 csalhatlan szinhäzi ösztönnel irt muzsika tisztán
2036 2774 3067 2851 illuszträlölag hatott. Ez volt az utolsó eiöadäs, mely
2029 2847 3050 2919 a Vigoperäban Gregor igazgató rendezésében kei
2040 2901 3065 2988 rült szinre. Az utolsó felvonäs utän ôt is kitapsoltäh
2039 2953 2313 3016 a szinpadra.
