3436 4256
429 205 731 282 Tebele
228 188 1360 318 5. „ box 12/7
1731 154 2896 200 ßen, mehr als eine bessere Hanswurstiade war es niemals
1743 187 2909 237 was man diesem außerordentlichen Schauspieler zudache
1829 223 2909 281 Jetzt hat ihn der neue Burgtheaterdirektor mit de
1740 265 2909 325 herztem Zugriff für das Hofburgtheater gewonnen. E
1740 328 2910 376 sagte sich: Ich will Raimund spielen, ich will das Volks
1746 351 2908 423 stück pflegen. Dieser ist mein Mann. — Jetzt wird es sio
1746 389 2912 465 zeigen, daß für einen Girardi gar keine neuen Rollen ge
1749 437 2915 517 schrieben werden brauchen, sondern daß sich in jeden
1749 496 2911 563 guten, wirklichen Volksstück eine Girardirolle findet. Zu
1747 536 2911 585 nächst kommt ja wohl Raimund in Betracht, auf desse
1752 581 2909 638 Eigenart Girardis weiches, österreichisches Wesen so außer
1745 615 2915 674 ordentlich paßt. Seinem berühmten Valentin wird jetz
1750 670 2915 727 der Künstler noch manche andere von Raimund erdacht
1754 711 2908 753 Gestalt anreihen können. Auch bei Nestroy wird er manch
1742 731 2913 795 dankbare Aufgabe finden. Was alles nicht sagen will, da
1744 785 2917 857 er in klassischen Stücken in der Tat anverwendbar sei
1745 830 2923 908 Warum sollte er et## nicht den Hi mnusikus Miller in
1761 874 2918 938 „Kabale und Liebe“ spielen können? Es würde an einen
1759 922 2926 972 Hofburgtheater gar nicht störend wirken, wenn er der
1768 969 2923 1021 Miller mit einem leisen dialektischen Anflug spreche
1761 1001 2914 1063 ließe. Man hat in der letzten Zeit ohnedies — und siche
1754 1042 2922 1109 nicht mit Unrecht — darüber geklagt, daß am Hofburg
1762 1091 2923 1149 theater imfolge vieler Neuengagements von reichsdent
1763 1134 2923 1199 schen Schauspielern das spezifisch reichsdeutsche Spreche
1764 1174 2927 1248 allzu sehr überhand nehme. Mit Girardi wird ein starke
1769 1224 2920 1278 österreichischer Ton in das Haus kommen. Wir müssen ge
1765 1267 2934 1325 stehen: Wir wissen nicht, ob er reines Hochdeutsch zu spre
1757 1306 2929 1373 chen instande ist. Aber wir würden es gar nicht für ein
1764 1362 2885 1437 großes Unglück halten, wenn er es nicht imstande wäre.
1850 1390 2937 1455 Den Hauptnutzen, den die Gewinnung dieses Schau
1757 1446 2923 1512 spielers dem Hofburgti,eater bringen wird, etblicken wi
1769 1480 2937 1547 aber in dem Umstand, daß sich der neue Direktor dadurd
1769 1540 2944 1582 offensichtlich die Verpflichtung auferlegt, dem Volksstü¬
1762 1558 2936 1631 wieder einen breiteren Raum zu öffnen. Um das Volks
1767 1613 2931 1681 stück war es im Hofburgtheater in den letzten Jahrei
1761 1659 2939 1724 schlecht genug bestellt. Mancherlei, was Schnitzler schrieb
1774 1704 2938 1767 gab sich den Anschein des wienerischen Volksstückes. Abe
1777 1746 2941 1805 wie unwienerisch ist doch dieser Dichter im Grunde seine
1778 1801 2934 1856 Wesens, wie volksfremd ist doch seine Art zu denken, wi
1777 1830 2942 1903 ferne liegen doch unserem wirkliche, seiner Rasse durd
1774 1878 2935 1940 unübersteigliche Schranken des Blutes unzugängliche
1765 1927 2939 1976 Volke seine erklügelten, schwülen Probleme! Der neuerer
1778 1967 2941 2037 magyarischen Dichtung ist auf dem Burgtheater in de
1775 2005 2933 2084 letzten Zeit mehrfach Unterstind geboten worden, wahrlic
1767 2056 2940 2115 nicht zum Besten dieser Bühne. Nur für das deutsch
1779 2104 2937 2161 österreichische Volksstück ist nichts geschehen. Schönhern
1780 2143 2947 2202 Stücke, so treu und stark im Dialekt und in der Beibehal
1777 2186 2942 2244 tung bäuerlicher Umwelt, können in der literarischen Aus
1785 2228 2966 2297 gemessenheit ihrer Prohleme und in ihrer, von natürliche
1786 2271 2949 2342 Naivität meilenfernen Bewußtheit sicher nicht als Volks
1782 2320 2943 2389 stücke in wahrem Sinne angesprochen werden. Nein, in
1781 2365 2988 2448 Dichtungen dieser Art wird Girardi nicht zu verwender
1787 2440 2965 2530 sein. Er wird nur dann an seinem rechten Platze stehen,
1787 2494 2964 2573 wenn ihm seine Rolle gebietet, das wirkliche, echte Wesen
1783 2535 2953 2613 des österreichischen, deutschen, christlichen Volkes aufzu¬
1780 2583 2962 2653 zeigen, ein Wesen voll Treuherzigkeit, voll Gemütstiefe,
1774 2626 2935 2696 voll weicher Zugänglichkeit für Tränen und Lachen. Es
1767 2652 2965 2726 ist nicht einzusehen, warum Stücke, die in diesem Sinne
1770 2715 2956 2803 „Volksstücke“ sind, Stücke, die nicht bloß vom Volke son¬
1774 2752 2948 2834 dern aus dem Volke heraus sprechen, vom Hofburgtheater
1777 2802 2939 2875 verbannt und der Vorstadtbühne überantwortet sein soll¬
1764 2847 2959 2924 ten. Gewiß, das Fiakerlied braucht auf den Brettern des
1764 2886 2952 2970 Burgtheaters nicht gesungen zu werden. Daß Dudeln
1768 2936 2944 3004 und Schnalzen nicht die einzigen Ausdrucksmittel sind,
1768 2967 2943 3041 um deutschösterreichisches, oder im besonderen: wienerisches
1769 3023 2942 3081 Gemüt darzustellen, das zu beweisen wird jetzt Girardis
1770 3063 2940 3139 Aufgabe in seinem neuen Wirkungskreise sein. Und un¬
1766 3108 2950 3185 schwer kann es geschehen, daß die Berufung dieses Künst¬
1761 3139 2944 3243 lers an die erste Bühne des Reiches auch einen erfreulichen
1767 3199 2938 3264 Aufschwung der volksstückmäßigen Dichtkunst zur Folge
1753 3227 2944 3307 hat, daß sich nun ernste und wahre Dichter wieder dem
1755 3273 2934 3358 Volksstück zuwenden, dessen Betreuung in den letzten
1752 3327 2932 3417 Jahren im wesentlichen dem Herrn Vernhard Buchbinder
1762 3347 2103 3434 überlassen war.
1839 3427 2942 3504 Spät kommt die Berufung Girardis. Steht der
1745 3440 2949 3555 Künstler doch heute im 67. Lebensjahre. Wäre ein früherer
1753 3506 2930 3587 Direktor auf den Einfall gekommen (der so nahe lag, daß
1745 3560 2938 3633 man wohl besser sagen kann: hätte ein früherer Direktor
1753 3595 2924 3679 den Mut aufgebracht), so hätte sich der Künstler in der
1741 3630 2925 3710 Vollkraft seines Schaffens dem Hoftheater widmen kön¬
1750 3684 2923 3759 nen. Das ist nun freilich versäumt. Damit soll jedoch
1744 3721 2909 3792 nicht gesagt sein, daß die Berufung Girardis zu spät
1746 3762 2910 3835 komme. In den spätesten Früchten des Herbstes ruht ja
1742 3796 2912 3902 die größte Süßigkeit, sie wurden ja von der längsten
1735 3849 2076 3928 Sonne gereift.
