3436 4256
289 150 698 225 Liebelei
840 142 1267 246 box 12/8
723 526 1151 653 SaenuehARadn
804 648 947 756 □
1200 680 1296 736 4
884 643 1233 791 A
393 752 1255 842 anSaersegroriense Aruwes-aunschbirr.sdae
408 814 1272 902 Berlin S0 16 7 Rungestrasse 22-24
894 889 1026 971 anenheen
396 959 1259 1094 Berliner Tageblatt
617 1062 989 1156 Abend=Ausgabe
545 1133 1137 1219 Ausschnitt aus der Nummer vom:
768 1199 1090 1312 10 K7.1900
686 1222 754 1314 1
331 1367 1188 1560 . „Christine“ und „Lore“
655 1461 1006 1548 Könstlertheater.
275 1493 1445 1616 Was die Dorsch als ein süßes Mädel von Schnitzler und als ein
244 1550 1446 1669 herberes Mädel von Hartleben gibt, soll noch im einzelnen gesagt
243 1603 1440 1706 werden. Sie hat Menschen wiederum erschüttert. Sie dankten ihr
1239 1646 1442 1731 K
234 1692 437 1760 stürmisch.
1270 2450 1339 2537 #
484 2439 1191 2575 geots semsenknbaden
714 2515 1316 2669 EE
345 2522 432 2658 2
404 2658 1271 2773 on Gaares ssursente trIvuNos-AusSennurrendae
403 2717 1263 2826 BERLIN SO 16, RUNGESTRASSE 22-24
321 2783 1332 2885 Bearbeitet die deutsche und ausländische Presse auch auf Inserate.
322 2827 1336 2921 Liefert Listen über geplante Bauten aller Art, Geschäftseröffnungen.
660 2883 987 2948 Festlichkeiten usw.
678 2938 1340 3052 Der Westen. Perliea- Wiimersdert
320 2996 539 3095 Zeitung:
327 3119 548 3195 Adresse:
824 3135 1275 3267 à70Kr. 182
861 3256 1101 3329 Theater
445 3301 1580 3379 Im Deutschen Künstlertheater kam gestern Abend Arthur
380 3355 1580 3436 Schnitzlers „Liebelzi“ zur Erstaufführung. Es ist kein weltbewegen¬
380 3387 1580 3469 des W ja die heiden ersten Akte langweilen geradezu. Aber sie
379 3428 1567 3510 sind ja nur die vorbgreitenden für den dritten, in dem dann die
379 3478 1577 3543 ganze Wucht de#' Tragischen auf einem einstürmt. Hier im 3. Akt
376 3522 1576 3592 zeigt sich dennnuch erstadas Können von Käthe Dorsch, die die
381 3559 1566 3632 Hauptrolle spielte hund Zum Schluß den Dank der Hörerschaft ern¬
378 3595 1569 3668 tete. Emil Lindhat häs Stück nicht übel in Szene gesetzt. Er gab
365 3633 1571 3714 außerdem den gen Volinspieler meisterhaft. Der schwierigen Rolle
366 3671 1577 3742 des Fritz Lobhsimer wurde Anton Edthofer einigermaßen gerecht.
364 3707 1573 3794 Zur Füllung des Abends gab es Hartlebens „Lore“, in der Käthe
376 3737 1579 3822 Dorsch Gel genheit hatte, ihr gutes Können von einer andern Seite
366 3798 1584 3881 zu zeigen. Ihr Temperament riß auch hier mit fort. Walther
368 3833 963 3894 Steinbeck spielte den Vetter gut.
2456 929 2709 1011 WesEeMrraa dao
2421 1000 2541 1071 trass
1882 1500 2722 1625 Schnitzler: „Liebelei“.
2118 1611 2467 1690 Künstlerthealer.
2647 1599 2757 1765 7
1847 1711 2499 1789 In Schnitzlers Meisterwerk erschien
1906 1762 2681 1832 Die Dorsch Sie ... lebte die Christin'.
1854 1813 2770 1888 Man schaut sie schlicht beim Nachtmahl sitzg —
1909 1865 2482 1918 Wie selig bald und zagend bald
1843 1908 2490 1973 Guckt sie nach ihrem Liebesfritzen.
1913 1914 2658 2013 (Bezaubernd. Mädl. Volksgestalt.)“
1846 2016 2563 2070 Man denkt im Lauf des zweiten Aktes
1913 2066 2575 2116 (Als Dämmerung sie halb umfing):
1848 2104 2459 2164 Sie hat ein bisl was Kompaktes
1906 2128 2615 2214 Im Bau — sie ist kein zartes Ding
1973 2178 2620 2244 Doch bei dem Blinken eines Blicks
1971 2226 2620 2305 Fühlt jeder still: das macht ja nix.
2255 2292 2342 2349 II.
1860 2324 2623 2405 Hernach, vom Schicksalshauch umflossen,
1911 2365 2674 2438 (Die Luft wird grau, die Stimme grell)
1863 2420 2558 2484 Erfährt sie, daß ihr Fritz erschossen;
1912 2475 2404 2535 Für eine andre; im Duell.
1852 2517 2546 2572 Mit was Verschlucktem in der Kehle
1910 2564 2786 2640 Steht sie und horcht ... Dann bricht sie aus.
1862 2610 2520 2685 Sie schreit sich alles von der Seele.
1905 2642 2679 2712 Da geht ein Schluchzen durch das Haus.
1971 2702 2680 2749 Und quillt bis zu des Daches Säulen.
1972 2738 2651 2815 Sogar die dicksten Schieber heulen.
2252 2805 2359 2866 III.
1862 2839 2658 2920 Deutschland! Von Feinden toll umtost, —
1913 2895 2572 2948 Wie wenig Dir die Welt auch ließ,
1861 2946 2465 2989 Du findest eine Spur von Trost
1911 2973 2535 3037 Im Menschenwunder des Genies.
1848 3025 2566 3093 In einer Zeit von schlimmster Güte,
1918 3081 2642 3143 O Zeit der Drangsal und des Trugs,
1865 3116 2570 3184 Stärkt sich das Herz an dieser Blüte,
1917 3163 2555 3236 Die aus dem Heimatboden wuchs,
1977 3190 2693 3268 Man weiß (wieviel uns auch geschah):
1981 3245 2725 3334 Zr könnt uns gern. Wir sind noch da.
2585 3293 2914 3389 Altred Kar
2210 3312 2582 3428 ——
