3484 4224
250 179 805 272 5. Liebelei
890 181 1397 294 box 12/1
434 226 839 310 — 1 —  — 1 1
1144 1765 1348 1867 1¾
703 1774 1065 1884 „Liebelei.“
535 1777 659 1874 □
466 1839 1336 1931 Drama in drei Akten von Artur Schnitzler.
607 1912 1178 1988 Musik von Franz Neumaiii.
372 1964 1399 2058 Erstaufführung in der Komischen Oper.
330 2042 1450 2145 Tarf man von einer ganzen Berufsklasse sagen, sie
425 2106 1442 2173 sei unintelligent oder wenigstens über das eigent¬
328 2149 1455 2226 liche Wesen ihres Berufs und seine Möglichkeiten nicht
338 2207 1443 2267 orientiert? Ich glaube, man darf nicht. Wenn es
338 2254 1455 2317 aber doch anginge, so möchte ich es vom Durchschnitt
331 2303 1448 2368 der modernen Opernkomponisten behaupten. Denn
338 2349 1448 2408 diese seltsame Menschengattung scheint aus Erfolgen
339 2408 1442 2467 und Mißerfolgen — rein künstlerischer Art, meine ich —
332 2447 1444 2514 keine Lehren und Erfahrungen ziehen zu können,
338 2499 1444 2563 sondern starrt hypnotisiert auf einen blanken Knopf,
335 2549 1453 2607 der „Konversationsoper“ heißt, und schreibt ohne Unter¬
340 2587 1462 2667 laß Stücke, die vollkommen gegen den Geist der Musik
332 2651 1442 2708 gerichtet sind. Man möchte bei diesen Komponisten
336 2698 1442 2776 fast von einer Perversion der natürlichsten musikalischen
333 2745 652 2808 Triebe reden.
369 2788 1438 2853 Was hat es für Sinn, über ein beliebiges Prosa¬
338 2829 1443 2899 stück wie über einen fertigen Pudding eine beliebige
337 2885 1469 2949 musikalische Sauce zu gießen? Es kann doch im
342 2925 1442 3011 Ernst niemand glauben, daß die Sache dadurch schmack¬
338 2988 1446 3045 hafter würde, wo so viele Beispiele zeigen, wie höchst
332 3035 1454 3100 schädlich eigentlich in allen Fällen dies Verfahren wirkt,
333 3087 1453 3165 wie die Eindruckskraft des Dramas durch die musika¬
2602 1753 3386 1830 wir auch noch auf Keller und andere.
1472 1770 2570 1825 lische Zutat nicht erhöht, sondern verringert wird. Der
2597 1809 3393 1861 schon so weit sind, warum sollte dann
1472 1813 2578 1873 Dialog wird undeutlich, die Zeitdauer unsäglich ver¬
2603 1855 3392 1926 noch erweitert werden? Welche Aus
1478 1856 2588 1925 längert, die Schlagkraft also abgeschwächt. Nur wenn
2604 1902 3393 1979 sich hier? Denn es liegt kein Grun
1476 1906 2567 1971 die Musik etwas ganz Eigenes und Starkes hinzu¬
2602 1946 3388 2016 schaftliche Werke zu verschonen, und so
1484 1963 2574 2008 bröchte, könnte sie das Drama als Kunstwerk erhöhen,
2597 2007 3386 2065 Schopenhauers „Parerga“ komponier
1475 2002 2580 2060 aber dazu fehlt es erstens an Zeit, denn melodische
2591 2061 3380 2135 zu Erich Schmidts Lessing=Biographie
1469 2059 2574 2124 Oasen würden die dramatischen Angelegenheiten nur
2602 2100 2818 2171 weit sein.
1474 2101 2577 2166 weiter aufhalten, und zweitens haben manche Kom¬
2641 2140 3391 2215 Doch ich muß wohl endlich zur üb
1466 2150 2566 2218 ponisten die Eigentümlichkeit, daß ihnen Starkes und
2602 2200 3369 2258 kommen und muß mich hier nun
1468 2205 2571 2269 Eigentümliches immer dann nicht einfällt, wenn sie
2596 2253 3368 2320 verwundern, daß es einem Musiker
1462 2251 2577 2318 es gerade brauchen könnten. Selbst bei geringer
2604 2294 3395 2360 die dünnen Adern dieses weichen wie
1473 2291 2576 2374 überlegung müßte sich diese Sachlage dem Beobachter
2593 2348 3401 2414 chens dickes musikalisches Blut zu trans
1476 2343 2579 2413 eigentlich aufdrängen. Aber nein! Blind und taub
2597 2397 3390 2461 muß das arme Wesen ja notgedrungen
1468 2403 2576 2466 scheinen diese Musikanten zu sein, blind und taub
2597 2442 3391 2509 zugrunde gehen. Diese Alltagskon
1472 2440 2575 2500 trottet einer hinter dem andern her und merkt nicht,
2610 2493 3387 2551 süße Getratsch hin und her in Musik
1477 2488 2578 2573 daß die Vorgänger geräuschlos in den Abgrund ge¬
1484 2543 1723 2610 fallen sind.
2612 2543 3389 2607 ist denn der alte Herr da auf dem Of
2596 2591 3071 2666 ist doch der Schubert.“
1508 2564 2577 2668 Rätselhaft wird es nur bleiben, warum gerade das
3145 2593 3377 2654 „So, so,
2605 2620 3389 2705 „Freiln Christin', haben's nicht ein
1468 2643 2571 2701 Drama, diese so überaus empfindliche Kunstgattung,
2601 2691 3389 2748 Oder so — und dazu Musik! Es ist
1471 2692 2572 2744 Gegenstand solcher Experimente werden konnte. Wer
2591 2734 3404 2809 barbarisch und wirkt auf den geschmack
1475 2753 2578 2807 nicht gering genug von den Musikern denkt, um anzu¬
2597 2785 3390 2855 unwiderstehlich komisch. Aber nur am
1471 2793 2572 2852 nehmen, daß sie es nur aus Tentiemenhunger tun,
2595 2825 3398 2892 her wird es unwiderstehlich langwei
1474 2834 2577 2897 steht hiervor fassungslos. Es fällt doch auch keinem
2600 2884 3393 2951 hat der Komponist Talent, was sich beso
1475 2891 2576 2949 ein, eine Novelle von Gottfried Keller oder Paul
2599 2930 3405 2991 Akt zeigte. Möge dem Talent der Ge
1468 2921 2576 2994 Heyse unter Musik zu setzen, warum denn gerade ein
2611 2985 2990 3048 Zeit nachwachsen.
1464 2994 2567 3045 Prosaschauspiel? Freilich, man soll nichts verreden.
2637 3023 3397 3099 Ja, wiederum ein totgeborenes Kind
1476 3033 2576 3098 Ich denke eben daran, daß ja schon Grimmsche
1465 3053 3405 3144 Märchen verbotenus komponiert sind, vielleicht kommen die gute Darstellung nichts ändern, an
