3484 4224
453 166 812 246 Liebelei
290 165 1420 274 5  box 10/2
1776 648 1940 734 G—
783 653 1350 735 Beil. z. Boh. Nr. 50.
2017 673 2312 743 Seite 3.*
1675 771 2704 839 lich charakterisirt, und Herr Schmidt. der Stimmungjh
1043 778 1366 868 Theater.
1704 822 2628 882 in die kurze Sceue der erbitterten Herausforderung
814 863 1681 929 ** Neues deutsches Theater. („Liebelei“
1698 871 2624 926 bringt, Gelegenheit, sich hervorzuthun und den inner¬
730 898 1677 968 mit Frl. Antonie Roll und Hermann John a. G.)
1699 914 2648 988 lichen Reichthum des Schanspiels zur Geltung zu
726 961 1687 1014 Das Stück Schnitzlers bewahrt seine volle Wirkung
1700 966 2641 1033 bringen. Zur Ausfüllung des Abends wurde der ver¬
726 1004 1677 1074 über den Reiz der Neuheit hinaus; es ist tief em¬
1701 988 2647 1078 altete Einacter „Er ist nicht eifersüchtig“ von
723 1052 1678 1107 pfunden und fein durchgeführt, es vereinigt die Kunst,
1701 1047 2709 1126 Elz gegeben, ein Stückchen, dessen Technik ein mo¬4
733 1104 1685 1159 die Accente des Lebens zu erlauschen mit der dichteri¬
1704 1106 2643 1167 dernes Publicum gar zu primitiv anmuthet und dessen
727 1150 1683 1199 schen Kraft, in der Tiefe der Gemüther zu lesen. Von
1710 1151 2629 1223 Dialog mit allzu bescheidenen Hausmitteln arbeitet.
734 1203 1680 1256 den beiden neuen Gestalten, die vorgestern in dem er¬
1705 1193 2636 1266 Herr Löwe, Frl. Dienstl, Herr v. Wymetal und
731 1243 1676 1302 greifenden Schauspiel erschienen, hatte Fräul. Antonie
1707 1245 2626 1318 in zweiter Linie Herr Grauert brachten die unge¬
737 1295 1679 1349 Roll, die als Christine zum zweiten Male auftrat,
1697 1298 2631 1359 salzenen Spässe so munter wie möglich und riefen
730 1339 1674 1400 kein leichtes Spiel. Frl. Fasser, welche die Rolle hier
2442 1342 2599 1422 A. 8.
1697 1341 2280 1404 auch ein gnädiges Lachen hervor.
725 1387 1693 1451 regelmäßig gibt, ist die reifere Schauspielerin und be¬
730 1438 1695 1486 sitzt eine ganz besondere Gabe, die Schlichtheit der
1889 1463 2424 1539 Volkswirthschaftliches.
738 1485 1690 1536 Charaktere, welche sich in engen Verhältnissen entwi¬
734 1530 1690 1583 ckeln, zu veranschaulichen. Ihre „Christine“ bringt den
1798 1523 2643 1597 —4—. Gewerberegister. Hr. Eduard Bondy:
1702 1575 2629 1626 Korbflechtwaarenhandlung in Prag am Poritsch Nr.
733 1575 1676 1634 Hauch der kleinbürgerlichen Welt auf die Scene, ge¬
1695 1618 2627 1665 1073—2 alt, 11 neu, Eck der Goldschmiedgasse Nr. 1.
722 1625 1670 1686 mahnt im Aussehen, in der Bewegung und in der
1727 1661 2626 1703 Hr. Wenzel Vanikek als Stellvertreter des Hrn.
722 1665 1689 1734 Sprechweise an diesen Bereich, in dem zwischen den
1707 1694 2633 1745 Franz Fanta: Gast= und Schankgewerbeconcession
730 1718 1684 1777 vier Pfählen so mauche stille Heldenthat verrichtet
1703 1738 2620 1783 im Hause Nr. 752—1 alt, Castulusgasse Nr. 14 neu.
2637 1721 2739 1798 7e
1742 1780 2626 1825 Frau Marie Vachaans Nr. 801—1, Gemeindehof¬
726 1772 1692 1823 wird, und tritt mit ihrer reinen Empfindung, ihrem
2644 1781 2752 1858 Ka.
1702 1811 2623 1859 gasse Nr. 6: Betrieb des Handels mit Obst, Kerzen,
720 1826 1680 1878 Leid und ihrer Verzweiflung nicht aus dieser Lebens¬
2638 1850 2751 1900 Gest
1701 1851 2628 1897 Kise, Erdäpfeln, Bäckerwaaren und anderen Victualien
724 1862 1675 1920 sphäre hinaus. Die Christine des Frls. Roll hält den
2638 1884 2750 1942 Ven
1694 1879 2628 1931 im Hause Nr. 802—2 alt, am Wenzelsplatz Nr. 60,
723 1919 1682 1967 Vergleich mit dieser fein charakterisirten Gestalt nicht
1693 1922 2242 1978 Smeckagasse Nr. 36 neu. —
2243 1924 2627 1977 Hr. Franz Hansl,
2637 1928 2759 1978 man
1702 1965 2624 2005 Bäckermeister in Prag, Sluppergasse Nr. 1553—2:
720 1956 1671 2015 aus; sie war wohl spmpathisch und verfehlte nicht eben
1704 2000 2628 2052 Verkaufslocale im Hause Nr. 378, 379—1 alt. am
721 2002 1669 2060 die Umrisse der Charakterzeichnung; aber die lässige
2637 1996 2768 2081 Zei
1696 2034 2628 2083 Brückel Nr. 10 un 12 neu. — Frau Anna Trojan
724 2050 1668 2105 Anmuth, mit der sie den ersten Act spielte, erinnerte
1697 2074 2624 2130 aus Nr. 820—1, Barmherzigengasse Nr. 5: Betrieb
720 2100 1672 2152 mehr an das Boudoir als an die Mansarde, und der
1693 2108 2637 2169 des Handels mit Wäsche, Schmitwaaren, Damen¬
734 2156 1681 2211 große Affect des letzten Actes stürmte mit seinem
1691 2136 2769 2228 schürzen, Röcken u. dgl. im Hause Nr. 818—1 alt, Eck 17
1697 2188 2635 2239 derselben und Ziegengasse Nr. 9 und 24 neu. — Hr.
719 2197 1671 2245 lauten Pathos in die der Schlichtheit fern liegende
1699 2223 2628 2273 Franz Burda aus Nr. 996—1, Geistgasse Nr. 4:
731 2246 1667 2295 Welt des getragenen Dramas hinein. Sieht man von
1687 2263 2635 2320 Weiterbetrieb des Riemergewerbes im Hause Nr. 901—1
726 2292 1671 2343 den eigenthümlichen Forderungen der Rolle ab, die
1689 2308 2635 2361 alt, Josefstädterstraße Nr. 45 neu, Kirchengasse Nr. 4.
732 2328 1669 2399 Frl. Fasser weit besser erfüllt, und betrachtet die Dar¬
1749 2343 2630 2390 Hr. Johann Bärta aus Nr. 251—1 am Beth¬
1686 2384 2627 2436 lehemsplatz, Liliengasse Nr. 2: Betrieb des Schneider¬
720 2392 1675 2444 stellung lediglich als Debut im Conversationsstücke, so
1694 2416 2498 2471 gewerbes in Holleschowitz=Bubna Nr. 748—7.
720 2434 1674 2482 stellt sich das Urtheil weit günstiger. Fräul. Roll be¬
1687 2461 2630 2508 Johann Hampl in Nr. 453—3, Aujezderstraße Nr.
717 2479 1676 2538 wegte sich natürlich, ließ in der Prosarede, die ihr
1688 2505 2627 2548 32: Handelsgewerbe ohne Beschränkung auf bestimmte
720 2527 1665 2578 offenbar mundgerechter ist als der Vers, keine Hem¬
1684 2540 2635 2590 Waarengattungen, deren Verkauf im freien Verkehre
1684 2575 2628 2625 nicht an eine besondere concessionirte Bewilligung
730 2584 1670 2625 mungen merken, fand in einigen Momenten des ersten
1684 2604 2632 2663 gebunden ist, im Sinne des § 38, Abs. 1 der Gew.=
732 2621 1675 2670 Actes und in der Liebesscene des zweiten weiche, innig
1696 2644 2634 2690 Ord. — Hr. Johann Cipra: Concessionirter Aus¬
723 2669 1671 2735 beseelte Töne der Empfindung und gab im letzten Auf¬
1697 2689 2628 2737 schank von Bier, Wein, gebrannten geistigen Getränken
716 2716 1666 2775 zuge — wenn auch der pathetische Ton verfehlt war — doch
1684 2722 2622 2772 mit Ausschluß des Branntweines, Verabreichung von
1685 2750 2635 2821 Speisen, Chocolade, Thee, Kaffe., anderen warmen
721 2767 1676 2814 eine achtbare Probe des Temperaments u. der stimmsichen
1684 2793 2615 2847 Gtränken und Erfrischungen und Haltung von erlaub¬
724 2817 1661 2874 Kraft. Sie ist Alles in Allem eine Wrdende von unge¬
1682 2838 2458 2883 ten Spielen am Johannesplatz Nr. 1033.—1.
719 2858 1671 2916 wöhnlich schönen Mitteln, somvathischem Wesen und un¬
723 2906 1666 2962 verkennbarem Talent, die unter guter Führung sich
1684 2920 2618 2988 Aus dem Amtsblatte der „Prager Zeitung.“
718 2953 1679 3013 künstlerisch entwickeln dürfte — mit der ganzen Ver¬
1960 2953 2332 3014 (Vom 18. Februar.)
1745 2993 2619 3049 Erledigt. Poststalldienst in Arnau (Bezirks¬
712 2995 1681 3060 antwortung und Wucht eines großen Rollenkreises
1692 3037 2620 3080 hauptmannschaft Hohenelbe), Cantion 500 fl. — Feil¬
714 3050 1671 3110 dürfte man freilich ihre bildungsfähige Jugend noch
1692 3077 2624 3129 bietungen. In Hlinsko. Realität Nr. 95 in Hlinsko
2645 3016 2752 3147 C
714 3087 1665 3147 nicht belanen, sondern ihr Gelegenheit geben, schritt¬
1683 3107 2618 3169 sammt Grundstück der Eheleute Josef und Anna Vasek,
726 3145 1660 3198 weise vorwärts zu kommen und die Behandlung jeder
1684 3148 2050 3203 31. März, 1. Mai.
2051 3158 2619 3206 — In Hochstadt a. d. Iser.
1680 3184 2619 3238 Realität Nr. 129 in Paseka des Johann Kucera
718 3180 1663 3241 Rolle zu vertiefen. Hr. John gab den Fritz mit un¬
2635 3199 2763 3275 das
1686 3233 2364 3277 (1229 fl. 8½ kr.), 26. März, 26. April.
2383 3228 2618 3281 In Jung¬
715 3241 1665 3294 verkennbarer schauspielerischer Intelligenz; er bemühte
1685 3270 2623 3324 wozitz. Realität Nr. 29 in Woldrichow des Josef
724 3285 1667 3337 sich nicht ohne Erfolg, das Unsichere, Verwöhnte und
1685 3304 2616 3356 und der Anna Konopasek (5349 fl. 79 kr.), 26. März.
729 3332 1671 3390 Best mmbare des blutjungen Lebemannes zu charak:
1728 3344 2619 3384 In Karolinenthal. Haus Nr. 43 in Unter¬
1684 3380 2611 3430 Pocernitz des Thomas Polanecky (869 fl. 20 kr.),
722 3382 1660 3436 terisiren, der ohne rechtes Gefühl der Verantwortung
1686 3416 2608 3458 24. März, 27. April. — In Katharinaberg. Rea¬
727 3427 1665 3474 in eine tragische Schuld hineingeräth, und fand man¬
1681 3456 2615 3504 lität Nr. 6 in Rudol'sdorf des Josef Kuob (1218 fl.
725 3477 1655 3521 chen guten Ton für die Beklommenheit und Zerstreut¬
1687 3492 2612 3542 20 kr.), 8. Apfil, 11. Mi. — In Mirowitz. Reali¬
2630 3468 2774 3576 MEI
725 3521 1666 3572 heit des Geängstigten und für die Stimmung des
1678 3535 2620 3584 tät Nr. 31 in Cerhonitz des Franz Vancëek (13.481 fl.
2646 3558 2776 3621 Näh
1683 3573 2614 3621 92 kr.), 24. März, 24. April. — In Nepomuk.
714 3574 1666 3625 Todtgeweihten, der sich sammeln möchte und das ver¬
2664 3603 2758 3654 ber
1680 3606 2626 3678 Realität Nr. 18 in Petrowitz sammt drei Grundstücken
723 3612 1671 3682 zehrende Gefühl der Reue und der Sehnsucht nach dem
1685 3646 2617 3687 des Josef und der Anna Bruha, 23. März, 23. April.
724 3678 1675 3726 warmen Leben doch nicht verbergen kann. In solchen
1725 3694 2610 3741 In Nimburg. Grundstück in B bnitz der Con¬
2619 3670 2765 3756 DRI
710 3713 1660 3758 Zügen und Tönen sprang Talent hervor, aber doch
1688 3725 2563 3765 cursmasse des Jonf Nejbet. 22. März, 24. April.
2644 3738 2765 3797 Hlat
1680 3759 2606 3808 In Opoëno. Realität Nr. 42 in Wal (850 fl.
710 3759 1665 3806 noch keine ausgereifte Kunst, die das Spiel gleich¬
2647 3778 2757 3828 Les
1683 3790 2238 3853 76 kr.), 10. März, 10. April.
2236 3796 2619 3854 — In Pardubitz.
723 3806 1663 3864 mäßg beherrscht. Eine gewisse Sprödigkeit des We¬
2644 3815 2761 3867 Licl
1686 3831 2613 3886 Realität Nr. 28 in Wosicka des Franz Buben¬
2653 3858 2761 3912 gra
721 3852 1662 3908 sens, die Ungeienkheit mancher Bewegung und die An¬
1679 3878 2611 3932 (1337 fl.), 27. März, 27. April. — Realität Nr. 23
714 3913 1662 3965 streugung, die es dem Darsteller kostet, den weicheren
1678 3912 2608 3957 in Dolau sammt G undstück der Ebelente Wenzel und
2623 3918 2757 3998 OR!
1682 3946 2598 3996 Marie Burda (9925 fl. 65 kr., 3326 fl. 67 kr.), 26.
721 3951 1659 4002 Ton zu finden, weisen darauf hin, daß Herr John
1680 3984 1976 4035 Marz, 26. April.
2016 3981 2612 4045 In Sedletz. Realität Nr. 19 in
2647 3993 2748 4041 mir
711 4003 1656 4054 kaum berufen wäre, schon jetzt das weite Feld des so¬
1681 4025 2603 4076 Sworisch der Eheleute Franz und Marie Blazek,
2657 4025 2750 4083 Seh
715 4046 1661 4112 genannten Liebhabers zu beherrschen, sondern daß man
1687 4059 2081 4113 28. März, 28. April.
2128 4058 2611 4116 In Seltschan. Realität
2652 4071 2752 4116 sive
723 4104 1657 4145 ihn in den seiner Individualität entsprethenden Rollen,
1685 4103 2610 4149 (Mühle) Nr. 32 in Pocepitz des Josef und der Marie
2649 4102 2766 4150 2 Me
