3484 4224
532 139 595 217 2
945 143 1395 245 box 10/3
240 139 836 269 5. Licoelel
2346 1365 2453 1436 — —
145 1398 3182 1476 ewesen sei. Man ! Generalmajors v. Massolv der Oberstlientenant Budde, bisher j.bis zur Erledigung des Titels „Dienstverhältnisse“ zurückgestellt. Die Ver¬
1832 1431 3186 1508 handlungen gelangten bis § 122 (schriftliche Form für Rechtsgeschäfte), indem
510 1450 1852 1514 etatsmäßiger Stabsoffizier im 11. Grenadier=Regiment ernannt worden,
151 1463 509 1525 satz zu seiner be¬
1828 1477 3178 1553 1 durchweg beantragte Abänderungen abgelehnt und die Fassung der Vortage
504 1499 1854 1560 der bereits seit einiger Zeit zum Generblstab kommandirt war.
154 1512 518 1564 die ihm im diplo¬
160 1551 3186 1607 dleicht erregbar] Pensionirt ist der Oberst von der Marwitz vom 89. Grenadier=] bestätigt wurde. Die nächste Sitzung der Kommission ist auf Sonnabend
175 1580 2087 1645 Rosen gebettet] Regiment in Schwerin, der durch den Oberst v. Bock undl anberaumt.
1993 1581 3174 1653 — Die Reichstagskommission zir Vorberathung des Gesetz¬
176 1611 1859 1675 gerüchte, die schon] Polach, bisher Chef des Stabes des XI. Armeekorps, ersetzt
1931 1641 1998 1699 TN
1597 1657 1755 1714 LR
735 1653 1138 1718 ne
511 1690 3184 1766 [Jarno und Frau Schneider, nach der sentimentalen von wollen wir nur noch erwähnen, daß ein alter Notar mit seinen
155 1707 515 1778 bheimer hat da¬
502 1747 3175 1795 Herrn Rittner und Frau Sorma, welche aus tiefster lkbier à la Barrison gekleideten Töchtern in einem Zimmer schläft,
162 1756 519 1819 kr entzündet und
350 1778 3180 1850 immer] Empfindung schöpfte und die Zuschauer durch Mimik und Ton edas für einen ganz anderen bestimmt ist, und daß die Ueber¬
160 1802 359 1855 er Liebe
2079 1822 3181 1905 wenn die beiden Parteien sich im Dunkel
334 1835 2089 1904 nd fühlt! mächtig ergriff. Hierzu gab man eine Neueinstudirung des raschung
152 1848 337 1909 elernt u
2988 1873 3048 1923 t.
2627 1857 2957 1932 keine geringe
1845 1864 2652 1937 der Nacht treffen und erkennen,
1722 1876 1852 1934 sich
1582 1866 1744 1936 ei der
525 1881 1590 1940 „Zerbrochenen Krugs“ von Kleist, be
339 1886 524 1948 n Nach¬
151 1891 317 1950 mit ihr
1844 1907 3190 1980 diesem Tone geht es mit ausgezogenen Röcken, zerbrochenen
341 1920 1856 1991 es Ver= Hermann Müller als ein sehr belustigender, von echt
158 1928 354 1998 beständig
1838 1953 3184 2010 Stühlen, geschwärzten Gesichtern alle drei Akte hin¬
505 1963 1855 2049 niederländischem Humor erfüllter Dorfrichter Adam zu er¬
156 1961 528 2040 ine andere zärt¬
1836 1997 3186 2079 durch, ein ewiges Gejohle auf der Bühne wie im Zuschauerraum.
521 2012 813 2087 kennen gab.“)
157 2012 529 2084 deren Ehemann
1845 2049 3176 2112 ein Manegenscherz, der als solcher seine Berechtigung haben mag,
620 2032 1850 2118 Wenn von französischen Schwänken die Rede ist,
183 2064 517 2135 m schlagen will.
1853 2081 3184 2150 aber jedes feinere Empfinden beleidigt und anwidert. Schade um
513 2095 1848 2164 hat man immer das Gefühl, daß die Tollheit, die darin ge¬
165 2106 526 2187 einem fröhlichen
1846 2119 3181 2188 eine so große Begabung wie Herrn Alexander, der in den
519 2137 1854 2210 schildert wird, auf ihrem Höhepunkt angelangt sei, und daß es
162 2170 522 2245 etragen, gespielt,
1849 2180 3184 2230 Clownkunsten des Residenz=Theaters sein schönes Talent voll¬
514 2180 1853 2250 eine weitere Steigernna nicht mehr geben könne. Die Pariser
171 2218 523 2271 großer Feinheit
521 2228 3179 2283 Autoren sind aber, wie man zugestehen muß, von einer kaum ständig zu Grunde richtet und schließlich auf einen Punkt ge¬
169 2257 525 2320 Lobheimer mit
1848 2265 3187 2344 Zaugen muß, wo er auf die Stufe des Grimassenschneiders des
1410 2261 1856 2333 ie schrecken auf dem
516 2263 1345 2335 glaublichen Findigkeit und Dreistigkeit.
151 2294 519 2362 ann sich schlagen
1849 2309 2600 2391 Adölf Ernst=Theaters hinuntersinkt.
521 2315 1856 2379 Gebiete des Erotischen vor keine noch so frechen Kombinationen
1991 2350 2097 2399 T.
2580 2318 3187 2416 Larer Leit ieden
165 2338 533 2405 Abschied nehmen
523 2363 1846 2420 zurück. Schon wiederholt haben wir bei Stücken dieser Art das
366 2379 524 2443 ater in
155 2379 283 2450 n alte
517 2416 1852 2476 Bekenntniß ablegen müssen, daß ihr Inhalt einfach nicht wieder¬
351 2431 528 2489 Häusern
514 2441 1864 2539 zugeben sei. So steht es auch mit dem neuen Schwank von
351 2477 535 2535 zwischen
147 2482 234 2553 3e0
525 2493 1864 2551 Feydeau „Hotel zum Freihafen“ der zwar im
340 2523 524 2577 eim des
147 2512 302 2585 gganten
523 2535 1858 2588 Residenz=Theater sehr belacht worden ist, aber in demselben
159 2566 527 2636 sirbenden nehmen
514 2574 1864 2650 Maße den guten Geschmack beleidigt hat. Man wußte oft nicht,
162 2612 526 2672 Im dritten Akt
521 2610 1868 2687 ob man eine Pautomime bei Renz oder Busch oder ein
383 2650 526 2713 Das
158 2649 376 2716 begraben.
521 2660 1860 2742 logisch gegliedertes, mit menschlichen Empfindungen aus¬
150 2683 525 2759 s vorgefallen ist
1427 2696 1856 2765 Am Verrücktesten
514 2715 1447 2788 gestattetes Theaterstück vor sich hatte.
145 2734 528 2806 unge von ihr wie
518 2765 1860 2840 geht es im zweiten Akt zu, der i. einem Hotel merkwürdiger!
181 2781 526 2845 daß sie für ihn
528 2793 1863 2859 Art, nämlich in einem solchen vor sich geht, wo sich die Paare
194 2824 449 2881 tnicht auf
518 2851 1864 2907 zum Genuß verbotener Liebesfreuden zuruckziehen. Daher auch
157 2866 522 2950 der Verzweiflung
519 2886 1862 2955 der wunderliche Titel. Aber die Mißverständnisse und Ver¬
517 2929 1863 2993 wechselungen, die sich hierbei abspielen, sind kaum glaublicher
188 2952 510 3035 Wahrheit der
523 2961 1869 3042 Natur, so daß man nicht versteht, wie die Zeufur, die ihre Nase
172 3003 529 3071 nicht auf den
521 2997 1878 3082 doch in alle möglichen Dinge steckt, diesen Unfug und Unsinn
164 3048 528 3113 icht das der all¬
524 3071 1866 3117 ruhig durchgehen lassen konnte. Ein Hauptspaß besteht darin,
157 3102 532 3178 Schilderung eines
510 3106 1868 3185 daß ein Bauunternehmer, der mit der Frau eines Architekten
185 3146 518 3199 abwenden und
519 3133 1869 3206 eine Extratour macht, von dem Hausdiener des Hotels durch die
170 3179 522 3251 meisten Männer
517 3183 1874 3250 Thür seines Zimmers mit anem Bohrer bearbeitet wird und
140 3233 523 3288 Frem Sprichwort
514 3221 1868 3303 zwar an einer Stelle, die niemand entbehren kann, die sich aber
163 3277 527 3337 den Hafen der
516 3265 1877 3364 zu Gesellschaftsgesprächen nur wenig eignet. Nach dieser Probe
185 3303 534 3389 durchzumachen
154 3363 525 3438 ergehenden Ver¬
632 3339 1862 3425 *) Das von Eugen Zabel besprochene Schauspiel „Liebelei“
154 3417 1871 3466 Titel „Liebelet“] ist soeben im Verlage von S. Fischer, Berlin, erschienen. Gleichzeitig
148 3445 1869 3526 kutschen Theater brachte derselbe rührige Verlag die schon früher in diesen Blättern behandelte
178 3500 1513 3575 e hin von Herrn] Komödie „Tedeum“ von Ernst Rosmer helaus.
