3484 4320
499 127 744 201 iebel
1120 129 1280 219 X 1
298 132 830 242 5. Le
1149 685 1556 756 —
650 723 1552 790 Kurtheater Berg. Das gestern vor aus¬
539 802 1550 840 verkauftem Hause zum erstenmal zur Aufführuung ge¬
526 820 1549 890 langte dreiaktige Schauspiel Liebelei von Arthur
540 868 1546 939 Schnitzer zeigt das ernste Streben feines-Verfassers,
541 913 1547 968 der —Leichtfertigkeit, wie sie das moderne Gesell¬
539 963 1551 1018 schaftsleben der Großstadt zeitigt, Gemütstiefe und
537 1002 1552 1056 Herzensreinheit gegenüberzustellen. Zwei vornehme
544 1040 1551 1109 junge Lebemänner, Fritz Lobheimer und Theodor
539 1083 1551 1154 Kaiser, haben mit zwei Mädchen aus dem Volke,
543 1131 1554 1202 Christine Weiring und Mizi Schlager, Beziehungen
1007 1173 1555 1235 so viele andere vorher,
572 1182 1011 1244 angeknüpft, die, wie
645 1225 1554 1291 lich ein vorübergehendes Vergnügen für die
576 1228 618 1283 ed
543 1265 1553 1319 jungen Herren bedeuten sollen. Während die
529 1309 1559 1375 Modistin Mizi, ein echtes, leichtlebiges Wiener
540 1342 1557 1412 Kind, mit dem gleisgesinnten Liebhaber Theodor
532 1396 1547 1455 Kaiser den übersämenden Becher der Lebens¬
542 1436 1556 1495 freuden genießt, faßt die gemütvoll veranlagte, tief
544 1479 1550 1534 empfindende Christige eine #nnige Herzensneigung zu
537 1532 1558 1578 Fritz Lobheimer, zer abep ereits in den Fesseln einer
535 1573 1554 1622 verheirateten Fras schmächtet. Auch auf den jungen
541 1602 1557 1659 Lebemann bleibtsdie Zuneigung eines reinen Mädchen¬
537 1653 1549 1711 herzens nicht olne Einfluß er besitzt aber nicht mehr
548 1694 1562 1750 die moralische Kraft, das unzürdige Verhältnis abzu¬
535 1744 1558 1794 schütteln — und so säht er denn als ein Opfer seiner
551 1777 1567 1843 Schwäche ins Duell Wit“ dem eifersüchtigen Gatten
532 1823 1563 1897 seiner Geliebten. Furchtbar stürmt nun die Ent¬
544 1881 1554 1929 täuschung auf die arme Christine ein, als sie
538 1907 1566 1966 den Tod des von ihr heißgeliebten Mannes
542 1968 1567 2014 und den Grund des Duells erfährt. Weder inständige
552 2002 1560 2057 Bitten ihres greisen Vaters, des Violinspielers Hans
545 2042 1539 2107 Weiring, noch vernünftige Zureden ihrer „lebensklugen“
540 2075 1562 2150 Freundin Mizi und ihres Galans Theodor können die
555 2131 1556 2186 Aermste trösten. Sie stürmt hinaus, um nie wieder¬
540 2173 1558 2222 zukehren. Abgesehen von der am Schluß etwas gewalt¬
545 2228 1552 2273 sam in die Handlung gezogenen Selbstmords=Andeutung
554 2263 1562 2318 und einigen unnötigen Längen in den Liebesscenen
554 2307 1561 2372 bietet das Stück eine sehr lebensvolle Studie aus dem
553 2350 1552 2401 modernen Gesellschaftsleben dar. Die Sprache bewegt
552 2395 1560 2443 sich durchweg in gefälligen Formen. Die Hauptrolle der
551 2437 1564 2486 Christine lag in den Händen von Klara Rabitow, welche
553 2477 1569 2538 dieselbe mit warmer Empfindung und dramatischer Kraft
551 2523 1558 2570 durchführte. Mizi Schlager wurde infolge Erkrankung von
552 2565 1565 2629 Helene Schüle durch Martha Clemens dargestellt, die
556 2607 1568 2667 den gutmütigen Leichtsinn der „feschen“ Wienerin in Er¬
553 2654 1554 2708 scheinung und Spiel sehr gut zum Ausdruck brachte.
549 2693 1564 2754 Die beiden jungen Lebemänner fanden in Direktor
556 2732 1564 2794 Brandt und Gustav Schwab tüchtige Vertretung;
556 2779 1566 2841 Eugen Heiske schuf in der Rolle des alten Violin¬
549 2829 1564 2882 spielers Weiring eine anziehende Charakterfigur, und
562 2885 1567 2931 Rudolf Biebrach spielte die kleine Rolle des be¬
547 2923 1568 2972 leidigten Ehegatten mit vornehmem Takt. Fanny
561 2958 1562 3013 Schlögell als Strumpfwirkersgattin wirkte durch
563 2999 1560 3064 ihre humorvolle Darstellung weiblicher Geschwätzigkeit
542 3049 1565 3111 sehr ergötzlich. Das Stück wurde mit großem Inter¬
555 3085 1560 3137 esse aufgenommen und die Darsteller mit Beifall aus¬
566 3135 1563 3190 Szeichnet. Der Aufführung der Rovität war das ein¬
545 3178 1581 3242 aktige Lustspiel Endlich von Otto Girndt voraus¬
565 3215 1568 3291 gegangen, dessen harmloser Humor viele Heiterkeit er¬
561 3261 1484 3339 regte. Als Dursteller der Hauptrollen zeichneten
556 3306 1337 3381 Georg Batelt und Frieda Runge aus.
1884 718 2824 804 Theater-, Musik= u. Kunstnachrichten.
1955 787 2832 863 B.F., Gastspiel des Hofburgtheater¬
1863 841 2827 897 ensembles. Es war eine glückliche Idee der Hof¬
1867 886 2848 973 burgschauspieler, einen Wiener Dichter, dessen Meesie¬
1878 947 2846 1023 a aus demselben Boden hervorsprießt, in welchem die
1876 986 2843 1070 Kunst der Gäste wurzelt, in ihr Repertoire aufzu¬
1886 1030 2847 1123 nehmen. Der lebhaftere Besuch, den gestern das
1887 1074 2848 1172 Volkstheater aufwies, bezeugte den Darstellern auch
1873 1130 2846 1203 das stärkere Interesse, welches man ihnen als Inter“
1880 1175 2847 1266 preten Arthur Schnitzlers entgegengebracht hat. Der
1886 1224 2850 1308 Verlauf des Abends rechtfertigte das besondere Ver¬
2879 1251 3080 1331 inclusive
1687 1260 2851 1370 Für 50 z trauen, welches das Publicum in die Aufführung der
2893 1315 3057 1363 Porto.
1790 1324 2861 1406 100 „Liebelei“ setzte, um so mehr, als sich die Darstellung
2877 1349 3081 1407 Zahlbar
1896 1367 2840 1462 erst durch die Fährlichkeiten einer hastigeren Vorbe¬
1788 1402 1890 1454 200
1901 1373 3102 1498 reitung, die auf einen plötzlichen Entschluß zurückzu“] im Voraus.
1790 1445 1879 1490 500
1740 1480 1884 1548 1000
1885 1455 3127 1567 führen ist, zu einer packenden, das Innerste hnitte ist das
1895 1505 3125 1595 erschütterden Wirkung durchzuarbeiten wußte. Na-j steht es den
1802 1537 1881 1593 Im
1909 1554 2982 1644 mentlich der dritte Act, der von den Schleiern der ndern.
1683 1571 1893 1637 Abonnemel
1675 1622 1902 1680 Abonnenter
1902 1612 2845 1692 Flüchtigkeit vollständig befreit war, griff mit voller
2863 1626 3155 1696 enthaltend die
2855 1672 3145 1731 r Morgen¬
1813 1652 2854 1747 Der Tragik durch und entfesselte begeisterte Beifallsstürme.
1692 1718 3178 1806 Inhaltsanj Frl. Clemens, welche als Christine eine Gestalt jjener Zeitung“)“
1701 1757 3088 1831 blütter schmiegsamer Junigkeit und blüthenfrischer Schönheit haftliche Lek¬
1912 1794 3069 1885 verkörperte, fand im letzten Acte mit überzeugender e Mittheil
1708 1828 1906 1879 wodurch e
1705 1866 1892 1918 des In¬
1912 1841 2861 1928 Kraft den Uibergang von der wimmernden Aengst¬
1708 1902 1899 1961 werden in
1904 1865 2879 1978 lichkeit zum heftigen Schmerze, der in wilden Tönen
1909 1941 2871 2033 das Recht des Herzens fordert. Wir lernten an diesem
1910 1979 2869 2066 Abende die vielseitige Individualität der Künstlerin,
1913 2026 2871 2121 die als Annie im „Abschiedssouper“ wiederum durch die
1914 2084 2876 2158 Keckheit und kichernde Beherztheit der Halbweltdame
1914 2123 2870 2218 überraschte, so recht schätzen und dürfen ihr an diesem
1912 2178 2876 2265 Abend die Palme des Erfolges besonders zuerkennen. Die
1904 2222 2882 2315 jungen Leute wurden von den Herren Wilhelm de
1916 2261 2886 2360 Grach und Otto Treßler dargestellt; ersterer war
1916 2326 2875 2414 augenscheinlich von einer Indisposition behindert,
1909 2367 2883 2462 welche indeß den warmen Grundton des sympathischen
1920 2420 2883 2493 Wesens zum Durchbruch kommen ließ. Herr Treßler
1916 2463 2883 2540 bot als Theodor ein Meisterstück an launiger Beweg¬
1917 2513 2897 2599 lichkeit, die in behenden Strichen ein kernfestes Cha¬
1916 2560 2924 2636 rakterbild entwarf. Herr Conrad Löwe bot als
1920 2608 2894 2694 Hans Weiring eine der besten Leistungen,
1927 2653 2888 2742 die wir von ihm während des Gastspieles zu
1931 2703 2907 2785 seben bekamen. Sein Spiel athmete eine beseelte
1928 2746 2899 2842 Wärme, die mit dem Fortschreiten der Handlung an
1927 2795 2901 2907 Ausdruck gewann und in der letzten Scene in einer
1925 2851 2893 2923 überwältigenden Erregung verzitterte. Die Mizzi
1935 2890 2907 2962 Schlager war einer heimischen Kraft, Frl. Tberese
1930 2938 2917 3030 Schrodt, anvertraut und die begabte Schau¬
1939 2994 2895 3069 spielerin führte sich mit ihrer wohl pointirten Dar¬
1932 3035 2918 3117 stellung im Großen und Ganzen glücklich in das
1938 3080 2912 3165 Eusemble ein, wenn auch die Grenzen des intimen
1937 3124 2923 3201 Bildes des Oefteren zu Gunsten einer derberen
1938 3175 2923 3253 Wirkung verschoben wurden. Dagegen kann!
1942 3212 2912 3302 der Katharina Binder der Frau Angelica Frey
1953 3267 2915 3363 volles Lob gespendet werden. Im „Abschiedssouper“
1957 3307 2923 3405 arbeiteten neben Frl. Clemens die Herren Paulsen
1959 3352 2928 3456 und Heine die Pointen des fein geschliffenen
1948 3407 2917 3494 Dialoges mit Temperament und Laune heraus
1962 3451 2917 3544 und verhalfen der bis ans Raffinement grenzenden
1955 3508 2911 3591 Milieustudie zu einem würzigem Heiterkeitserfolge¬
1952 3560 2940 3639 Die Zuschauer waren in der animirtesten Stimmung
1952 3592 2956 3676 und jubelten die Wiener Gäste den ganzen Abend
1964 3645 2943 3739 hervor. Für Frl. Clemens hatte sich eine Blumen¬
1959 3713 2378 3799 spende eingefunden.
2677 3706 2922 3810 —.
