3436 4256
426 140 788 211 Liebelei
262 122 1387 247 5. L box 10/4
2694 321 2858 390 —
1429 362 2870 444 K  keun vorige Woche in Berlin an. deren Umgebung is
2486 413 2882 475 Hagelschlag heimges
2474 450 2876 519 platzes verwandelte
1705 441 2122 516 Residenztheater.
2485 500 2848 558 Alle Fensterscheiben
1378 490 2482 551 Die Leitung des Residenztheaters hat uns in den letzten
1306 538 2482 595 Wochen mit einer schon recht stattlichen Reihe von Neuheiten be¬
2495 538 2877 599 am Amtsgericht alle
2494 582 2874 643 Vögel, die vom Un
1314 587 2484 639 kannt gemacht, die in der Hauptsache einer hier sonst vernachlässigten
2494 625 2885 679 tot zu Boden. Es
1321 629 2471 669 Richtung angehören, und sich dadurch den Dank aller derer ver¬
2496 659 2875 738 weitem Umkreise der
1305 667 2471 725 dient, für welche die Kommenden in der Litteratur auch ein Daseins¬
2495 711 2715 769 vernichtet.
1290 707 2478 760 recht besitzen. Wir haben schon des öfteren darauf hingewiesen,
1301 736 2487 814 Idaß das Residenztheater hierin eine künstlerische und litterarische Mission
2561 740 2863 809 Königsberg
1314 797 2474 853 zin Dresden zu erfüllen hat, der sie gut und gerne die kostspielige und
2497 777 2873 849 der in der Nähe von
1306 836 2484 887 trotz allen Aufwandes absterbende Operette zum Opfer bringen dürfte.
2498 832 2890 892 Forst; tausend Mor
1305 872 2481 924 * Herr Rotter hat sich schon so oft, gerade im modernen Schauspiel,
2502 872 2884 935 ein Stück Wald de
1310 900 2479 968 Dals ein feinfühliger und gewandter Regisseur bewiesen, dessen Kunst
2486 913 2880 974 königlichen Forsten si
1311 948 2495 1005 mit der stimmungsvollen Inscenirung noch lange nicht erschöpft ist,
2564 962 2880 1018 Darmstadt, 2
1315 1000 2481 1069 daß man ihm die Möglichkeit, mit einem entsprechenden ständigen
2495 981 2886 1058 Staatsvertrages mit
1306 1040 2474 1093 Personal und mit überhaupt reicheren Mitteln zu arbeiten, nur
2490 1042 2896 1104 Hessischen Ludwigsba
2498 1087 2881 1143 Laubach namens de¬
1308 1080 2484 1138 wünschen kann. Ein Stück, wie Arthur Schnitzlers Schauspiel:
1315 1133 2473 1186 Liebelei, unter seiner Leitung mit geschmeidigen Kräften in der Winter¬
2488 1132 2887 1186 zunehmen. Michel b
1318 1166 2476 1219 spielzeit in Scene gehend, müßte mit den Erfolgen der gefeiertsten
2498 1167 2890 1230 stimmungen über d
1321 1215 2479 1260 Sudermannschen Stücke leichte Konkurrenz haben. Nach dem durch¬
2487 1208 2873 1269 Interessen Hessens I
1312 1250 2475 1310 schlagenden Erfolge der Première dieses Stückes am Sonnabend,
2497 1255 2883 1317 Ministerium seine Al
1309 1297 2482 1346 die sich vor sehr gut besetztem Hause vollzog, ist an einer großen
2501 1297 2894 1355 der Lage der Bahr
1304 1338 2486 1382 Anziehungskraft dieser Aufführung auch in dem theaterfeindlichen
2492 1333 2895 1400 Regierung um Bildu
1319 1383 2483 1435 Sommer nicht zu zweifeln. Die Darstellung steht durchweg auf
2485 1380 2888 1438 schüssen. Ministerpri
2488 1424 2893 1480 Anerkennung. Finan
1310 1421 1872 1479 ansehnlicher Höhe, ja, sie
1885 1426 2491 1473 st in einzelnen Rollen geradezu
1316 1466 2484 1505 vorzüglich. Frau Margarethe Körner hat das sympathische Inter¬
2488 1460 2911 1523 das Ersuchen des Fr
1314 1510 2479 1561 esse, das sie mit ihrer Magda zu erwecken wußte, gestern nur bestärkt,
2502 1502 2910 1565 wird die Vorlage, w
1316 1552 2482 1604 indem sie sich als eine Künstlerin von großer Anpassungsfähigkeit
2494 1545 2914 1610 Heyl wird gegen 6 0
1317 1594 2489 1660 und von temperamentvoller Wärme bewies. Ihre Christine war
2572 1586 2901 1648 Stuttgart, 2.
1806 1632 2482 1696 in dieser Beziehung ließen bis auf
1312 1637 1812 1691 zwar keine Wienerin —
2485 1619 2900 1705 Kultusministerium, 2
1311 1678 2489 1720 Fräulein Fürst alle Darsteller zu wünschen — aber sie war, was
2494 1678 2891 1725 nach kurzem Leiden,
1312 1717 2887 1776 mehr ist, ganz die dem Zuge des Herzens hingegebene Mädchen=ssonders als Referent
2494 1752 2890 1816 Staatssammlungen v#
1308 1762 2490 1812 natur, die im Banne ihrer tiefinnerlichen Leidenschaft dem Er¬
2552 1800 2893 1863 Karlsruhe, 2
1307 1801 2493 1851 wählten ihr Alles, Denken und Fühlen weiht und in dieser Größe
1318 1850 2487 1900 ihrer elementaren Natur, ihres ganz nur Weib seins zur Heldin
2501 1835 2895 1906 Zeitung“ verlassen d
1320 1888 2487 1940 emporwächst. Die innigen und schlichten Herzenstöne dieser das
2491 1882 2912 1944 früh nach dreiwöchig
1316 1927 2480 1977 ganze Wesen wie selbstverständlich ausfüllenden und durchaus
2499 1926 2904 1999 und begeben sich über
1320 1973 2493 2029 keuschen Leidenschaft, in der alle Keime zu dem Größesten
2567 1966 2907 2026 Wiesbaden, 2
1324 2017 2486 2073 ruhen, was eine Frau dem Manne, der Familie, der Gesellschaft
2494 1996 2849 2075 Frankfurt gestern
1316 2055 2492 2108 zu geben vermag, kamen aus dem Munde von Frau Körner, die
2494 2049 2918 2113 Schnellzuges nach Wi
1314 2101 2480 2155 auch das Aeußere der Figur überraschend glücklich darstellte, mit
2501 2095 2910 2151 Wie der „Rheinische
1313 2141 2484 2185 so rührender Wahrheit, mit so lauterer Unverfälschtheit, daß man
2499 2128 2943 2196 getötet, der Heizer schwi
1307 2178 2495 2226 ihnen mit wachsender Theilnahme folgen und von der Tragik des
2495 2179 2905 2244 Von den Passagieren?
1310 2219 2909 2290 Schicksals dieses Mädchens auf das tiefste ergriffen werden mußte.130 Minuten traf de
2489 2257 2708 2331 baden ein.
1319 2266 2494 2318 Den Kontrast zu vieser ernsten Gestalt brachte der zweite Gast
2561 2286 2911 2366 München, 26.
1314 2301 2490 2364 des Abends, Frl. Fürst, in ihrer Mizzi zur besten Wirkung.
1315 2350 2491 2412 Leicht, lebenslustig, dem Wandel der Dinge nie gram, nie himmel¬
2496 2346 2908 2411 v. Crailsheim dat sie
1311 2393 2487 2447 hoch jauchzend, aber erst recht nie zu Tode betrübt, allweil fesch
2489 2387 2925 2447 bayrischen Staatseiser
1313 2437 2478 2479 und munter, so recht das frische Wiener Blut, das leben will und
2500 2439 2910 2499 dem fünfzigjährigen;
1313 2472 2483 2527 leben läßt, so war diese Mizzi des Frl. Fürst, bei aller Beweglichkeit und
2500 2479 2922 2540 verwaltungen nach Be
1321 2516 2495 2569 ausgelassener Laune stets graziös, ganz das, was der Dichter in ihr
2559 2519 2907 2580 Nürnberg, 25.
1320 2557 2482 2616 schildern wollte. Ihr mannliches Gegenspiel, der Herr Theodor,
2500 2552 2919 2628 Tarrasch, Janowski i
2570 2603 2913 2669 Eichstätt (Baye
1318 2604 2486 2651 der junge Lebemann mit der bequemen Moral des gutmüthigen
1311 2646 2485 2698 Genußmenschen, fand in Herrn Witt einen sehr liebenswürdigen
2500 2626 2918 2706 wurde nach dreijährig
1311 2683 2493 2741 Vertreter, der mit Fräulein Fürst die Hauptkosten des mit reizender
2491 2686 2927 2743 aus Dresden zum Pr.
2498 2720 2892 2786 Vater Prinz Georg,
1315 2731 2482 2777 Munterkeit gespielten ersten Aktes trug. Auch Herr Burmester
2495 2772 2923 2828 Eichstätt, die Spitzen
1320 2779 2502 2831 wußte den schwerblütigeren Fritz, dessen Lebenslust ein Tropfen
2497 2816 2919 2869 Papst sandte ein Schr
1317 2811 2502 2857 Schwermuth verbittert, ohne ihn gewissenhafter zu machen, recht an¬
2504 2852 2909 2928 Schloßkirche die Prim
1312 2855 2489 2903 sprechend zu charakterisiren. Den Vater Christinens den
1319 2883 2495 2950 alten Musiker Weiring, spielte Herr Janda, sympathisch be¬
2566 2900 2916 2953 Wien, 25. Jul
2493 2917 2916 3000 Blätter, wonach die V
1322 2938 2481 2988 rührend, und in kleineren Rollen entsprachen Frau Mestl und Herr
1328 2980 2492 3038 Zeitz ihren Aufgaben. So wäre alles trefflich, oder doch
2505 2984 2922 3042 mit dem Herzoge von
1323 3021 2496 3096 wenigstens gut, nur das Wiener Colorit war etwas blaß und ver¬
2496 3020 2924 3076 lirchlichen die bürgerli
1317 3071 1887 3133 schwamm oft ins Norddeutsche.
2479 3068 2915 3132 lautbart in der Wiene
2505 3113 2930 3169 Vermählung im Nover
1398 3100 2490 3162 Mit Arthur Schnitzler betritt ein moderner Dichter die Bühne,
1311 3159 2495 3212 ein Dichter; das ist der wesentlichste Eindruck des Abends und der
2498 3151 2905 3209 folgt. Damit würde,
2498 3180 2926 3264 die bürgerliche Eheschli
1317 3195 2481 3243 erfreulichste. Er will keine Moral predigen, er läßt seine
2573 3237 2937 3294 Stavanger, 26
1316 3242 2492 3290 Personen nicht miteinander diskutiren, er braucht keinen Grasen
2504 3260 2913 3337 Nachmittag incognito
1326 3282 2492 3332 Trast, um die Feguren zu schieben und mit demonstrativem
2508 3316 2931 3380 durch die Stadt und besi
1322 3321 2492 3375 Fingerzeig durch ihn das Facit des Geschehens ziehen
2498 3360 2914 3422 wird sich derselbe nach
1313 3356 2481 3412 zu lassen, er spricht nicht vom Recht der Persönlichkeit, er
1326 3408 2495 3462 haßt alle graue Theorie. Wir sind von modernen und unmodernen
2567 3399 2939 3449 Brüssel, 25. In
1312 3449 2488 3501 Dichtern nur zu sehr gewöhnt, dramatisirte Leitartikel als Dramen
2499 3433 2941 3497 Ortschaft Montegué be
1317 3494 2481 3548 vorgesetzt zu bekommen. Der spricht über die Arbeiterfrage, der
2500 3480 2925 3542 schwere Unruhen statt.
2507 3529 2928 3596 Daubrebaude und mel
1319 3529 2487 3582 über Wahrheit, der über Zweispaltung des Ichs, der über Ehe¬
2502 3568 2942 3632 stichen. Die Gendarmer
1325 3576 2491 3630 rechte; kurz alle Fragen unserer Zeit der großen Fragezeichen werden
2498 3612 2899 3688 zahlreiche Ruhestörer.
1312 3625 2488 3670 aus mit einem Beiguß von mehr oder weniger stereotyper Hand¬
2569 3656 2935 3725 Brüssel, 26. Ju
1319 3656 2499 3716 lung aufgetischt. Schnitzler dichtet, d. h. er gestaltet das Leben,
2502 3695 2940 3755 neuerung der Hälfte de
1325 3705 2477 3759 wie er es sieht, und da er ein starkes und gesundes Herz besitzt —
2506 3739 2940 3806 Nach den bisher bekant
1326 3741 2488 3797 denn alle wahre Kunst ist persönlich — sieht er in den Dingen mehr,
2508 3776 2937 3840 liche liberalen Kandide
1319 3786 2488 3830 als der, der ihnen mit vorgefaßten Problemen gegenübertritt und daher
2498 3819 2936 3884 Socialisten erhielten 15
1313 3828 2489 3883 befangen ist. Er sieht das Leben und die es bewegenden Kräfte
2503 3867 2929 3933 sich nicht. In Antwerp
1321 3863 2483 3914 in seiner Liebelei in einem engen Ausschnitt, aber innerhalb des¬
2498 3904 2947 3964 kalen 23 433, die Soci
1324 3908 2494 3966 selben in seiner ganzen Fülle von Widersprüchen, Parallelen und
1323 3952 2926 4000 Durchquerungen. Dabei ist er von großer Objektivität. Es ge=zwischen Liberalen und:
1323 3989 2946 4039 nügt, die Personen, wie sie sind, sich ausleben zu lassen, und die Klerikalen und Socialist
2572 4040 2953 4090 Paris, 25. Juli.
1317 4040 2494 4090 Konflikte wachsen von selbst empor, ohne jede Künstelei und
2504 4071 2950 4126 erschien gestern bei der
1325 4085 2493 4126 Schiebung. Wo tiefe Empfindung und leichtlebige Liebelei einander
