3484 4224
835 143 1283 241 box 12/8
292 152 676 229 Liebelei
272 208 699 267 e e e ee
520 1004 1405 1112 Deutsche Tagesseitung, Berlin
468 1127 685 1229 B SAr
854 1111 1245 1246 HLkLina
666 1250 1485 1370 Ein Schnitzler=Jubiläum.
616 1325 1490 1438 Staatliches Schiller=Theater.
515 1394 1663 1494 Es ist notwendig, festzustellen, daß es sich um eine Art
432 1445 1667 1531 Schnitzter=Feier handelte. Sonst könnte man kaum verstehen,
442 1492 1662 1586 warum man im Staatstheater Dinge wieder ausgräbt, die jedem
435 1529 1683 1645 Wiederbelebungsversuch spotten. Als vor genau 30 Jahren die.
441 1591 1671 1687 „Liebelei“ am Wiener Burgtheater ihre Uraufführung erlebte, da
436 1622 1656 1708 empfand man diese Verfeinerung des Naturalismus durch Bei¬
442 1671 1666 1761 mischung einer gehörigen Dosis dekadenter Eleganz und tragischer
441 1715 1672 1817 Liebesspielerei sehr angenehm als eine Erlösung vom Allzu¬
430 1759 1663 1849 brutalen. Das süße Vorstadtmädel und das liebe Wiener Gemüt
432 1813 1663 1877 gehören nun einmal zusammen, wollen zu ihrem Recht kommen.
436 1838 1654 1927 Heute ist man schon wieder anspruchsvoller geworden. Mar hat
429 1895 1656 1980 genug, übergenug vom bloßen Kitsch des Lebens, will hören, ob
428 1932 1666 2037 nicht einer da ist, der eine Idee hat, diesen Kitsch zu überwinden.
438 1982 1657 2087 Wenn gleichwohl die Beispielsstürme kein Ende nehmen wollten,
439 2016 1651 2109 so waren sie in der Hauptsache als Dank für eine prächtige Auf¬
434 2057 859 2124 führung zu bewerten.
513 2102 1659 2192 Jürgen Fehling brachte „Stimmung“, ließ das „Wiener
419 2156 1657 2257 Herz“ so zart und seelenvoll schlagen, daß selbst der nordische Klang
419 2197 1648 2275 der Sprache keinen Mißton erzeugte. Jede Stimmung, selbst das
422 2237 1638 2327 schrillste Klagen, der übermütigste Jubel blieben gedämpft durch
422 2287 1635 2360 einen Hauch überlegener Verfeinerung des Genusses. Eine unver¬
417 2326 1648 2411 meidliche Alltagserscheinung, dieses Herzweh des „Ringes“ und
419 2363 1652 2459 der „Vorstadt“ sorgsam zugedeckt von Eleganz und Schicksals¬
428 2419 1649 2495 ergebenheit. Ein glücklicher Gedanke zudem, all die Liebesspielerei
419 2460 1645 2524 in das Gewand einer vergangenen Zeit zu stecken. Die Knopf¬
421 2494 1646 2594 Stiefeletten, Puffärmel und frei schwebenden Strohhütchen
415 2544 1495 2615 schmeichelten leicht in tränenschwangere Wehmut hinein.
489 2598 1680 2692 Innerlich bei weitem am stärksten schöpfte Lina Lossen in
415 2628 1638 2738 der kurzen Anatol=Szene „Weihnachtseinkäufe“ die spielerischen
414 2686 1626 2774 Liebeseffekte aus. Eine reifende Frau der großen Welt, ängstlich
410 2735 1632 2816 die Formen der Konvention wahrend und doch nur mühsam die
414 2778 1637 2870 starken Sehnsüchte eines unbefriedigten Herzens bändigend. Der
409 2815 1631 2910 Anatol Erwin Fabers dagegen um eine wesentliche Nuance
398 2856 1204 2938 zu sehr der selbstzufriedene Gemütsmensch.
485 2918 1638 3021 Lucie Mannheim, die Christel in der „Liebelei“ fand
408 2952 1623 3044 wundervollen, bald verhaltenen, bald stürmischen Ausdruck für die
397 3013 1635 3092 Tragik eines gebrochenen Herzens. Ihr erster Liebesjubel jedoch
397 3051 1631 3138 trug für meinen Geschmack schon zu deutlich den Ausdruck der
395 3099 1629 3181 drohenden Katastrophe. Noch schwerblütiger benahm sich der Fritz
396 3138 1635 3201 Richard Duschinskys. Er kam auf diese Weise in einen zu
404 3187 1627 3275 starken Gegensatz zu dem leichtlebigen, unbekümmerten Theodor
402 3225 1634 3319 Heinrich Schnitzlers, ebenso wie die robuste Schlager=Mizi,
392 3285 1651 3371 Maria Paudlers das scheue Geschöpf Christel zuweilen fast
1676 1258 2887 1360 erdrückte. Laute wie tragische Töne müssen in einer Wiener
1682 1320 2881 1406 „Liebelei“ sehr fein dosiert werden. Prachtvoll echt in einer
1679 1354 2885 1430 Mischung von Klatschsucht und Mütterlichkeit die Katharina
1667 1403 2890 1508 Binder Mathilde Sussins, rührend der hilflose alte Vater
1670 1439 2094 1506 Jakob Tiedtkes.
1740 1485 2885 1574 Man hat Schnitzler gespielt, man hat Schnitzler gefeiert, aber
1678 1519 2858 1639 nun wende man sich wirklichen Aufgaben zu. Erich Metzger.
