3436 4256
436 189 839 259 Liebelei
284 189 852 300 5. S
891 179 1405 270 box 12/1
1236 948 1717 1008 — Uargticher
812 978 1711 1062 Enttäuschung, der darin erschien, als er kalt
820 1051 1721 1104 und stumm an ihr vorüberging. Eine
817 1084 1689 1148 Ahnung kam ihm, daß da ein innerer Z
822 1147 1708 1189 sammenhang zwischen diesem Vorgang un
823 1170 1709 1227 ihrer wenige Stunden danach eingegangene
816 1212 1709 1275 überstürzten Verlobung bestehen könne. Abe
819 1267 1697 1318 er verzog keine Miene, fragte nur obenhin
817 1303 1703 1363 „Was gab wohl die Veranlassung zu de
804 1349 1263 1418 Krach mit Bertoldi?“
855 1387 1725 1459 „Gott — meine Frau ist ja sehr diskret
837 1442 1718 1504 nd ließ nie etwas darüber verlauten. Ich
827 1501 1719 1542 atte indessen durchaus den Eindruck, daß
808 1531 1723 1580 der alte Geck ihr gegenüber zudringlich
816 1576 1730 1640 wurde, worauf sie ihm den Stuhl vor die
819 1617 1727 1687 Tür setzte. Esther ist nämlich von einer
814 1664 1687 1737 fabelhaften Ehrpusselichkeit und Prüderie.“
859 1711 1727 1767 „Die Bezeichnung „alter Geck“ die Sie
817 1746 1723 1824 da eben brauchten, paßt wohl nicht auf Ber¬
818 1799 977 1858 toldi.“
853 1810 1659 1912 „Sagen wir also: „Alter Don Juan.“
857 1869 1673 1941 „Auch das kann ich mir nicht vorstellen.“
876 1914 1721 1983 „Sie haben eben eine allzu günstige Mei¬
822 1969 1632 2022 nung von ihm, die ich nicht ganz teile.“
857 2019 1725 2077 Pallinger wurde ein wenig gereizt. Die¬
819 2060 1545 2116 ser abweisende Ton irritierte ihn.
856 2091 1723 2154 Haidek zog lächelnd die Schulter hoch, als
818 2144 1735 2205 wolle er damit ausdrücken: „Wir haben wohl
828 2190 1630 2257 üverhaupt sehr verschiedene Ansichten.“
871 2238 1732 2300 „Bertoldi ist der stabil Gewordne, durch
831 2285 1737 2344 das Herkommen geheiligte Humbug in der
824 2329 1740 2382 Kunst und im Leben,“ sprudelte der andere
822 2365 1738 2421 mit gesteigerter Lebendigkeit. „Wie das schon
825 2410 1735 2481 in der letzten Nummer der „Freien Bahn“
823 2456 1737 2527 gesagt wurde. Er hat den Leuten von jeher
828 2503 1473 2572 Sand in die Augen gestreut.“
875 2551 1732 2616 „Verzeihen Sie, aber etwas derartiges
834 2600 1726 2659 stand gar nicht in dem betreffenden Artikel,“
837 2635 1738 2709 sagte Haidek, der ein untrügliches Gedächt¬
829 2687 1730 2764 nis für alles besaß, was er einmal gründlich
835 2739 1019 2814 gelesen.
891 2759 1747 2842 „Ja, so! Richtig! Es stand nich darin,
834 2823 1752 2871 doch es hätte so darin stehen sollen,“ fuhr
824 2857 1757 2928 Pallinger nervös heraus. „Die Redaktion
831 2919 1748 2980 fand die Wendung zu stark und strich den
815 2958 986 3032 Fat.“
1746 940 2349 1001 au Leittten, Der Alter —....
1738 960 2557 1036 volant“ in der „Freien Bahn“ schreibt.“
1788 1017 2664 1087 „Ich kenne ihn auch nicht. Das klang
1747 1074 2590 1126 trotzig und deshalb auch unglaubwürdig.
1792 1117 2493 1180 „Auf Ihr Wort, Herr Pallinger?“
1798 1148 2659 1224 „Herr Baron, ich sitze doch nicht auf der
1746 1189 2667 1255 Anklagebank und brauche mich also auch nicht
1746 1244 2670 1307 einem hochnotpeinlichen Verhör unterziehen
1750 1291 2338 1353 zu lassen,“ brauste der auf.
1794 1320 2673 1399 „Gewiß nicht, Herr Pallinger, ich will Sie
1757 1376 2665 1439 auch nicht länger mit Fragen belästigen, die
1750 1421 2477 1492 Ihnen unbequem zu sein scheinen.“
1791 1463 2673 1526 Damit griff Haidek nach seiner Mütze, rief
1746 1513 2490 1581 nach der Bedienung und stand auf.
1803 1537 2663 1611 „Entschuldigen Sie mich, Herr Baron,“
1757 1589 2675 1665 lenkte der andere nun ein. „Ich habe mich
1764 1633 2672 1698 eben wohl etwas in der Form vergriffen.
1762 1678 2678 1749 Sie wissen, ich bin ein neuer Mann und noch
1764 1733 2668 1782 nicht ganz sattelfest in diesen Dingen. Das
1758 1769 2667 1832 hätte er sonst nicht leicht zugegeben, doch jetzt
1766 1812 2673 1880 paßte es ihm gerade, das zu betonen. „Las¬
1763 1864 2680 1929 sen Sie daraus keinen Mißton zwischen uns
1757 1909 1973 1976 entstehen.“
1806 1916 2666 2003 Haidek zündete sich eine Zigarette an, wäh¬
1748 1995 2660 2043 rend er auf die Kellnerin wartete, und ant¬
1756 2043 2053 2102 wortete nicht.
1799 2068 2683 2134 „Wenn Sie es wünschen, will ich alles
1758 2124 2685 2183 über den Verfasser der Artikel in Erfahrung
1765 2175 2667 2224 zu bringen suchen, was Ihnen irgend wis¬
1763 2217 2683 2270 senswert erscheint,“ fuhr jener geschmeidig
1765 2259 2153 2324 und beflissen fort.
1818 2283 2683 2356 „Bitte, bemühen Sie sich nicht. Die Sache
1761 2339 2452 2406 geht mich ja schließlich nichts an.“
1810 2386 2690 2446 Der Freiherr grüßte sehr obenhin und
1776 2433 2049 2503 ging hinaus.
2017 2467 2439 2539 (Fortsetzung folgt.)
2079 2542 2369 2623 —
2065 2557 2469 2674 —
1842 2646 2643 2758 Berliner Theaterbrief.
2078 2743 2376 2810 „Liebelei.“
1799 2781 2652 2858 Oper in 3 Akten von Franz Neumann.
1817 2833 2697 2901 Mit der Vorführung dieses neuen Werkes
1776 2885 2700 2956 elnes jungen Frankfurter Musikers hat Herr
1761 2938 2696 3004 Gregor von der Komischen Oper den Berlinern
1761 2973 2694 3066 gewissermaßen seine Abschiedskarte überreichen
1761 3020 2690 3093 wollen. Er verläßt nämlich mit dem nächsten
1775 3066 2692 3122 ersten April den Schauplatz seiner hiesigen, an
1767 3109 2686 3177 künstlerischen Erfolgen wohl reichen, jedoch im
1762 3154 2684 3213 übrigen dornenvollen Tätigkeit, um die Leitung
1763 3198 2692 3259 der Wiener Hosoper zu übernehmen. Herr
1772 3239 2689 3310 Gregor wird in der Theatergeschichte der
1764 3293 2704 3345 Reichshauptstadt stets mit Ehren genannt wer¬
1763 3332 2705 3425 den müssen, denn er hat seinen vielbedrohten
