3392 4224
339 130 723 213 Liebeler
215 143 750 251 .
892 138 1323 230 box 13/4
2204 102 2599 190 sleion R-23.0-3
2278 246 2522 335 Der Mergen,
1934 454 2758 545 Der „Film-Morgen
2754 446 2853 588 4
1946 593 2840 690 Achtung, Achtung, Sie hören
2290 675 2500 729 von Ralf
1946 710 2840 793 # mit S##belett abfölllt nicht ein¬
1942 773 2243 825 verstanden ist.
1978 810 2841 875 Können Sie sich eine „Liebelei“ porstellen.
1957 853 2844 920 aus der Wien verbannt istf Der Regisseur Max
1950 919 2848 961 Ophüls erklärte zwar, der Sohn Arthur
1953 950 2844 1001 Schnitzlers, Heinrich, habe ihm versichert, der
1958 995 2841 1041 Film sei „ganz im Geiste des Verstorbenen“.
1954 1048 2846 1095 Ich kenne Heinrich Schnitzler, er war schon im
1948 1090 2842 1135 Gymnasium ein höflicher Junge. Ich kann noch
1960 1140 2845 1184 verstehen, daß man den Leutnant Fritz mit
1954 1173 2846 1232 Wolfgang Liebeneiner besetzt. Er spricht
1961 1212 2847 1267 nicht wie ein k. u. k. Dragoner, sondern wie ein
1962 1260 2844 1324 preußischer Ulan, jedoch: der Film soll auch in
1962 1311 2839 1370 Deutschland Absatz finden. Schnitzler ist schön,
1962 1348 2845 1407 Wien ist auch schön, aber Pinkepinke ist noch
1959 1397 2845 1448 viel schöner! Ich kann schon weniger verstehen,
1950 1439 2853 1502 daß Gustav Gründgens aus dem österreichischen
1960 1492 2846 1538 Baron von Eggersdorf einen racheglitzernden
1960 1529 2855 1583 Junker macht, aber was ich ganz und gar nicht
1959 1574 2854 1633 verstehen kann, ist, daß der wichtigste Darsteller
1960 1637 2845 1673 eines Schnitzler=Werkes übergangen wurde. Der
1956 1676 2850 1717 wichtigste Darsteller, das ist Wien, die Wiener
1962 1706 2850 1758 Luft, die Wiener Gassen, durch die der Herr
1960 1732 2860 1808 Leutnant die Christl nach Hause begleitet in
1960 1790 2852 1845 die Paniglgasse, das ist das kleine Café, in dem
1959 1844 2856 1897 die Schlagermizzi ihre süßen Verruchtheiten
1962 1886 2861 1945 sagt, das ist der Wienerwald — und das alles
1956 1924 2855 1983 hat der fixe Herr Regisseur Ophüls in Deutsch¬
1960 1979 2861 2043 land selbst aufgebaut und photographiert. Die
1960 2020 2850 2067 Wiener Gasserln sind vermutlich in Neubabels¬
1956 2049 2857 2129 berg aufgestellt, das Wiener Café ist gründlich
1955 2104 2861 2165 daneben gelungen und Magda Schneider
1960 2163 2865 2210 ist so wenig eine Wiener Chrisil, ##r brave
1964 2197 2858 2253 Wolfgang Liebeneiner ein Dragone# dinant ist.
1961 2245 2859 2306 In Deutschland merkt man das vielleicht nicht
1967 2280 2858 2351 so und es wäre auch gar nicht wichtig, wenn's
1966 2351 2855 2399 nicht gerade Arthur Schnitzler das Wichtigste
1970 2383 2488 2434 an all dem gewesen wäre.
2001 2430 2861 2477 Arthur Schnitzler war es gar nicht so wichtig,
1969 2468 2861 2535 einen Protest gegen den Duellunsinn vom
1968 2510 2854 2565 Stapel zu lassen und einen mordenden Rächer
1973 2561 2856 2613 seiner Gattenehre zu zeigen, ihm war's um das
1972 2611 2863 2662 zu tun, was diese Gestalten umgab, den Leut¬
1973 2633 2863 2707 nant Fritz Lobheimer, die Schlagermizzi und
1967 2680 2868 2740 die Weyring Christl, den alten Weyring, den
1976 2734 2862 2792 Bühnenportier und den Ober, den Hausbesor¬
1967 2783 2860 2852 ger und den Baron, jene süße, weiche und doch
1975 2828 2471 2890 tödliche Wiener Luft
2009 2864 2860 2932 Deshalb bezweifle ich, daß Heinrich Schnitz¬
1962 2932 2853 2972 ler das mit dem „Geist seines Vaters“ aufrich¬
1972 2961 2862 3018 tig gemeint hat. Vielleicht hat er den Geist nur
1972 3004 2868 3071 beschwichtigen wollen. „Liebelei“ ist ein recht
1978 3051 2864 3102 wackerer Tonfilm mit einem Dialog der Herren
1970 3096 2865 3154 Hans Wilhelm und Curt Alexander,
1975 3137 2862 3202 sehr sauber in Szene gesetzt von Max Ophüls,
1971 3196 2865 3243 samos gespielt von Magda Schneider, Wolf¬
1967 3245 2869 3288 gang Liebeneiner, Gustav Gründgens,
1975 3277 2870 3341 Olga Tschechowa — das bißchen Wiener
1973 3332 2862 3383 Luft, das streng kontingentmäßig zugelassen
1980 3382 2864 3429 wurde, weht um Paul Hörbiger als gar
1976 3421 2864 3464 nicht so alten Musiker Weyring, um die etwas
1979 3463 2867 3516 zu g'schnappige Luise Ullrich und um den
1972 3497 2866 3555 Oberleutnant Theo Kaiser des Willy Eich¬
1968 3554 2866 3599 berger, aber die „Liebelei“ ist so von Arthur
2450 3593 2500 3636 —
2499 3588 2878 3645 übrigens pracht¬
1969 3595 2411 3652 Schnitzler wie die
1974 3631 2872 3687 vollen — Rauhreifaufnahmen aus dem Wie¬
1980 3675 2874 3734 nerwald sind. Warum nicht! Auch Schlesten hat
1978 3734 2869 3780 schöne Wälder! Die Musik von Theo Macke¬
1974 3768 2680 3824 ben ist stimmungsvoll und geschickt.
2271 3794 2877 3880 Schnitzler sollen sie mir dabei
2017 3817 2200 3886 Nur Ar
1982 3867 2877 3914 in Ruh lassen. Wird mür das versprochen, dann
1979 3903 2872 3965 gebe ich ohneweiters zu: ein sehenswerter
1975 3941 2878 4017 Film, diese „Liebelei“ von Wilhelm=Alexander¬
1984 4000 2174 4058 Ophüls!
