3436 4224
402 137 761 210 Liebele
249 136 1365 243 5.  box 11/1
813 934 1261 1021 Telephon 12801.
429 1033 1653 1104 Alex. Weigl’s Unternehmen für Zeitungs-Ausschnitte
462 1081 1601 1254 IG ZOBSERVEP“
1332 1139 1696 1234 Nr. 70
324 1252 1768 1299 I. österr. behördl. conc. Bureau für Zeitungsberichte u. Personalnachrichten
589 1298 1520 1360 Wien, I., Concondiaplatz 4.
330 1344 1780 1420 Vertretungen in Bernn, Budapest, Chicago, Genf, London, Newyork, Paris. Rom.
689 1414 1418 1474 Stockholm, Kristiania, St. Petersburg.
329 1543 844 1626 Ausschnitt aus:
844 1513 1603 1652 National-Zeitung, Berlin
333 1656 867 1776 vom:2
651 1818 1434 1901 Kunst, Wissenschaft und Literatur.
522 1854 1635 1938 Z. Das Gastspiel von Frau Agnes Sorma,
428 1913 1632 1994 das sich im Berliner Theater lebhaften Zuspruchs zu er¬
424 1969 1640 2026 freuen hat, und am Sonnabend eine der eindrucksvollsten
436 2000 1653 2073 Leistungen der Künstlerin, die Ibsensche Nora, brachte,
435 2044 1636 2118 verlief auch gestern sehr glücklich. Zur Aufführung gelang¬
418 2085 1641 2175 ten das prächtige Fragment „Esther“ von Grill¬
421 2133 1648 2193 parzer und Schnitzlers oft, aber immer wieder
432 2176 1635 2251 gern gesehene „Liebelei" Beide Rollen zeigen das
440 2197 1648 2287 Talent der Künstlerin in voller Frische und Unmittelbarkeit
430 2264 1635 2326 und fanden vielen Beifall. Reich und lebendig in der
434 2297 1644 2373 Charakteristik, sind sie doch von der Unruhe des Gastirens
437 2364 1644 2436 in keiner Weise angekränkelt. Als Jüdin, die sich das Herz
445 2401 1643 2466 des Königs erobert, verstand es Frau Sorma, das Wesen
449 2432 1646 2513 des Naturkindes, das zum ersten Mal den Glanz des Hofes
1644 2470 1765 2554 isive
447 2481 1637 2552 erblickt und der Verlockung zunächst widersteht, mit dem
357 2481 448 2569 Für
1648 2538 1727 2583 t0.
448 2524 1647 2596 klugen Instinkt des Weibes zu verbinden, das die Bedeutung
1651 2571 1754 2626 bar
451 2569 1645 2654 des Augenblicks erkennt und sich den goldenen Reif des
443 2607 1798 2690 Königs selbst auf die Stirn drückt. Ihre Christine in dem oraus
450 2649 1658 2727 Schnitzlerschen Schauspiel ist ein unvergeßliches Bild, aus
449 2673 1799 2768 Lust und Wehmuth zusammengesetzt und bis zu dem tragischenin da¬
1646 2723 1796 2777 #8 den
355 2742 1647 2807 AbonAlusgang meisterhaft durchgeführt. Herr Walden, so¬
363 2794 477 2861 Abon
457 2771 1676 2871 wie Fräulein Rauch und Herr Wehrlin standen dem
454 2835 1799 2908 Gast in den heiteren und ernsten Auftritten wirksam zursg die
1550 2884 1797 2942 eligen
356 2888 1208 2971 Inhasulgene-und.
359 2910 1810 3003 blätter (Tagesjournale ausser „Neue Freie Presse“ und „Wiener Zeitung“)
361 2994 1818 3042 wodurch eine Uebersicht über das gesammte politische und wirthschaftliche
357 3019 1812 3089 Leben des In- und Auslandes in drastischer Kürze geboten wi-d. Diese Mit¬
359 3054 1397 3145 theilungen werden in Wien um 9 Uhr Früh verschicht.
698 3138 1484 3223 Pnospecte gnatis und fnanco.
2133 24 3112 111 eueinen sri
3016 86 3154 139 spät!
2959 92 3009 139 u
2110 75 2944 149 leicht die Zeit, wo es heißt:
2104 128 3160 192 Bei der Paradiesgeschichte folgte die alttestamentliche
2105 170 3168 225 Wissenschaft Delitzsch durchaus nicht, auch seine
2101 212 3168 262 Ausführungen von dem Glauben der Babylonier
2095 241 3164 306 an ein Leben nach dem Tode stehen auf sehr schwachen
2103 283 3161 343 Füßen. Wohl aber spüren wir im Engelglauben
2109 331 3168 381 Babels Einfluß, auch bei dem Gebot der Sabbatfeier.
2110 359 3163 418 Aber der althebräische Sabbat hat für uns keine Bedeutung.
2111 391 3173 464 Für unsere Religion gibt es keine heiligen Tage, Jesus
2115 434 3165 499 hat den Sabbat gebrechen, der Apostel warnt vor dem
2114 483 3165 534 Beobachten von „Neumond und Sabbat“ Der christ¬
2113 501 3182 576 liche Sonntag ist nicht die Übertragung
2113 562 3167 613 des hebräischen Sabbats. Die Feier des
2108 592 3175 646 Sabbats war noch ein Überrest aus jener Zeit,
2102 639 3171 689 da der Mensch an die Götter glaubte, deren
2115 669 3175 737 Namen mit denen der Tage zusammenhingen. Bisher wußte
2118 713 3169 766 niemand, woher die Sabbatfeier stammte, Babel aber war
2105 764 3076 807 das klassische Land der Heilighaltung gewisser Tage.
2170 791 3178 842 Die Hauptfrage aber ist die: Stammt Israels
2108 835 3173 880 Monotheismus aus babylonischen Ein¬
2111 869 3187 924 flüssen? Es gibt außer Israel viele monotheistische
2111 911 3187 960 Völker, trotzdem bleibt Israel das klassische Volk des
2108 938 3180 998 Monotheismus. Dieser ist in Babel, dem Land des
2113 980 3180 1051 buntesten Polytheismus, nur eine seltene Erkenntnis
2112 1023 3187 1088 weniger Weisen, in Israel aber die Regel.
2119 1068 3181 1120 Der große geschichtliche Einfluß des Monotheismus
2117 1099 3189 1161 geht also von Israel, nicht von Babel aus.
2114 1135 3189 1206 Delitzsch hat die babylonischen Namen, welche mit
2118 1180 3182 1237 „El“. (Gott) zusammengesetzt sind, für monotheistische
2117 1224 3191 1268 Beweisstücke ansehen wollen, das ist verkehrt. Auch
2121 1258 3183 1319 Theophilus (Gottlieb) scheint ein solcher mono¬
2113 1292 3195 1370 theistischer Name zu sein, ist aber ausgesprochen poly¬
2119 1347 2525 1408 theistischen Ursprungs.
2178 1380 3175 1423 Es sind nur Bruchstücke, die bisher vorliegen. Das
2120 1412 3186 1468 meiste von diesen, wie die Schöpfungs= und Flutsage,
2119 1466 3187 1515 hängt indes gar nicht mit der eigentlichen
2131 1487 3187 1553 Religion zusammen. Eine Parallele zwischen
2124 1529 3180 1601 Israels und Babels Religion kann man nicht ziehen,
2126 1570 3193 1631 wie es Delitzsch tut, denn er ist in Einzelheiten stecken
2130 1606 3201 1668 geblieben. Delitzsch, gereizt durch den unverständigen
2128 1666 3188 1704 Eifer gewisser theologischer Gegner war parteiisch.
2129 1675 3195 1750 In Wahrheit sehen wir in Babel die Götter ver¬
2127 1726 3183 1787 bunden mit der Natur, in Israel den Glauben an
2126 1760 3192 1818 einen Gott, der über der Welt steht, in Babel Zauberei im
2136 1800 3200 1862 Kultus, den die großen Propheten gewiß mit Grund so
2133 1836 3200 1894 tief verachten. Der Neho Babels ist gefallen und
2126 1882 3194 1936 Marduk ist gestürzt, aber heute noch tönt das Wort der
2127 1919 3195 1982 Sänger Israels: „Wer ist unter den Göttern wie Du,
2134 1970 2297 2044 Jahwe?“
2188 1986 3185 2071 Soweit Herr Professor Gunkel, dessen Aus¬
2128 2047 3202 2111 führungen wir uns bemüht haben, möglichst getreu
2132 2085 3203 2155 wiederzugeben. Es ist nicht daran zu zweifeln, daß
2129 2131 3203 2192 der Freimut, mit dem er an einzelne Fragen kritisch
2131 2185 3203 2245 herangetreten=ist, nun wiederum von strenggläubiger
2134 2214 2807 2292 Seite Bofehdung erfahren wird.
2215 2298 2967 2448 (Oheater und Musik.
2450 2371 2882 2437 Berliner Theater.
2122 2411 3195 2499 Agnes Sorma als Grillparzers „Ssther“ und
2324 2470 3003 2539 als Schnitzlers „Cbristine“.
2195 2516 3205 2600 Der künstlerische Höhepunkt des gestrigen Abends
2131 2567 3197 2632 in der Charlottenstraße war der zweite Akt der
2137 2615 3193 2678 „Liebelei“. Was Frau Sorma hier, bei dem Emp¬
2148 2672 3211 2727 fang des Geliebten in ihrem Stübchen, an
2139 2705 3212 2777 schlichter Wahrheit, Herzenswärme und echt
2140 2759 3210 2814 mädchenhafter Zärtlichkeit gab, ist unnachahmlich.
2145 2805 3206 2862 Nichts mehr von den „schwer vermeidlichen
2145 2837 3205 2903 Folgen hartnäckiger Gastsvielereien“, deren ich
2138 2863 3214 2941 letzthin noch erwähnen mußte, weil sie hie und da
2145 2927 3208 2989 immer einmal störend wieder auftauchen —: die
2146 2973 3200 3036 ganze Szene war von einer wahrhaft großen Kunst
2142 3014 3213 3072 durchleuchtet, erwärmt und in glänzendes Gold ge¬
2144 3071 3211 3118 taucht, wie von einer Sonne. Auch im ersten und dritten
2141 3110 3203 3166 Akt war Agnes Sorma noch immer die beste Christine,
2147 3154 3203 3210 die wir gegenwärtig auf der deutschen Bühne haben,
2144 3189 3201 3249 eine mit zarten und doch großen Mitteln geschaffene
2141 3245 3199 3289 Gestalt, rührend in ihrer naiven Lieblichkeit, ihrer
2144 3280 3211 3343 treuherzigen Einfalt, ergreifend in ihrer bangen
2148 3312 3201 3378 Ahnung und traurigen Müdigkeit, tief erschütternd in
2140 3380 3212 3429 dem wilden Schmerz grell aufflackernder Ver¬
2139 3410 3204 3466 zweiflung. Aber alles dies, so bedeutend künstlerisch
2154 3448 3214 3523 es war, reichte nicht hinan an jenen schlechthin
2146 3498 3212 3565 unvergleichlichen zweiten Akt, der mit holdester
2145 3540 3216 3594 Gretchenstimmung getränkt war. In der Erinnerung
2147 3596 3206 3648 an ihn meint man ein fernes Lied zu hören, ein Lied
2163 3625 3212 3702 so alt als Welt und Leben, so süß wie die Liebe,
2221 3669 3211 3738 schwermütig wie ein Glockenklang an wind¬
2160 3700 3214 3787 stillem Herbstabend. Ich habe niemals ohne Ein¬
2156 3766 3216 3833 schränkung für Frau Sorma geschwärmt, als
2679 3809 3214 3871 zu verhimmeln, aber
2165 3821 2544 3875 es Mode war,
2233 3857 3204 3917 halte sie noch jetzt für eine große Künst¬
2155 3896 3216 3969 lerin, da es Mode ist, sie herabzusetzen. Wer
