3532 4256
438 167 860 256 Liebelei.
979 175 1426 288 box 11/1
271 187 957 304 5. SSOLE
780 885 1252 1004 Telephon 12801.
420 972 1640 1085 Alex. Weigl's Unternehmen für Zeitungs-Ausschnitte
1401 1046 1657 1121 Ausschnitt
2206 1049 2696 1160 Telephon 12801.
1177 1072 1385 1189 UR“
423 1077 718 1202 Nal0g
1449 1091 1710 1199 Nr. 29
691 1064 1209 1211 OBSERVE
1835 1139 3080 1243 Alex. Weigl’s Unternehmen für Zeitungs-Ausschnitte
304 1173 1707 1279 I. österr. behördl. conc. Bureau für Zeitungsberichte u. Personalnachrich
2751 1209 3078 1324 Ausschnitt
509 1251 1558 1365 Wien, IX/1, Tünkenstrasse 17.
1765 1212 2759 1371 91 109 „OBSERYER“
2873 1275 3144 1373 Nr. 31
699 1319 1359 1409 — Filiale in Budapest: „Plgyeló“ —
303 1341 3192 1495 Vertretungen in Berlin, Chicago, Geuf, London, Newyork, Paris, Rom, Stockho I. österr. ucherdl. conc. Burean für Zeitungsberichte u. Personalnachrichten
1943 1411 2978 1495 Wien, IX/, Türkenstrasse 17.
2130 1487 2791 1571 — Filiale in Budapest: „Pigyelö“ —
1724 1540 3194 1637 Vertrelnngen in Berlin, Chicage, Genf, Londen, Newyork, Paris, Rom, Stockholm.
302 1526 838 1636 Ausschnitt aus:
1073 1498 1645 1647 Ektrapost, Wien
1729 1672 2253 1783 Ausschnitt aus:
316 1672 529 1786 vom:
2497 1678 3208 1796 Montags-Revue, Wien
564 1706 914 1850 E·
1731 1807 1979 1936 vom:
1965 1846 2271 1975 4705
525 1885 1661 1990 (Raimund=Theater.) Fräulein Beatrice Dovsky, die am
410 1958 1663 2045 Raimundtheater bereits einen hübschen Erfolg erzielt hat, brachte
405 2025 1668 2099 uns Samstag eine Novität, den einaktigen Schwank „Olgas
1981 2006 2967 2133 (Raimundtheater.) Frl. Beatrice Dowsky,
412 2061 1668 2156 Spitzbube“. Es ist dies eine nette literarische Kleinigkeit, mit
1879 2061 2979 2178 Sals Verfasserin einiger kleiner dramatischer Scherze bekannt,
408 2110 1657 2196 welcher die Autorin — ach, zum wievieltenmale — die Fraueneman¬
1880 2133 2971 2220 leitete den Premierenabend mit einer 20 Minuten dauernden
384 2166 1651 2244 zipation persifliert. Diesmal stellt sie den weiblichen Rechtsanwalt
1872 2173 2963 2277 Persiflage der Frauenemanzipation ein. „Olgas Spitz¬
395 2225 1651 2288 in den Vordergrund, der mit seiner Rednergabe einem schuldigen,
1882 2220 2973 2314 bube“ ist ein Gauner, dem eine Verteidigerin in Straf¬
401 2261 1657 2348 Einbrecher zum Freispruch verhilft. In ihrer Freude bringt sie ihn
1876 2273 2981 2368 sachen einen Freispruch erwirkt. Das Erheiternde an dem
388 2305 1655 2403 zum Speisen nach Hause, räumt ihm den Ehrenplatz ein und zum
1874 2316 2967 2430 Einakter ist die Schilderung des Zukunfts=Familienlebens. wo
378 2377 1655 2441 „Dank dafür stiehlt er, was nicht niet= und nagelfest. Der Einakter
1875 2360 2971 2470 der Mann Kinder wiegt, während die Frau vor den Ge¬
377 2411 1712 2504 Vgefiel ganz gut, obwohl der Dialog manchmal ins Langweiligeigs
1868 2414 2966 2515 schworenen plaidiert. Etwas zu derb und zu absichtlich auf¬
392 2476 1709 2558 gerät und der Vorwurf über das gewöhnliche Maß der Lustspiel=#rte
1869 2476 2954 2578 getrag ne Farben störten die Stimmung und beeinträchtigten.
398 2521 1715 2598 Unwahrscheinlichkeit hinausgeht. Aber das treffliche Spiel der alb
1871 2507 2963 2632 die Aufnahme der von der Autorin und Herrn Thaller
386 2558 1646 2651 Autorin, welche die Rolle des Anwaltes verkörperte und Thallers
1870 2566 2952 2654 mit Temperament gespielten Harmlosigkeit. — Dem Einakter
1720 2586 1850 2677 Für
2940 2606 3151 2694 inclusive
1860 2603 2956 2711 folgte Schnitzlers „Liebelei“ mit Frau Niese
380 2629 1715 2699 köstliche Charge als Einbrecher bildeten ein Plaidoyer, auf Grund ist
2940 2660 3124 2720 Porto.
381 2678 1684 2756 dessen Fräulein Dovsky von Schuld und Strafe freigesprochen
1850 2642 3150 2763 als Christine. Es gibt schon so viele Niese=Enthusiasten, daß Zahlbar
1767 2660 1837 2753 2
1861 2697 3161 2817 die Künstlerin was immer darstellen können wird, ohne zu im Voraus.
390 2716 1660 2793 wurde. Hierauf folgte Schnitzlers „Liebelei“. Nach ihm haben!
1849 2760 3189 2852 mißfallen. Das ist die Kehrseite der Popularität! Für die Chri¬ ### ist das
390 2766 1710 2856 zwanzig andere das Schicksal des „süßen Mädels“ dramatisiert, aber, sten
1861 2807 3196 2919 stine fehlt Frau Niese die äußere Erscheinung und jene süße stcht es den
389 2839 1699 2904 eine Dichtung, von der so wie bei „Liebelei“ der Hauch des wahren'or
1726 2852 3055 2949 Abe Wehmut, welche die Gestalt in den ersten zwei Akten ver= idern.
384 2875 1701 2961 Lebens ausgeht, hat keiner zustande gebracht. Darum bleibt Schnitz= deit
1735 2904 2935 2987 Abon goldet. Erst bei den erschütternden Szenen des dritten Auf¬
1593 2921 1701 2971 chaf
373 2907 1701 3005 lers Werk immer jung und interessiert das Publikum. In so abge=)jest
1838 2938 2924 3051 zuges fand die Künstlerin eigene Töne. Hier war sie auch
2915 2958 3200 3034 thaltend die
381 2973 1622 3058 rundeter Darstellung wie hier, haven wir das Stück noch nirgends
1847 2995 2925 3099 das echte Wiener Mädl, dessen Charakterlinien Schnitzler
1722 2992 1872 3078 Inhal
2925 3016 3182 3073 Morgen¬
383 3040 1629 3106 gesehen. Jeder gab sein Bestes; insbesondere Frau Niese. Sie
2909 3044 3181 3114 ler Zeitung")
1736 3056 2925 3132 hiz denn doch ein bischen stilisiert hat. Herr Lackner und
368 3079 1631 3169 legte in die Christine ihr ganzes weiches Gemüt und stattete die
2915 3087 3190 3156 sthschaftliche
1735 3098 2927 3212 woan Frl. Reingruber fielen unter den Mitdarstellern ange¬
1745 3132 1830 3189 Leh
2928 3135 3192 3205 Diese Mit¬
373 3111 1629 3215 ohnehin feingezeichnete Figur noch außerdem mit geistreichen
1911 3136 2065 3198 hm auf.
1929 3146 2579 3249 aen in Wien un u une n
384 3182 1626 3265 Nuancen aus. Ihr Spiel wäre noch glänzender gewesen, wenn
371 3219 1631 3315 sie nicht schon im ersten Akte auf die Schwermut gestimmt gewesen
2046 3233 2852 3348 Prospecte gratis und franco.
379 3284 1625 3371 wäre. Fräulein Reingrubers Mizzi war so das richtige
376 3322 1622 3420 Wiener Mädel. Immer lustig, nur dem Augenblicke und dem Ge¬
376 3376 1617 3448 nusse lebend und doch gefühlvoll für das Leid der anderen. Ebenso
366 3437 1616 3540 trefflich spielten die Herren Jules, Lackner und Homma und
360 3465 771 3565 Frau Anatour.
1377 3499 1576 3576 9
