3484 4224
496 182 855 248 Liebele
331 192 887 285 5. Senenn
1041 166 1467 253 box 10/4
1003 1044 1784 1117 L interposto ut far appens W el
883 1073 1795 1156 of-Itenza 24 luglio u. s. dalla Cassazione di Roma.
860 1126 965 1186 ccio
848 1194 971 1275 he il
1126 1174 1979 1314 TEATRL
855 1293 957 1345 7a „
981 1286 1979 1382 AMOREGGIAMENTI ,, dramma di A. Schnitzier (c
869 1331 943 1378 ra-
1270 1356 1603 1412 al MANZONI
998 1390 1972 1452 Nella sua prima novità — diciamolo pure — la Com¬#ir
873 1409 945 1461 10—
949 1435 1906 1486 pagnia Zampieri-Paladini, non é stata molto fortunata.
939 1472 1922 1528 II teatro tedesco in generale, ha forti qualità, originali
955 1498 1961 1570 tendenze, e merita certo di esser fatto conoscere. Mal
865 1517 940 1566 he
963 1547 1906 1594 nella scelta — piü che al successo locale ottenulo in
960 1581 1911 1647 Germania e le cui ragioni possono essere specialissime,
1919 1633 1974 1668 ve
955 1630 1902 1680 e dipendere dall'ambiente — occorre guardare al valore
1911 1666 1970 1700 st
953 1662 1890 1727 intrinseco, alla portata artistica del risultato ottenuto
1905 1689 1948 1733 P
950 1697 1153 1746 dall'autore.
1900 1729 1971 1792 de
981 1743 1902 1802 Nella tendenza generale del teatro tedesco, questo
948 1774 1898 1848 dramma di Schnitzler non é certo fra 1 piü profondi,
1912 1775 1965 1840 C0
948 1813 1279 1865 né fra i piü fini.
1905 1834 1974 1876 tre
990 1856 1889 1910 La sostanza del dramma sta in due righe: la giovane
1899 1903 1969 1952 81
943 1880 1885 1945 figlia di un povero suonatore di violino ama appassio¬
948 1937 1893 1995 natamente un bellimbusto, il quale, tenendosi lei come
1903 1938 1980 2013 gli
956 1973 1888 2029 un capriccio, ha una tresca con una signora, dal cui
949 2013 1405 2057 marito é ucciso in duello.
1897 2036 1962 2080 d·
983 2048 1899 2107 Questo dramma — e i personaggi che dovrebbero rap¬
1900 2070 1974 2117 ed
948 2090 1948 2140 presentarlo innanzi ai sensi del pubblico, si manifesta#
944 2131 1913 2183 vivo, palpitante, Chiaro in una scena: quella in cui il
950 2168 1972 2222 padre della fanciulla vuol persuaderla a staccarsi dal- for
1895 2209 1960 2250 po
949 2203 1890 2257 l’uomo che essa ama, per fargli sembrar meno dolorosa
1897 2241 1965 2288 gie
939 2243 1890 2303 la notizia della sua morte già avvenuta; notizia che,
1902 2281 1959 2331 se
929 2272 1906 2341 recata da un amico, apre alla fanciulla gli occhi d'un
937 2316 1277 2369 tratto amaramente.
1874 2341 1948 2388 20
964 2359 1955 2428 Ma questa scena — una bella scena, stringent in-m.
927 2381 1888 2441 calzante — 6 l’ultima del dramma. E per ani## ersi il
933 2436 1938 2494 pubblico ha dovuto attraversare due atti di ## enta-1e
925 2475 1959 2530 zioni scialbe, di dialoghi melensi, di motti dis toru¬ gr
937 2512 1960 2575 vidi e senza vila, dei quali si é vendicato 7 do edjal
940 2547 1228 2599 impazientendosi.
963 2590 1711 2645 Solo l'ultima scena — per merito speciali
1751 2592 1954 2656 anche i
936 2621 1699 2693 della Maria, che ha potente la nota del sei
1869 2640 1944 2696 1n
919 2652 1509 2721 ha strappato un applauso sincero.
967 2705 1691 2763 Senza infamia vera. ma senza lode il dr¬
1744 2713 1951 2766 e cosi  #
930 2748 1569 2803 passato, crediamo, nel dimenticatoio.
1886 2754 1930 2807 10
956 2793 1670 2844 Al Filodrammatiei avremo dal 1
1725 2786 1947 2862 re cor-6
928 2845 1879 2896 rente all’ 8 dicembre p. v., uno spettacol opera e
1888 2855 1938 2892 CC
913 2863 1033 2914 ballo.
958 2904 1503 2963 Si daranno le seguenti opere:
950 2942 1944 3007 Romana, dramma in un atto e due qu di G. Gi-18
912 2995 1655 3037 gli, musica del maestro Macio Vitali di N
1670 2995 1788 3053 rata.
952 3028 1653 3077 Are Maria, del maestro Donizetti Alfr
952 3057 1634 3112 Madre, del maestro Clementi di Bolog
962 3093 1939 3166 Gringoire, del maestro Scontrino, pr ie di & Cor-
914 3130 1066 3185 delia. 9
948 3163 1909 3245 Piü le seguenti opere di repertorio: Sonnambula
924 3214 1134 3277 sd Ernani.
938 3241 1550 3305 Maestro concertatore: G. Grisanti.
2156 1058 2456 1130 Reto, ad antr.
2163 1164 2849 1239 HAGTEATRI
2178 1234 3051 1287 Manzont. — La Compagnia Paladini-Zam¬
2145 1283 3053 1328 pieri di sera in sera é sempre piü entrata nel
2150 1310 3049 1365 favore del pubblico e ne ha gnadagnate le
2158 1355 3055 1394 simpatie, cosi che vede il teatro sempre fre¬
2159 1389 3055 1432 quentato. Anche iersera, malgrado si desse
2161 1430 3052 1482 una novità — pare impossibile, ma ormai si
2147 1467 3056 1521 deve dire: malgrado, tanto le novità sono fre¬
2155 1509 3055 1548 quenti ed hanno cosi scarso valore — c’era un
2155 1533 2483 1589 teatro brillante.
2182 1579 3063 1638 Si é rappresentato un dramma in 3 atti:
2148 1621 3046 1667 Amoregoiamenti, di Arturo Schnitzler, un gio¬
2149 1654 3045 1700 vane autore che vien considerato come un se¬
2151 1700 3048 1744 guace del Sudermann. II dramma, che ha
2156 1743 3050 1804 avuto, a quanto ci dicono, un centinaio di
2146 1772 3046 1820 rappresentaziont consecutive. a Vienna, é pas¬
2148 1812 3054 1874 sato freddamente; al primoatto minacciava di
2154 1856 3046 1904 naufragare, all' ultimo si é chiuso con un te¬
2150 1884 2443 1941 pido applauso.
2175 1917 3043 1986 E' condotto con molta, troppa semplicità;
2142 1955 3050 2025 ha un dialogo poco disinvolto; é colorito sbia¬
2147 2004 3049 2070 ditamente, ma non manca di pregi, che l'hanno
2142 2040 2645 2095 salvato da peggior sorte.
2171 2079 3051 2140 Gianni, violmista all’Opera, ha avuto una
2144 2128 3043 2181 sorella, che egli ha tenuto con sé, ha circon¬
2146 2161 3047 2213 data di cure ed é morta vecchia zitellona se# #a
2165 2197 3037 2257 ver nulla conosciuto, nulla goduto al mondo,
2219 2239 3045 2293 toche egli, quando la perde, se ne sente
2164 2272 3049 2333 imorso. Non vuole che altrettanto avvenga di
2143 2305 3043 2372 Cxistina, sua figlia, e verció chiude un occhio
2136 2358 3038 2409 su quello che fae la lascia godersi l’amore di
2143 2387 2571 2441 un giovinotto vireur.
2157 2430 3048 2476 Ma Cristina si innamora sul serio del suo
2133 2458 3048 2515 Fritz e Fritz pure l’ama. Se non che ha amo¬
2129 2513 3039 2569 reggiato anche con un'altra donna il marito
2141 2546 3031 2611 della quale scopre la tresca: ne avviene un
2130 2584 2690 2630 duello e Fritz rimane ucciso.
2157 2620 3031 2676 E lei, povera Cristina, tutto ignorava e tutto
2135 2665 3037 2715 poi indovina; egli é morto senza ricordarsi di
2125 2702 3035 2753 lei, senza nulla dedicarle, mentre ella credeva
2131 2740 2617 2781 non vivesse che per lei.
2154 2770 3036 2822 Chi piü infelice? La sorella di Gianni, cho
2129 2817 3036 2871 nulla ha assaporato al mondo, ola di lui figlia
2122 2860 3028 2916 che ha provato l’amore? Ecco l’iutento dram¬
2132 2886 2303 2939 matico.
2157 2917 3036 2993 II primo atto, una cena, una partie carrée
2122 2967 3026 3030 fra Fritz e Cristina, un amico di lui ed und
2120 3007 3030 3070 amica di lei, manca assolutamente di brie, 6
2127 3052 3022 3105 stentato ed ha fatto temere che del dramma
2114 3084 2571 3135 non si vedesse la fine.
2146 3126 3022 3189 Ma all'ultimo una scena fra padre e figlia,
2124 3162 3034 3228 in cui é proprio lui, il padre, che dovrebbe
2116 3200 3032 3276 rivelare alla alla figlia la sorte di Fritz, é con¬
2116 3235 2556 3291 dotta magistralmente.
2144 3273 3020 3347 L’esecuzione nell'assiemi freddina, ma accu¬
2119 3317 3028 3363 rata: la signora Mariani commoventissima, sem¬
2119 3351 2494 3409 plice, interessante.
2910 3363 2992 3416 Z.
2154 3391 2326 3447 T.i
2857 3401 3017 3445 N.###
