3344 4256
411 170 784 257 Liebelei
251 180 1382 277 5. MAELELEL box 11/2
1658 676 3353 737 THE WORLD: WEDNESDAY, FEBRUARY 18, 1907.
334 761 2263 878 KATHERINE GREY AND PHYLLIS RANKIN
345 843 2482 953 IN·THE RECKONING, AT BERKELEY LYCEUM.
1792 981 2065 1031 S  Se
2247 1008 2437 1070 S
1786 1116 1873 1190 0
1762 1317 1862 1374 S
408 2178 891 2236 Sczyz Ge 402 Z
391 2211 1033 2275 In ARTÄUR SehMazzzzs
399 2254 1067 2296 24## RECxaFNye
389 2290 1105 2343 BEEREEEETCZI. Breazh
1760 2346 2502 2402 dences now and then that the players
1765 2379 2494 2416 were not in full sympäthy with the
357 2327 1094 2440 Odd German Drama Is Viv¬
1773 2408 2491 2448 characters. Except for Miss Grey, who
1773 2440 2491 2483 impersonated Christine Wehring, the de¬
376 2421 1074 2508 idly Acted—Strong from
1780 2461 2489 2501 ceived girl, the best work in the play's
1773 2492 2476 2529 behalf was performed by the stage di¬
1771 2511 2492 2556 rector, Gustav Von Seyfferlitz, for the
394 2498 1068 2584 Un-American Standpoint.
1764 2539 2501 2592 effect produced was most lifelike and
1764 2569 1951 2624 matural.
1784 2586 2503 2637 Miss Grey touched a deeper note of
1775 2625 2499 2676 eincerity, exhibited a more intense and
382 2634 1098 2698 As is often the case, a play quite un¬
1769 2651 2501 2702 sustained emotional force and acted
1778 2689 2497 2726 with more polished technique as Chris¬
357 2688 1083 2744 usual in the acting, as well as in the
1774 2712 2488 2752 tine Wehring than most observers of her
345 2720 1093 2783 writing, was produced last night and
1777 2740 2493 2785 past work have thought that she pos¬
1781 2763 2497 2817 sessed. All her lighter moods were ad¬
350 2771 1082 2824 few people were on hand to witness 1t,
1781 2800 2489 2852 mirable. She indicated clearly not önly
357 2802 1091 2868 although many other less interesting
1790 2832 2491 2869 tn girl’s lack of knowledge of men,
363 2848 1087 2904 events were patronized by huge hollday
1781 2854 2519 2901 Du# the intensity of her first affection
1782 2882 2487 2930 wäth its shadows of doubt ahd distrust.
371 2882 1084 2938 crowds. An audience that only half
1774 2903 2520 2953 The hysterla of the awakening froni
361 2915 1082 2965 fills the Berkeley Lyceum Theatre
1780 2935 2502 2983 her delusion was büllt ub by degrees to
366 2965 1093 3004 must be called only a handful, and that
1784 2961 2497 3004 a powerful emctional elimax. The de¬
361 2990 1090 3037 is all that saw the English production
1779 2985 2484 3032 fegt throughout was the äctress’s inabll¬
1780 3003 2496 3059 itw to impart warmth to the character,
373 3012 1081 3070 of Arthur Schnitzler’s German drama,
367 3026 1080 3097 The Reckoning,“ with Miss Katherine
1789 3034 2494 3095 As her volatile and indifferent com¬
1793 3060 2504 3118 ###nien. Mitzi. Miss Phyllis Rankin
349 3071 840 3125 Grey in the leading role.
1319 3099 1459 3143 ——
1779 3093 2505 3143 aeted with much less positiveness and
1475 3091 1771 3149 EMILE RAUR
393 3090 1088 3135 The small gathering, nowever, was
1547 3128 1614 3159 wren
1788 3134 2491 3173 naturalness. The masculine #eles were
362 3133 1088 3179 deeply moved by the play, although it
1151 3133 1772 3189 CoMD TPTSBUR
1777 3160 2500 3202 all finely played. John Dean. as the
369 3160 1082 3204 would not be correct to say that it de¬
1359 3165 1687 3216 CEEER
1773 3178 2505 3228 offending vouth, Sommer, was happy in
366 3182 1087 3222 rived much real pleasure from the pro¬
374 3210 1082 3250 ceedings, which were too close to life to
1777 3210 2493 3260 Temphasizing the juvenile weakness of
368 3242 1073 3289 be comfortable and too ugly in their
1778 3243 2064 3294 the character.
1080 3249 1781 3314 üncreassing to something more substan¬
1802 3264 2502 3316 George Henry Trader, as Christine's
363 3274 1069 3307 outcome to be agreeable. The story
1083 3282 1792 3326 tial, but it has been greatly magnified
370 3292 1073 3348 was one of the minor tragedies of lite,
1791 3294 2499 3336 father, an old musiclan, played the role
1085 3306 1791 3355 by the girl. He is challenged b the
516 3316 1069 3362 less impressive because it deal
1792 3317 2497 3361 with touches of pathetic paternal ten¬
1077 3339 1791 3386 injured husband and killed. Then, when
371 3349 1074 3402 with the small weaknesses of small pes
1799 3336 2491 3392 derness. There was fine dignity and re¬
1077 3356 1790 3410 the girl learns the,secondarv place she
1791 3370 2494 3420 pressed feeling in Albert Bruning’s por¬
368 3374 460 3430 ple.
1081 3386 1789 3436 has heid in his heart. and how others
403 3383 1074 3439 Its burden was the force with whien
1794 3405 2499 3446 trayal of the offended husband. Robert
1079 3427 1780 3467 regard her relationshin, she gives way
368 3427 1081 3468 trifling with the laffections falls upon
1782 3429 2490 3478 Conness as Theodore Kaiser, the com¬
1089 3453 1747 3500 to Velent despair and kills herseif.
370 3449 1079 3491 the woman. Fritz Sommers, the
1787 3467 2495 3507 panion of the offending youth, actel a
1109 3468 1785 3517 It would seem that à story so slight in
381 3484 1081 3516 Vienese student, is not intended by the
1795 3490 2509 3532 role cast in the same möuld and acted it
1092 3497 1787 3545 essential details would need less than
379 3508 1092 3546 author to be a cad, although he ap¬
1791 3523 1913 3570 well.
1088 3524 1791 3570 three acts in the porträyal, Indeed, the
372 3534 1085 3575 wears to be such in the translation öf
1095 3546 1790 3593 essential events are restrieted toj the
367 3562 1081 3603 ühe play. From the German viewpoint
1097 3581 1795 3619 ürst half öf the first act and theilast
1794 3581 2513 3629 Twenty Below in the Adiron¬
368 3584 1079 3627 he gives way to vouthful weakness,
2056 3609 2241 3652 dacks.
1095 3601 1798 3646 half of the last. But so clever is tuc
381 3615 1079 3652 rather than to base motives and pay's
1088 3635 1798 3677 German dramatist in sketching minor
1953 3623 2334 3680 (Specialto The World.)
379 3647 1089 3687 the penaltg—but reparation which he
1097 3660 1800 3702 ineidents and so ant is his dialogue
380 3666 1085 3711 makes at the cost ol his life is the
1807 3657 2518 3723 SARANAC LAKE, N. F., Feb. 12.—
1090 3696 1798 3725 that interest endüres even when the ac¬
375 3693 834 3741 lesser pärt of his debt.
1788 3693 2520 3757 Thie mereury hhas been 20 below zero
1093 3717 1785 3756 tion docs not progress. A rather close
405 3709 1090 3758 This youth bas invorvevd himself in
1088 3744 1788 3795 analysis of the feelings and emotions of
366 3741 1087 3780 an affair with a married woman and
1787 3748 2524 3796 throughout the Adirondacks for the
1087 3764 1563 3818 the heroine is the result.
367 3771 1081 3802 meanwhile has amused himself by play¬
1799 3773 2518 3827 last twenty-four hours and is falling
1373 3781 1783 3838 geidered, the plaz was
1107 3789 1322 3839 Eversthlur
370 3790 1092 3839 ing with a girl’s affections. Ths pass¬
1087 3809 2061 3850 eume#mench there were evi- Ifast to-night.
367 3809 1098 3872 ing attaehment on bis nart #s graceallt¬
