3484 4256
142 142 286 251 5.
823 138 1291 250 box 13/3
283 140 706 226 Liebelei
261 188 710 270 n  eene
2184 1003 3194 1078 Frau Rosar als Strumpfwirkersgattin war die
1128 1018 2180 1104 Darstellerin der Christine verbunden sind, fort; sie
2155 1066 3192 1134 dritte vollendete Weiblichkeit aus der Vorstadt;
1141 1076 2171 1163 ist vielleicht nicht mehr ganz aus Artur Schnitzlers
171 1059 1130 1174 „Liebelei.“ — „Der tapfere Cassian.“
2167 1120 3189 1188 ausgezeichnet ihre Schärfe, die behutsamst einge¬
1145 1125 2163 1194 Süßer=Mädel=Generation; sie ist gar nicht mehr
424 1125 911 1203 Von Artur Schnitzler.
2157 1152 3201 1246 wickelt ist in zuckersüßer Freundlichkeit und un¬
1168 1169 2167 1246 sentimental, ihr Profil und ihr Gemüt sind schon
203 1153 1095 1247 Neuinszenierung im Theater in der Josefstadt.
2157 1219 2879 1295 überwindlicher Sucht zur Kuppelei.
1144 1212 2166 1309 härter, als damals diese Heros aus der Wiener
186 1225 1160 1311 Sozusagen im wesentlichen vom Genius loci er¬
1154 1273 2172 1341 Vorstadt waren, aber solch eine flammende Leiden¬
2204 1261 3180 1349 Prachtvoll auch Hugo Thimig als alter
175 1291 1156 1363 illt, zieht im Josefstädter Theater Schnitzlers
1165 1321 2165 1396 schaft, eine so wilde, reine Empörung des Gefühls,
2157 1340 3197 1405 Weyring; es liegt natürlich nahe, in ihm mehr den
172 1339 1168 1409 ohelied von der Christine und der Mitzi vor¬
1165 1372 2168 1440 ein solches Aufbäumen wider den Verrat ihres
2161 1392 3190 1463 alten Miller zu sehen, aber wie nahe sind sich denn
173 1388 1169 1485 ber. Man spielt im Kostüm und Interieur, in dem
1166 1416 2162 1488 besten, tiefsten Gefühls — das hat noch keine
2161 1435 3194 1495 auch die beiden tiefen Vaterherzen; man sieht da,
179 1440 1167 1512 sie „Sezession“, damals letzter Zeitausdruck
1167 1467 2167 1538 Christine so erschreckend, so hinreißend, so wirklich
2167 1483 3203 1552 daß es in der Herzensgeographie ja doch keine
162 1489 1173 1569 ar. Das gibt eine historische Feststellung, die
1160 1498 2172 1588 gewaltig gelebt — nein — gelitten, mit Herz¬
2165 1529 3201 1597 Grenzen gibt uno daß die Farben des Dialekts eine
167 1535 1170 1618 den Einwand hinsichtlich „Überlebtheit“, „Unzeit¬
1170 1559 2166 1632 blut verströmt. Höhepunkt: die mit einer Empfin¬
2168 1582 3197 1650 rein theatralische Außerlichkeit sind. Herz, Herz und
171 1580 1164 1662 emäßheit“ entkräftet. Selbstverständlich sind alle
1156 1610 2171 1689 dungsgröße, einem Naturlaut einer todwunden
2170 1633 3192 1690 wieder Herz gibt aber dieser alte Herr. Und nichts
181 1631 1165 1703 iese Menschen heute nicht mehr da! Und die jungen
1160 1660 2171 1736 Kreatur hinausgeschrienen Worte: „Und wann
2163 1670 3207 1750 ist erschütternder als der Augenblick, da die Ein¬
180 1683 1176 1748 eute des Stückes, der Theodor, der Fritz, die
1161 1705 1892 1802 kommt denn der nächste Liebhaber?“
183 1729 1175 1804 hristine und die Mitzi, schon gar nicht mehr! Eher
1197 1718 3207 1817 Wer es noch nicht weiß, hier erschaut, vernimmt samkeit in seine Stube bricht, denn Christine wird
2190 1768 2946 1844 ## wirklich nicht mehr wiederkommen.
179 1773 1172 1856 och die Alten, die ganz aus dem Kleinbürgertum
1166 1807 2177 1877 er es: Paula Wessely ist keine Schauspielerin; sie
167 1829 1167 1912 kommen, wie etwa der alte Weyring und die Frau
2206 1828 3201 1910 Eine schwere Aufgabe hat Hans Thimig
1161 1858 2187 1929 ist das große Frauenherz des deutschen Theaters
179 1874 1175 1957 Pinder — sie sind eben auch damals nicht Über¬
2171 1884 3207 1964 übernommen. Es beweist nur seine ungeheure schau¬
1170 1915 1515 1987 der Gegenwart.
182 1920 1171 2003 angsmenschen gewesen, die durch ihre Psyche und
2184 1932 3209 2008 spielerische Vielseitigkeit, wenn er den Liebhaber
1198 1923 2179 2013 Aber auch eine so naturnahe, wahrhaftig
181 1982 863 2054 Physis Gefahren ausgesetzt waren.
2169 1994 3202 2050 in wienerischem Moll, den Fritz, in schöner ver¬
1162 2005 2180 2071 wienerische Schlager=Mitzi hat — selbst das Wiener
2169 2031 3206 2099 haltener Empfindung glaubhaft zu machen verstand.
194 2026 1167 2112 Ausgezeichnet also die Erkenntnis des Regisseurs,
1166 2051 2176 2123 Theater — noch nicht hervorgebracht, wie wir sie
2184 2088 3206 2151 So nach flüchtigen Urteilen und nach alten Gewohn¬
176 2089 1176 2171 Schnitzler als Dichter seiner Zeit zu gestalten, und
1162 2097 2184 2169 jetzt in Frau Czepa entzückt, verwundert und im
2182 2132 3211 2203 heitseindrücken ist auch des Dichters Sohn, Heinrich
181 2140 1177 2213 ls solcher erscheint er in seinem stärksten, unmittel¬
1167 2155 2173 2212 Innersten als das dem Wesen der Wessely
2173 2177 3206 2261 [Schnitzler, nicht der richtige Theodor. Und doch
186 2188 1170 2267 arsten und tiefsten Stück heute noch ganz stark,
1169 2199 2187 2270 komplementäre Wienertum erleben; dieses anmutige,
2178 2234 3215 2305 für unsere Zeit heute der Richtige, denn der Partner
184 2245 921 2321 anz unmittelbar und erkenntnistief.
1160 2250 2186 2327 wirklich „süße“ Mädel, diese angeborne Grazie und
2181 2287 3214 2347 der Czepa=Mitzi ist kein Geck, kein Dummkopf, kein
1167 2295 2189 2355 Liebenswürdigkeit, in der alle Musik dieses Bodens
201 2294 1172 2380 Außerordentlich erfüllt vom Genius loci war auch
2181 2332 3210 2393 Lebejüngling, sondern auch ein kluger, überlegener
1159 2341 2189 2412 ruht, kommt bei Frau Czepa in einem eigenen
186 2351 516 2441 ie Tärstenung.
2180 2389 3213 2461 und kultivierter junger Mann aus gutem Hause.
1177 2391 2184 2465 Wienerisch, mit einem Lebenssinn, der eben leicht
202 2380 1187 2478 In wundervoller Ausgeglichenheit zieht diese
2214 2417 3221 2493 Herr Hübner als Herr macht gute Figur ohne
1178 2437 2199 2510 und flatternd ist, durch eine Klugheit, die auch eine
177 2461 1180 2519 Tragödie kleiner Leute vorüber; kleiner Leute, unter
2193 2471 3211 2542 die bewußte Dämonie, die jene nicht vergessen, die
1181 2487 2185 2553 Berechtigung hat, zum Ausdruck. Geht Paula
187 2502 1191 2578 denen eine große Heldin lebt — unerkannt,
2187 2524 3219 2595 je Mitterwurzer in der Rolle sahen; es wäre auch
1183 2538 2182 2600 Wessely mit allem was „Liebelei“ ist, erschütternd
181 2556 1191 2631 hnungslos, bis ihre Stunde anbricht. Diese
179 2569 3209 2665 ienerische Heldin ist nun Paula Wessely. Sie zu Gericht, so ist Frau Czepa die alles versöhnende, zu vermeiden, daß es sich der beleidigte Gatte im
2185 2624 3219 2706 Hause des Liebhabers bequem macht; nach den
192 2653 2037 2721 setzt die Reihe der tiefen Eindrücke, die mit der alles verstehende Schwäche allen Fleisches.
238 2940 1106 3053 „OBSERVER
326 3029 1044 3086 I. österr. behördl. konzessioniertes
289 3058 1091 3148 Unternehmen für Zeitungs-Ausschnitte
358 3132 1002 3209 WIEN, I., WOLLZEILE 11
431 3185 933 3241 TELEPHON R-23-0-43
232 3292 648 3402 Ausschnitt aus:
588 3403 1146 3518 WIENEK ZRITUNe
243 3516 410 3625 vom:
501 3586 1039 3709 2 3 FEB. 1933
