3248 4320
200 206 755 310 5. Liebelei
436 205 1353 310 eLeter box 10/1
1390 1080 1577 1163 —.—
492 1138 1666 1191 Dieses Wortist an und für sich — unter der Herrschaft des constitu¬
1740 1121 2826 1192 Eines Kolur her aech hröstgehöbir zu welaen!
482 1176 1667 1231 tionellen Systems — ein Anachronismus. Es gibt jetzt keine
1657 1170 2839 1237 Es wird oft im Auslande darauf hingewiesen, daß die
482 1217 1658 1257 oder nur sehr wenige „Schlachzizen“ in dem im Auslande gebräuch¬
1669 1213 2836 1263 Zahl der ruthenischen Mandale im Landiage und im Reichs¬
486 1256 1665 1303 lichen Sinne des Wortes. An ihre Stelle tritt heute in Galizien
1662 1250 2235 1321 rathe in keinem Verhältnisse
2306 1263 2831 1315 der Zahl der ruthenischen
478 1292 2830 1360 ein neues Element, welches, soweit es den kleinen Adel betrifft, dem 1 Bevölkerung in Galizien stehe. In der That betrögt die Zayl der
660 1337 812 1402 WERTAA PRARE
2052 1344 2151 1405 AA
476 1376 1661 1443 Quartier Latin, in welchem die Grisette obligates
1665 1386 2842 1468 Sinn dieser eklen Comödie?“ Um zu erfahren, daß es
472 1441 1663 1499 Inventarstück bildet. Das deutsche Studentenlied
1668 1447 2830 1515 verliebte Närrinnen gibt und dumme Jungen, welche
473 1492 677 1562 lautet:
1668 1493 2833 1556 diese Narrheit mißbrauchen, dazu bedarf man doch
757 1517 1355 1592 „Es war aber Einer drunter,
1667 1545 2832 1588 nicht erst des Herrn Schnitzler und einer Musterauf¬
764 1568 1432 1652 Der's nicht verschweigen kunnt er,
1667 1580 2837 1661 führung im Burgtheater. Was sagt uns diese Comödie,
765 1623 1288 1684 Daß ihm für diese Nacht
1662 1631 2835 1716 das uns für das Unbehagen entschädigt? Wo ist die
761 1664 1255 1737 Sein Liebchen zugesagt“
1676 1680 2609 1756 geistreiche Frivolität, wo die große? rol?
485 1720 1640 1795 und der zur Strafe vom Liebchen den Abschied erhält. —
1821 1728 2547 1804 Ein Augenblick, gelebt im Paradiese,
475 1773 1666 1842 Echt pariserisch ist die Mansardenstube Christinens mit
1817 1772 2660 1861 Wird nicht zu theuer mit dem Tod ged St.
478 1825 1599 1883 dem Nähtisch am Fenster und der Aussicht auf den
1757 1837 2835 1918 Diese Moral hören wir doch lieber in der Formuli¬
480 1870 1662 1926 Kaylenberg. Noch sind in unseren Vorstädten und Vor¬
1659 1880 2835 1963 rung Schiller's, selbst wenn Herr Kutschera den
486 1921 1662 1984 orten die Häuser zu fünf Stockwerken verhältnißmäßig
1666 1939 2828 2002 Carlos spielt. Und nun, nachdem Fritz im Duell um
481 1965 1668 2011 seltener und erst nach „Groß=Wien“ entstanden. Ueber
1657 1982 2825 2049 einer Anderen willen gefallen ist, nun erhebt, revoltirt
488 2014 1656 2069 die Dächer weg aber sieht man doch nur von der
1661 2026 2834 2094 Christine und fragt verzweifelt: „Was war ich ihm?“
488 2044 1670 2114 Mansarde aus, die in unserer Bau=Ordnung für hohe
1720 2072 2830 2154 Ja, das mußte das Mäderl doch schon längst
486 2109 1653 2164 Zinshäuser nicht geduldet wird. Statt des Canarien¬
1658 2121 2826 2187 wissen. Turriddu hat Santuzza die Ehe versprochen.
482 2152 1655 2225 vogels und der Blumen, die zum Pariser Grisetten¬
1670 2177 2837 2237 Santuzza soll Mutter werden und wird von Lola
482 2196 1658 2268 zimmer gehören, hat der Autor eine Schubert=Büste
1663 2212 2834 2284 schamlos beschimpft. — Aber Christine hat dramatisch
489 2241 1668 2310 auf den Ofen gestellt, die der gebildete Fritz nicht
1661 2262 2831 2308 keinen Anspruch auf Pathos. Sie hat in der Gesell¬
487 2284 1660 2344 erkennt! Diese kleinen Versuche, Wiener Localcolorit zu
1662 2308 2826 2376 schaft Theodors und der Schlager=Mizi gesehen, was
488 2330 1662 2391 schaffen, sind bezeichnend; sie verrathen die Absicht in
1667 2354 2834 2424 sie zu erwarten hat. Die grenzenlose Dummheit kann
480 2374 1121 2456 ihrer zwecklosen Auffälligkeit.
1661 2405 2834 2476 nicht Anspruch auf tragische Glaubhaftigkeit erheben.
571 2434 1652 2514 Und nun die „Liebelei“ zwischen Fritz und
1656 2454 2820 2510 Dabei ist der dürftige Vorgang auf drei Acte aus¬
488 2491 1662 2544 Christine! Das ganze Verhältniß von der ersten
1665 2496 2824 2553 einander gewalzt, von denen zwei Acte ganz überflüssig
490 2536 1660 2595 Bekanntschaft bis zur Katastrophe währt nicht vierzehn
1657 2545 2825 2598 sind. Will man das große Spiel der Sandrock dem
481 2586 1657 2633 Tage. Schon bei der ersten Begegnung hat Christine
1652 2594 2831 2638 Repertoire erhalten dann könnte der dritte Act ganz
486 2634 1654 2695 Alles gethan, was man von einem „lieben Mäderl“,
1656 2636 2838 2689 gut allein gegeben werden. Freilich würde damit die
483 2676 1657 2737 wenn es Studenten besucht, erwartet. Es fällt schwer,
1658 2679 2823 2731 Aehnlichkeit mit dem Verga'schen Stücke auffälliger.
488 2725 1667 2793 sich für ein Mädchen von so plötzlicher Bereitwilligkeit
1650 2732 2838 2799 Viel Dank verdienten Herr Zeska und Fräulein
491 2771 1655 2833 zu interessiren; es fällt noch schwerer, an die Ver¬
1650 2776 2838 2845 Kallina, welche in die öde Langeweile der ersten
494 2800 1217 2884 zweiflung dieses Mädchens zu
1201 2807 1660 2883 glauben, das sich
1650 2816 2826 2882 Acte mit leichtem, frischem Humor erfreuliche Ab¬
488 2857 1661 2930 hingab, ohne vom Geliebten mehr zu wissen, als
1654 2865 2833 2931 wechslung brachten. Sonnenthal spielte den zärt¬
987 2904 1666 2981 Hero ist ja auch ein „lieves
1657 2911 2836 2974 lichen Vater und machte die Rührung frei, ohne die
483 2903 917 2975 daß er Fritz heißt.
489 2957 1662 3015 Mäderl“, aber der Leander war auch dafür
1661 2954 2828 3025 das Stück rettungslos in den Orkus gefahren wäre.
494 3004 1659 3056 über die Dardanellen geschwommen und hatte den
1653 2997 2821 3063 Der Meister hat das festgefahrene Schiff mit einer
482 3043 1655 3104 Thurm erklettert. — Fritz encanaillirt Christine vom
1654 3043 2833 3130 Fluth von Thränen wieder flott gemacht. Wer fragt
490 3096 1658 3154 Beginn des Stückes an, er verweigert ihr jede Aus¬
1656 3095 2406 3173 nachher, weßhalb er geweint hat?
490 3140 1657 3192 kunft und erwidert ihre verliebte Zärtlichkeit nur mit
2081 3147 2808 3239 Emil Granichstaedten.
489 3190 1663 3249 blasirter Lüsternheit. Das gibt ein so unerquickliches
503 3225 1690 3309 Schauspiel, daß man doch fragen muß: „Was ist der
2901 1139 3080 1207 +.
3139 1140 3262 1212 —
2839 1185 3260 1243 Wie belanat, hat dast
2827 1226 3251 1285 Ortsschulrathes in Lom
2839 1263 3260 1324 schwarz=gelben Fahnen
2839 1306 3249 1360 Entscheidung wurde dem
2830 1333 3255 1391 Bezirksschulrach übermit
2832 1381 3251 1433 Ortsschnlrath diese Fahr
2836 1422 3260 1469 widrigenfalls der Bezirk
2838 1457 3254 1506 gemeinde selbst beistellen
2834 1497 3261 1538 trage nicht nach, vielme
2834 1532 3261 1582 raths, Josef Dolezal, de
2835 1556 3262 1617 Beschwerde an den Verr
2836 1600 3261 1657 daher die Fahnen erst n
2837 1643 3256 1695 angeschafft werden könne
2829 1671 3259 1730 veranlaßt, zwei Fahnen
2834 1710 3261 1771 zu übersenden. Zugleich
2833 1747 3249 1797 hiefür entfalle den Betr
2836 1782 3255 1843 unter den Folgen der E
2835 1825 3256 1879 Gemeindevermögens zu
2827 1851 3259 1916 hoben gegen diesen Zahl
2827 1892 3260 1946 auch der Stadtroth den
2843 1941 3253 1997 Lügleich wburde auch die
2840 1974 3259 2047 sterial=Tutscheidung an d
2912 2045 3255 2123 Eger, 7. Octobe
2822 2088 3260 2153 fand in Plan eine #
2829 2134 3248 2186 Bürgermeister Johann
2821 2175 3260 2236 der Bürgermeister und
2824 2209 3260 2267 Mies und Sandau beh
2834 2254 3261 2307 erledigte Landtags=Aben
2830 2299 3254 2348 Abgeordnete für diese S
2830 2330 3252 2388 und k. k. Postmeister a.
2830 2363 3260 2413 Versammlung des eng
2834 2405 3256 2459 Candidatur nicht zu be
2831 2438 3261 2493 Notar in Neuern, über
2833 2474 3263 2532 seine Candidatur für
2830 2516 3260 2564 angemeldet. Derselbe
2830 2546 3249 2607 männer=Versammlung v#
2830 2592 3260 2644 lichen Sinne gehaltenes
2825 2622 3252 2685 wurde. Notar Schreine
2829 2656 3262 2708 harauf hin, daß de
2821 2650 3249 2794 Paan felt ten sel
2827 2757 3246 2833 gebungsvoller u
2835 2806 3262 2861 freten hat, und sag
2831 2838 3261 2896 daß Herr Rasp, welch
2826 2885 3253 2932 Veteranen des deutschen
2833 2922 3260 2971 Schmeykal stets mit Mu
2829 2958 3262 3007 Deutschthum, Fortschritt
2823 2994 3259 3046 mentarischen Schauplatze
2830 3028 3261 3084 nochmals ersucht worden
2830 3071 3225 3121 jedoch bei seinem frühe
2848 3102 3220 3151 ihm über Antrag der
2838 3140 3259 3199 Reichsraths=Abgeordnete
2850 3183 3249 3239 Bürgermeisters in Mies
2867 3219 3262 3268 sich während seiner
2853 3257 3254 3325 Abgeordneter um das B
