3532 4256
429 183 665 263 Liebe
254 175 1408 297 5. Laesslei box 10/8
1880 1282 1963 1359 #%
2750 1304 3377 1394 neues Gebäude, Eae der Berg= un
1485 1308 1730 1409 #### der¬
1727 1312 2747 1388 Allerdings nicht in Oelfarbe; ei Tiobenswerth aus¬
2765 1377 3374 1439 Bezirke: das ist die neue Teleph
681 1376 1626 1458 langte Taufcapelle hat nunmehr wegzufallen.
1731 1383 2747 1440 geführte Frescomalerei von Rott schmückt das Innungshaus.
2762 1413 3371 1481 „Telephonthurm“. Wer d
1736 1429 2751 1498 Man kann nicht achtlos daran vorbeigehen; es fesselt den
790 1408 1735 1501 (Rücktritt des Bürgermeisters von Flori#s¬
2755 1461 3385 1528 Postgebäudes, nein, des Postpalais
1729 1476 2750 1534 Blick und man sieht mit Behagen, daß das künstlerische
690 1484 1741 1551 dorf.) Wie uns aus Floridsdorf berichtet wied, #at
2750 1511 3383 1581 kennt, wird sich sofort eines Uebes
1735 1526 2753 1585 Kleid den Träger charakterisirt. Zehn allegorische Figuren
691 1525 1722 1593 Herr Anton Schwaiger sein Amt als Bürgermeiter,
2771 1552 3376 1626 uns „localeigenthümlich“ ist. I
1739 1575 2751 1635 sind zwischen den Fenstern gemalt und ihre Thätigkeit
691 1583 1727 1637 sowie sein Gemeinderathsmandat niedergelegt. Mie ihm
1735 1615 3382 1683 zeigt den Weg, welchen die Feldfrucht nimmt, bis sie durch] Werke für länger als ein paar D
687 1631 1733 1686 schied auch der liberale Gemeinderath Herr Langeraus
1875 1673 1995 1739 n
1542 1664 1734 1742 BL PA
2766 1714 3373 1780 hintereinander gespielt werden und
1736 1716 2757 1781 mehr als eine Christine in London — wer weiß? Aber
792 1731 1732 1808 „Können Sie sich „Liebelei“ auf einer englischen
2767 1760 3374 1832 reicheren Stücke den Weg verspery
1738 1771 2755 1823 eine typische Gestalt ist sie gewiß nicht. Bei euch hat sie
696 1779 1019 1861 Bühne denken?“
2758 1807 3352 1870 dazu bestimmen, dem witzigen
1735 1812 2758 1876 tiefes Mitgefühl erregt, eine echte tragische Gestalt in der
794 1810 1734 1880 „Das ist eben das Betrübende an dem Ver¬
2758 1849 3370 1916 Guckerl“ die bessere Bühne zu
1737 1857 2757 1917 anspruchslosesten Form von der Welt; bei uns würde sie,
694 1863 1727 1937 gleiche. Ich kann nicht sagen, daß eure jungen
2761 1903 3383 1961 Director um hunderttausend Guld
1749 1905 2759 1968 sobald der junge Mann an ihrer Seite erscheint, Vor¬
705 1916 1735 1979 Dramatiker mehr Talent besitzen als die unserigen, durch¬
2759 1935 3391 2018 kritische Scrupel sind bei euch G
1737 1950 2757 2018 stellungen von knallenden Champagnerpfropfen und anderen
706 1958 1734 2027 aus nicht; unsere literarische Jugend steht, soweit ich aus
2759 1996 3366 2057 Man kann mit dem ruhigsten
1741 1999 2764 2055 überlauten Aeußerungen von Lebensfreude erwecken. Mit
696 2011 1734 2069 den Werken sehen kann, den Berliner und Wiener
2772 2044 3371 2099 sechsmal in der Woche „Comtesse
1748 2041 2766 2109 anderen Worten: Christine auf dem Boden der höheren
694 2055 1732 2128 Bühnenstürmern an Können nicht nach. Und doch ist ein
2769 2075 3381 2147 man in der Lage ist, das sieben
1743 2093 2756 2152 Gesellschaftsschichten ist unmöglich, Christine als Tochter
697 2105 1730 2166 Stück wie „Liebelei“ in englischer Sprache nicht zu
2772 2131 3127 2201 Gebot“ zu bieten“
1744 2149 2767 2203 des Volkes ist in unserer Phantasie nicht von ordinärer,
705 2150 1730 2205 denken. Kein Engländer könnte es schreiben, kein Eng¬
2849 2153 3382 2239 „Wenn Sie das gemischte R
1742 2193 2343 2266 vulgärer Genußsucht zu trennen.“
698 2190 1746 2249 länder könnte es aufführen lassen, kein Durchschnitts¬
2770 2233 3364 2293 das ist der technische Ausdruck —
1833 2220 2761 2302 „Was haben Sie sonst an Theaterstücken in Wien
692 2239 1743 2328 engländer könnte vom Herzen bei einer Aufführung
2771 2271 3375 2342 halten, warum versuchen Sie es
1753 2283 1935 2356 gesehen?“
698 2291 970 2371 applaudiren.“
2774 2322 3383 2382 Theater in diesem Sinne zu refor
1832 2301 2760 2392 „Das „Deutsche Volkstheater“, dessen Kräfte mir
795 2312 1746 2397 „Glauben Sie nicht, daß der Gegenstand selbst
2857 2365 3374 2433 Archer sah mich bei dieser F
1744 2379 2774 2442 zum Theile von ihrem Londoner Gastspiele her bekannt
700 2384 1738 2451 unenglisch ist, mit anderen Worten — nehmen Sie mir's
2770 2409 3384 2480 un; seine Gedanken, ins Wieneris
1749 2423 2759 2479 waren, fand ich ebenso lehrreich — für meine speciellen
691 2436 1742 2507 nicht übel! — daß die Thatsache der englischen Prüderie
2768 2466 3375 2528 gelautet: „Sie ahnungsvoller E
1738 2471 2760 2522 Zwecke — als amusant. Ich sah „Das vierte Gebot“ und
691 2485 1732 2531 ganz allein, abgesehen von jeder Kunstübung und Kunst¬
2761 2516 3362 2570 drückte sich viel literarischer aus
1745 2515 2763 2577 „Comtesse Guckerl“, eine zufällige Zusammenstellung, die
694 2526 1725 2587 überlieferung, vollkommen ausreicht, um die Unmöglich¬
2867 2550 3363 2612 „Eben diese Frage habe ich
1736 2564 2771 2618 wieder meinen allersündigsten Neid erweckte. Das roh¬
706 2578 1469 2632 keit eines solchen Stückes zu begründen?“
2763 2601 3364 2665 in Berlin, wie in Wien, studirt.“
1740 2611 2755 2679 gezimmerte, fast kunstlos derbe, aber überaus mächtige
803 2613 1743 2684 „Allerdings — auch der Stoff macht „Liebelei" zu
2857 2659 3332 2716 „Das ist sehr interessant.
1747 2659 2769 2716 Schauspiel mit seiner revolutionären Tendenz an dem
699 2656 1737 2719 einem unübersetzbaren Stück, aber nicht weil wir prüder
2772 2703 3381 2776 Ergebnisse Ihrer Studienreise zuf
1751 2711 2766 2762 einen, die leichte, lustige, flotte, von keiverlei Gehalt be¬
704 2711 1737 2784 sind als ihr, sondern weil unser Leben eine Gestalt wie
2861 2751 3383 2800 „Im Großen und Ganzen j
1749 2746 2759 2814 schwerte Komödie am anderen Abend — es ist ja ein
704 2762 1731 2816 Christine nicht erzeugt und nicht verträgt. Die
2775 2779 3362 2856 und Tag die ökonomische Seite
1739 2804 2759 2863 wahrer Hochgenuß, an einem und demselben Theater in
711 2814 1736 2870 Intelligentesten unter unseren Zuschauern würden sagen:
2775 2835 3372 2905 Auge, weil ich das Gefühl habe,
1744 2844 2767 2903 derselben Woche zwei so vortreffliche Stücke sehen zu
703 2851 1731 2929 Das sentimentale junge Ding scheint nach dem Leben
2771 2879 3388 2948 Reform des englischen Dramas
1738 2890 2769 2956 können! Was ist der Director des Deutschen Volks¬
703 2899 1741 2958 gezeichnet zu sein — welche seltsame, thörichte Art, diese
2776 2933 3383 2987 nicht die ökonomischen Grundbedin
1733 2935 2759 2990 theaters für ein beneidenswerther Mann! Wenn mir
700 2952 1353 3034 Wiener Mädchen aus dem Volke!“
2772 2981 3387 3041 von diesem Gesichtspunkte aus haß
1741 2990 2766 3049 der Director eines besseren Londoner Theaters ein
805 2968 1745 3057 „Sie berühren da einen sehr wesentlichen Punkt, in
2773 3033 3364 3086 Wiener Theater, das Berliner
1756 3020 2761 3086 Lustspiel vom Kaliber der „Comtesse Guckerl“ vor¬
713 3045 1741 3103 dem sich Wiener von Londoner Art unterscheidet. Meinen
2765 3076 3392 3138 beobachtet und meine Schlüsse gez
1747 3077 2762 3133 legte und mich um meine Wohlmeinung befragte,
708 3083 1744 3144 Sie, daß eine Liebe wie die Christinens einem Londoner
2867 3125 3391 3178 „Sie machen mich sehr neug
1736 3124 2769 3182 so würde ich aus einer Verlegenheit in die andere ge¬
706 3131 1254 3208 Kinde nicht zuzumuthen ist?“
2781 3170 3382 3242 wir bald die Früchte Ihrer Studi
1736 3173 2759 3239 rathen. Ich würde dem Londoner Theaterpublicum von
796 3190 1144 3256 Archer überlegte.
2870 3211 3232 3280 „All in good time.“
1743 3221 2766 3286 Herzen gerne die harmlose Fröhlichkeit und dem Bühnen¬
805 3212 1748 3288 „Das Leben ist so reich, so unendlich mannigfaltig,
2875 3257 3309 3339 London, im October.
711 3287 2772 3346 daß es recht schwer ist, apodiktisch zu sagen: solche Dinge leiter den sicheren Cassenerfolg vergönnen; aber der Ge¬
708 3328 2788 3407 kommen vor oder kommen nicht vor. Vielleicht gibt es danke. daß das Lustspiel wahrscheinlich dreihundert Abende“
