3344 4256
429 175 813 243 Liebelei
261 169 927 279 3. Mnnnnnnnn
943 176 1404 267 box 11/2
1793 101 2474 154 Acted In Some of Its Roles—-But lts
1794 150 2481 200 Final Act Has Such Great Emotional
1794 182 2493 246 Possibilities That Only an Actress of the
1780 236 2499 302 Highest Rank Could Do It Full Justiee.
1755 286 2491 345 The charming work of the two principal
1720 339 2487 376 women—Miss Katherine Grey and Miss
1716 376 2499 427 Phyllis Rankin—is the principal attrac¬
1729 409 2493 464 tion in the production of Arthur Schnitzler’s
1733 456 2488 500 drama, The Reckoning,“ which is now
1729 494 2486 540 on view at the Berkeley Lyceum. In the
1721 527 2488 581 first two acts of this play Miss Grey does
1716 576 2495 622 the most sympathetic and heartfelt work
1728 609 2493 659 that she has ever done. Her conception of
2275 649 2493 699 admirable
1961 647 2134 702 Weining
2141 650 2237 692 18
1721 648 1916 705 Christine
2010 691 2087 728 to
1718 687 1988 736 from first
2274 688 2490 742 butthe
2125 686 2248 735 last,
1715 714 2493 768 last act of the play assumes such vast
1731 765 2484 813 emotional proportions tha## ber voice and
1716 803 2479 858 physical strength and technique are not
1714 839 2488 899 equal to the strain. As a matter of fact,
1720 886 2496 935 there is only one actress on the English¬
1717 922 2491 974 speaking stage who could fully and fittingly
1714 967 2498 1012 portray the anguish and heartbreak of this
1719 994 2494 1062 final scene, and that woman is Mrs. Leslie
1730 1038 1879 1087 Carter.
1755 1060 2500 1128 But at the same time Miss Gray accom¬
1722 1115 2500 1164 plishes so much in the earlier scenes and
1709 1154 2484 1211 her assumption of the girlish side of this
1719 1192 2489 1238 young woman’s character is so charming
2403 1235 2472 1275 stio
1719 1235 2288 1279 that she has scored a distin
1718 1268 2140 1316 achievement. Miss Ran
2245 1274 2303 1321 he
1732 1310 1836 1359 comec
1740 1345 1839 1394 ighi
2424 2551 2534 2608 1#
2443 2595 2497 2638 6
2396 2627 2504 2681 bid¬
2190 2632 2279 2680 grea
2422 2670 2496 2719 ost
2204 2672 2292 2728 ##
2176 2713 2314 2761 to bef
2405 2713 2524 2757 in a
2172 2750 2488 2803 later, after the
2192 2789 2552 2841 Frits has met his
2302 2827 2490 2889 ’sapart-
2174 2828 2283 2882 the g
2156 2907 2285 2959 grieft
2097 2949 2136 2996 01
2193 2947 2330 2994 ing to
2100 2983 2306 3033 or tells her
2428 3030 2472 3074 to
2108 3024 2374 3074 she seizes her 1
2151 3061 2409 3120 in the yeung
2037 3100 2472 3154 ewarning that she will
2000 3141 2452 3184 man praying by his grave
1949 3174 2476 3225 as we said before, calls for
1732 3221 1838 3266 tremel
1857 3216 2491 3262 lous acting. As it is played at the
1718 3256 2490 3303 Berkeley now with all the best intentions
1720 3296 2500 3358 in the world, it becomes only harassing,
1715 3330 2150 3388 rather than harrowing.
1753 3366 2503 3423 The play is so desperately pessimistio
1725 3401 2489 3457 in all its tendencies that it will never stand
1710 3451 2488 3500 a chance of popularity here, but it is for
1718 3489 2488 3536 all that a play of remarkable power, one of
1721 3527 2495 3570 those plays which no real lover of the
1716 3565 2433 3607 theatre can afford to miss. It is
1726 3608 2516 3656 unusual as it is depressing, and yet its
1716 3639 2501 3692 theme has been handled with such splendid
1727 3685 2486 3735 skill and all its characters are so admirably
1726 3727 2495 3777 drawn that it cannot fail to prove interest¬
1716 3762 2489 3807 ing to those theatregoers who care for
1710 3806 2500 3863 dramas which are quite out of the general
1714 3839 1829 3895 run.
