3392 4320
267 241 811 327 5. Liebelei
957 250 1397 337 box 11/5
1174 570 1517 658 Telephen 12.307.
628 711 1271 810 „ODSZRVER
422 794 1525 861 1. österr. bebördl. konz. Unternebmen für Zeitunge-Ausschaltte
609 849 1355 925 Wien, I., Concordiaplatz 4.
820 907 1148 969 Vertretingen
433 953 1513 1014 in Berlin, Basel, Budapest, Chicago, Cleveland, Christlants.
436 1000 1532 1051 Gent, Kopenhagen, London, Madrid, Mailand, Minneapolla,
419 1058 1532 1093 New-Vork, Paris, Rom, San Francisco, Stockholm, St. Petess¬
830 1082 1147 1133 burg, Toronto.
754 1116 1212 1190 (Guctienangabe ene Gu#rz.
421 1189 799 1257 Aussehnitt aue:
738 1222 1396 1331 Msmhurger Nachrichten
655 1255 1253 1393 ucurg
430 1320 574 1371 vom:
408 1392 1581 1467 Aus Frankfurt a. M. meldet uns ein Privattelegramm
341 1464 1580 1505 unseres M.=Mitarbeiters: Wie am 11. Januar 1896 Schnitzlers
352 1486 1581 1542 Schauspiel „Liebelei“ von Frankfurt aus
362 1526 1582 1589 viele Bühnen nahm, so scheint es auch mit der nach diesem Schau¬
355 1575 1580 1631 spiel entstandenen Oper zu werden, die gestern abend zum ersten
363 1627 1584 1668 Male im Frankfurter Opernhause gegeben wurde und
358 1645 1590 1716 die einen sehr starken Erfolg hatte. Der Komponist ist der
365 1686 1588 1752 seit sechs Jahren am Opernhause tätige Kapellmeister Franz
353 1731 1590 1785 Neumann. Er und die Mitwirkenden sowie der auch im Zu¬
364 1782 1579 1839 schauerraume anwesende Dichter wurden vielfach gerufen, wenn
356 1815 1595 1870 auch der erste Akt gegenüber den beiden folgenden etwas abge¬
359 1852 1597 1918 fallen war. In den Hauptrollen waren Fräulein Sellin und
360 1898 860 1982 Herr Gentner tätig.
1210 2542 1554 2633 Telephon 12.801.
665 2699 1307 2794 „UDSERTER
462 2776 1554 2851 I. öeterr. behördl. konz. Unternehmen für Zeitungs-Ausschnltte
644 2836 1399 2903 Wien, I., Concordiaplatz 4.
863 2893 1177 2956 Vertretungen
467 2940 1568 3008 in Berlin, Basel, Budapest, Chicago, Cleveland, Christiania,
474 2994 1570 3042 Genf, Kopenhagen, London, Madrid, Mailand, Minneapolis,
459 3019 1576 3078 New-Vork, Paris, Rom, San Francisco, Stockholm, St. Peters¬
865 3067 1170 3120 burg, Toronto.
783 3105 1251 3173 (Oselienangabe ohns Gewüt).
461 3164 849 3249 Ausschnitt aus:
844 3218 896 3262 6
730 3163 1575 3306 Vossische Zeitung, Serne
822 3276 1070 3356 19 9. 1515
471 3304 627 3366 vom:
426 3466 1595 3575 „Liebelei“ als Oper. Frankfürk a. M., 19. September.
391 3525 1593 3625 (Eig. Drahiber.) Im Opernhause hatte heute die dreiaktige Oper
392 3551 1601 3636 Liebelei“ von Franz Neumann, dem Kapellmeister der Frankfurter
397 3602 1601 3694 Oper, einen von Akt zu Akt sich steigernden großen Erfolg. In
391 3623 1624 3736 äußerst geschickter, ja kunstgerechter Weise ist Axthur Schnitzlers
404 3660 1606 3776 gleichnamiges Schauspiel in reiches musikalisches ewetreidel
397 3708 1607 3808 worden. Die Aufführung unter der Regie des Intendanten Jensen
396 3754 1608 3860 war glänzend. Der Komponist sowie Arthur Schnitzler wurden am
397 3824 979 3912 Schluß stürmisch hervorgerufen.
2709 523 3055 606 Telephen 12.801.
2166 657 2794 749 „ODSERTER
1939 735 3057 816 1. Geturv. bebördl. konz. Unternehmen für Zeitunge-Ausschaltte
2136 797 2897 870 Wien, I., Conoordisplats 4.
2345 854 2669 919 Vertretungen
1962 900 3071 948 in Berlin, Basel, Budapest, Chicago, Cleveland, Christiasia,
1954 949 3063 990 Gest, Kopenhagen, London, Madrid, Mailand, Minncapols,
1952 995 3062 1044 Ncv-Vork, Paris, Rom, San Francisco, Stockholes, St. Petsss¬
2353 1026 2671 1081 barg, Toronto.
2275 1066 2580 1136 (Oechenasgubs eu
1953 1111 2330 1207 Ausschuitt aue:
2154 1183 2908 1308 10 3 0 Der Tag, Berhn
1963 1258 2093 1310 vom:
2096 1289 2157 1346 T
2160 1296 2254 1368 W
2027 1364 2855 1475 Kunft und Wissenschaft.
2161 1442 2741 1517 (Fortsetzung aus dem Hauptblatt.!
2018 1481 2885 1567 /6 Schnitzlers „Liebelei“ als Oper. Wie
2000 1528 2896 1605 uns ein Telegramm unseres h. =Korre¬
1990 1567 2892 1651 spondenten aus Frankfurt a. M. meldet,
1995 1604 2889 1669 brachte die dortige Oper die Uraufführung der
2000 1637 2894 1722 Schnitzlexschen „Liebelei“ in der Vertonung von
2004 1676 2880 1749 Franz Nelmann. Obwohl meist rezitativisch ge¬
1994 1710 2899 1785 halten, hatte die Ober einen sensationellen Erfolg
2004 1770 2878 1839 Der Komponist wurde mit dem Solopersonal un¬
1996 1794 2900 1874 zählige Male gerufen. Auch Schnitzler war an
2003 1864 2155 1917 wesend.
2683 2404 3023 2510 Telephon 12.801.
2128 2580 2765 2676 „ODSERTER
1923 2644 3035 2723 1. oeterr. behördl. konz. Unternehmen für Zeitunge-Ausschaltte
2111 2710 2870 2795 Wien, I., Concordiaplats 4.
2321 2769 2657 2834 Vertretungen
1935 2808 3029 2883 in Berlin, Basel, Budapest, Chicago, Cleveland, Christiania,
1936 2856 3038 2913 Genf, Kopenhagen, London, Madrid, Mailand, Minneapolls,
1941 2905 3045 2966 New-Vork, Paris, Rom, San Francisco, Stockholm, St. Peless¬
2338 2941 2646 2996 burg, Toronto.
2256 2976 2735 3052 (Quelienangabe ohne Gewtez
1926 3046 2312 3128 Ausechnitt aus:
2351 3137 3081 3245 13 K 184 TGBLATT
2271 3182 2472 3274 —
1931 3189 2017 3277 9
1979 3282 3147 3351 W „Liebelei“ als Oper. Gestern abend fand, wie uns ein
1921 3336 3159 3415 Pripat=Telegramm meldet, im Opernhaus zu Frank¬
1999 3376 3169 3439 pt a. M., die Uraufführung der Oper „Liebelei“, komponiert
2003 3438 3178 3478 Franz Neumann, dem Kapellmeister des Frankfurter Opern¬
1928 3466 3161 3530 Gaüses, statt. Als Text ist das gleichnamige Schauspiel von Arthur“
1957 3505 3163 3560 chnitler wortgetreu benutzt. Die Musik Neumanns stellte sich als
1929 3548 3157 3617 A#### gellug heraus, die lyrischen Wirlungen des zweiten und dritten
1926 3593 3159 3660 Ates festzuhalten und zu vertiefen. Der erste Akt litt etwas unter
1923 3628 3166 3683 der Unmöglichkeit, den Konversationsstil ins Musikalische zu über¬
1931 3671 3167 3731 trägn. Der Erfolg war außerordentlich stark. Kapellmeister
1927 3714 3172 3785 und Darsteller mußten nach jedem Akt unzähligemale vor der Rampe
1936 3761 3171 3819 erscheinen. Auch Arthur Schnitzler, der im Zuschauerraum
1939 3801 2938 3867 anwesend war, mußte sich auf der Bühne zeigen.
2699 3814 3180 3915 # a. Ar. S
1975 3862 2635 3937 Chaataed##
