3484 4320
461 140 703 219 Liebe
293 121 1432 264 5. LSei box 10/5
2096 845 3063 941 Budapester Tagblatt. Nr. 135. (Seite 6.
1130 855 1583 930 Budapest, Sonntag
1025 949 2057 1022 nehmen Dame ist hinter die Liebelei Nummer
2067 939 3060 1015 der Handlung nach in der Armseligkeit der Ausstattun
1019 1013 2060 1067 eins gekommen und es findet zwischen ihm
2064 993 3070 1055 Für eine letzte Novität war das schon — das allerletz
2171 1048 3060 1110 (Die Theaterwoche.) Die Sommersaison ne
1017 1042 2066 1092 und Fritz ein Rencontre statt, das für den Letz¬
2077 1086 3059 1140 oder, besser gesagt, die Sommerferien sind im Anzu
1028 1081 2057 1138 teren sehr ernst endet. Und sehr ernst gestaltet
2072 1132 3034 1186 Die Theaterleitungen wollen für diese Spanne Z
1029 1124 2064 1173 sich nun auch die Liebelei Nummer zwei, denn als
2074 1170 3077 1217 nicht in den Säckel greifen. So bildet denn die klei
1537 1168 2052 1239 #r eine andere Frau todt¬
1034 1168 1546 1233 Christine erfährt, daß Frit¬
1026 1223 2063 1284 geschossen und begraben wurde, ohne daß sie ihn im
2076 1216 3074 1273 Varsänyi die einzige liebliche Sensation der Theate
2074 1261 3080 1320 woche, welche Samstag in der Rolle der „Trilby“ zu
1027 1268 2059 1320 Sarge gesehen hätte, sieht sie erst, wie gering ihre
1954 1305 2054 1361 als
2078 1295 3073 1373 ersten Male im Lustspieltheater auftreten wird. D
1025 1310 1966 1368 Rolle im Leben des Menschen gewesen, den sie
2073 1346 3081 1408 Wochenrepertoire ist folgendermaßen zusammengestell
1030 1353 2053 1410 ihren Gott angebetet. Verzweifelt rennt sie aus dem
2079 1391 3074 1443 Nationaltheater: Montag „Die Kamelie
1028 1398 2057 1459 elterlichen Hause und der arme Vater sinkt gebrochen
1018 1436 2055 1500 zusammen, denn er ahnt, sie werde nicht wiederkommen.
2067 1437 3080 1492 dame", Dienstag „Serafine“, Mittwoch „Demi-vierges
2072 1481 3080 1530 Donnerstag Die Großmama“, Freitag „Nora“. Sam
1145 1484 2058 1537 Die Darstellung des trotz der Schwächen des
1027 1525 2061 1589 zweiten Aktes brillanten Stückes war eine ausgezeich¬
2073 1524 3086 1593 tag „Eine Million“ (neu einstudirt), Sonntag dassell
2151 1565 2994 1630 Opernhaus. Dienstag „Bajazzo“ und
1024 1569 2066 1629 nete. Herr Franker machte den Fritz durch sein
2075 1609 3089 1672 rothen Schuhe“, „Mittwoch „Hänsel und Gretel“ Do¬
1019 1624 2064 1675 treffliches Spiel glaubwürdig, während Herr Zeska
2075 1636 3086 1708 nerstag „Der Evangelimann“, Freitag Prüfung di
1026 1656 2068 1714 sich als fescher Jurist in seinem Elemente fühlte. Herr
2072 1698 3098 1760 Opernkurses der kön, ung. Musikakademie, Samste
1031 1701 2057 1754 Altmann lieh dem alten Weiring Bonhomie und
2086 1742 3068 1809 „Die Hugenotten“, Sonntag „Bauernehre“ und „D
1028 1743 2057 1798 überzeugenden Schmerz, ebenso thaten Frau Röckl und
2076 1787 2394 1846 rothen Schuhe“
2472 1788 3095 1851 Volkstheater: Monta
1017 1783 2057 1843 Herr Gimnig ihr Bestes. Am meisten wurde das
2074 1830 3098 1887 Mittwoch und Freitag „Der Waldmeister“. Diensta
1024 1844 2058 1900 Stück aber von den Damen get## gen, von Frl. Kal¬
2388 1857 3091 1939 „A gyimesi vadviräg“, Samsta
2075 1875 2398 1938 und Donnerstag
1034 1872 2065 1926 lina, die als flotte Modistin ihrem guten Wie¬
2799 1899 3109 1985 Lustspiel
2084 1922 2748 1978 „Der Sultan“, Sonntag „Toloncz“.
1022 1919 2059 1971 nerisch erfreute und von Frl. Medelßky, die der
2074 1959 2943 2031 theater: Die ganze Woche über „Trilby“.
1029 1959 2066 2018 Christine ein Herz lieh, das den Weg auch zu den Lip¬
1026 2011 2073 2081 pen fand. Es wurden heute Abend im Lustspieltheater
1022 2039 1508 2124 viele Thränen vergossen.
2374 2050 2793 2135 Gerichtshalle.
1144 2102 2072 2173 (Volkstheater.) Im Volkstheater gelangte heute
2147 2135 3047 2215 Die Polizei und die Preßvergehen.
1034 2160 2066 2223 die dreiaktige Operette „Waldmeister“ von Johann
2181 2181 3114 2264 Die große Frage, mit welcher sich der Reichstat
1025 2211 2067 2276 Strauß zur Aufführung, deren Libretto von Gustav
2078 2234 3112 2314 demnächst beschäftigen wird, ob es nämlich nicht gegen die
1028 2245 2072 2314 Davis gedichtet wurde. Die Operette wurde in
2087 2284 3111 2350 gesetzlich garantirte Preßfreiheit verstoße, wenn Preß
1033 2292 2070 2362 Wien vor einiger Zeit mit ziemlich bedeutendem Erfolge
2086 2335 3102 2398 übertretungen dem Geschwornengerichte entzogen und vo
1027 2348 2068 2394 aufgeführt, obwohl fast sämmtliche Stimmen der Presse
1037 2391 2066 2450 die Schwäche des Librettos konstatirten. Wir haben viel
2074 2409 3103 2474 ist für die Polizei gelöst. In der Motivirung eines in
1034 2440 2076 2494 weniger Ursache, diesem Werke mit Befangenheit gegen¬
2084 2456 3121 2526 solcher Angelegenheit erbrachten Bescheides erklärt der
1033 2478 2067 2553 überzustehen als die Wiener. Auch wir verehren in
2073 2513 3112 2577 Oberstadthauptmann heute als Appellbehörde, es sei
1023 2513 2073 2589 Johann Strauß einen begnadeten Komponisten, allein
2081 2547 3112 2624 „unzweifelhaft, daß selbst in den freiesten Ländern gewisse
1027 2563 2069 2615 der Lokalpatriotismus, welcher in Wien selbst die
2074 2595 3105 2650 Preßübertretungen zur Kompetenz der gewöhnlichen Ge¬
1038 2612 2064 2658 schwächeren Produkte seiner schöpferischen Kraft als
2078 2632 3112 2707 richte gehören“. Das ist jedenfalls schön vom Herrn
1040 2651 2066 2711 Muster der Vollkommenheit bezeichnet, ist bei uns nicht
2077 2683 3103 2756 Oberstadthauptmann, noch schöner aber ist, daß er so besorgt
1037 2703 2066 2760 vorhanden und deshalb können wir konstatiren, daß der
2086 2718 3117 2781 um die Preßfreiheit ist, daß er erklärt, die Ahndung solcher
1031 2741 2070 2808 „Waldmeister“, der heute unter dem Titel „Mäjusi
2075 2773 3119 2826 im Wege der Presse begangenen Uebertretungen solle
1031 2769 2073 2845 vor“ (Maiwein) im Volkstheater zur Aufführung gelangte,
2079 2821 3115 2882 nur in ganz unzweifelhaften Fällen vor die Uebertre¬
1041 2832 2065 2878 nicht zu den besten Werken des bedeutenden Kom¬
2078 2856 3125 2905 tungsgerichte gebracht werden. Wir haben es also glück¬
1041 2870 2067 2938 positeurs gezählt werden kann. Wie schon erwähnt
2078 2899 3118 2965 lich dahin gebracht, daß die Polizei das Gesetz über die
1294 2905 2070 2989 die Hauptursache dieses Umstandes in
1038 2918 1227 2983 wurde,
2076 2947 3121 3000 Preßfreiheit so zurechtlegt, wie es ihr eben in den Kran
1041 2956 2070 3010 der Banalität des Librettos zu suchen. Eine von
2079 2995 3110 3050 paßt, eine Auslegung, nach welcher die Preßfreiheit schon
1042 2997 2073 3052 der reizenden Sängerin Pauline (Frl. Küry) ange¬
2075 3020 3120 3090 heute theilweise konfiszirt ist. Ein klassisches Argument
1965 3038 2067 3095 sich
1045 3040 1966 3096 führte lustige Truppe Theaterdamen, welche
2070 3054 3112 3122 des Herrn Oberstadthauptmaimes aber können wir nicht
1031 3083 2073 3144 in einem kleinen „deutschmoralischen“ Städtchen nieder¬
2079 3107 3123 3164 ohne spezielle Bemerkung lassen. In seiner Motivirung“
1041 3137 2065 3182 gelassen hat, treibt mit einer ebenso übermüthigen Schaar
2082 3142 3116 3210 bringt er nämlich als Beispiel, daß es in der That
1046 3168 2065 3219 von Zöglingen der Forstakademie den tollsten Ulk, zum
2081 3191 3123 3259 solche Fälle gibt, wo die Polizei Preßübertretungen zu
1041 3209 2072 3260 Entsetzen der löblichen Behörde, welche in erster Reihe
2079 3240 3126 3304 ahnden hat, vor, daß dieser Fall eintreten muß, wenn
1030 3253 2071 3300 von dem Bezirkshauptmann Christoph Hefsele (Kassai)
2074 3280 3124 3353 Jemand sich in einer Zeitung als Arzt empfiehlt, der es
1042 3299 2064 3355 und seiner ehrsamen, in botanischen Entdeckungen ver¬
2076 3342 3105 3383 nicht ist. Nun sind wir der unmaßgeblichen Meinung,
1039 3346 2068 3397 sirten Gattin (Frau Csatai) vertreten wird. Ein
2074 3368 3113 3426 daß die Polizei allerdings das Recht hat, einen solchen
1044 3380 2071 3439 fideler Professor der Botanik (Herr Tollagi) und ein
2074 3410 3116 3468 Titelusurpator zu bestrafen, aber daß sie die betreffende
1038 3432 2064 3487 strenger Forstrath (Herr Solymossi) schürzen den
2077 3454 3142 3509 irreführende Verlautbarung nicht als den strafbaren:
1041 3470 2067 3524 Knoten der Verwicklung. Der Bezirkshauptmann hat
2077 3502 3117 3572 Thatbestand, sondern als Beweismittel zu betrachten hat,
1041 3516 2073 3569 eine junge Tochter Frida (Frau Bärdi), welche mit
2083 3541 3113 3600 ist eine Distinktion, deren Richtigkeit schon daraus er¬
1036 3555 2065 3609 dem Herrn Forstrath verloht werden soll. Ganz natür¬
2086 3592 3115 3657 hellt, weil die Polizei in solchem Falle doch nicht gegen
1033 3598 2068 3651 licher Weise liebt dieselbe aber den jungen Forstprak¬
2081 3625 3116 3684 das betreffende Blatt, sondern nur gegen den Titel¬
1042 3641 2066 3701 tikanten Boto (Herr Mihälyi). Als die Verzweif¬
2079 3668 3113 3742 usurpator einschreiten kann. Den Fall selbst, den wir
1033 3689 2062 3743 lung der Liebenden den Höhepunkt erreicht, erscheint die
2083 3714 3117 3792 als eine flagrante Verletzung der Preßfreiheit betrachten,
1035 3727 2072 3786 Primadonna Pauline als Retterin in der Noth, um
2082 3764 2728 3832 veröffentlichen wir in Folgendem:
1039 3776 2068 3831 Frida mit ihrem Boto zu vereinigen und den Forstrath
2197 3809 3123 3875 Wie erinnerlich, hat unlängst die 8. Bezirks¬
1044 3821 2075 3876 # sich selbst wegzufischen. Der lustige Kauz von einem
2085 3848 3125 3931 hauptmannschaft wegen einer in der Presse begangenen
1045 3852 2079 3930 Professor der Botanik findet sich auch rasch, indem er
2088 3890 3117 3968 „Uebertretung“ den Journalisten Max Duller zu
1040 3898 2061 3970 sich dem weiblichen Totumfaktum der Sängerin (Frl.
2079 3935 3124 3990 15 fl. Geldstrafe oder zu 2 Tagen Arrest verurtheilt.
1044 3946 2070 4002 Komäromi) um den Hals wirft. Herr und Frau
2083 3980 3117 4040 Der verurtheilte Journalist appellirte gegen dieses Urtheil
1048 4001 2074 4053 Bezirkshauptmann sagen aber zu diesem Komplex von
2093 4029 3122 4083 und bestritt zugleich die Kompetenz der Polizeibehörden,
1033 4031 2081 4092 unerwarteten Ereignissen Ja und Amen. Sie haben
1041 4054 3135 4128 Maiwein getrunken, welcher ihnen vum Herrn Pro=1 in Preßvergehen ein Urtheil zu fällen. Nun hat der
