3484 4192
287 136 717 220 Liebelei
793 134 1288 245 box 12/8
293 190 730 263 D EET
425 1280 1049 1367 hnlsattion u. dt. Rep—
1436 1401 3374 1478 dies den Typus des „süßen Mädels“. Auch das wäre Erscheinung und Temperament prädestinieren ih
456 1271 1447 1503 Denter, Kuns und Aiteratm.
1440 1445 3385 1520 eines Jubiläums würdig, auch das hebt die Bedeu= den Theovor. Er war beinahe wienerisch. Herr G
515 1485 813 1577 Liebelei.
2466 1504 3376 1561 ist zwar kein Fritz, wie sich ihn Schnitzler wür
1429 1477 2472 1579 tung dieses Theaterstückes über die Vergangenheit hin¬
847 1494 1398 1590 Der Barbier von
362 1504 520 1588 —40
1453 1558 2291 1634 aus und glorifiziert Wien in alle Ewigkeit.
2453 1546 3385 1612 würde, ist aber intelligent genug, sich auch in i
795 1544 1097 1629 Verriac.
2456 1587 3381 1680 schicken. Herr Weyrich spielte den Hans W#
342 1588 1466 1676 Arthur Schnitzler schrieb unter das Personenver¬
2463 1638 2930 1724 in traditioneller Weise.
423 1657 1466 1738 Fichnis seines Schanspietes „Liebelei“, die Anmer¬
1508 1651 2470 1729 So trägt das Stück so viel Werte in sich, daß ihm
342 1698 1466 1794 —— Eung: „Ort: Wien. — Zeit: Gegenwart.“ Der Ort
1449 1703 2469 1769 die Darstellung bei wenigstens einiger wienerischer
423 1753 1462 1827 stmmt natürlich (dieser stimmt bei Schnitzler immer),
2494 1737 3386 1829 Dann folgte noch eine einaktige Komödie
1454 1760 2474 1827 Behandlung nichts anhaben kann. Wird es von echt
441 1814 3377 1865 #uch die Zeit könnte stimmen, denn das Erlebnis der wienerischen Menschen gespielt, dann löst sein Moll= Max Mell: „Der Barbier von Verriac“. Auch
321 1761 452 1903 85
443 1856 2480 1936 Ehristine ist an kein Zeitalter gebunden. Aber diese ton, jenes „Zärtliche ohne Pathos“, das von Theistine
2458 1839 3387 1923 ist ein Wiener, ein noch jüngerer, einer mit sch
2454 1903 3387 1966 dichterischen Talenten, die immerfort vielverspre
412 1893 2467 1975 WWegenwart war 1895, es ist also ein Vierteljahrhun= ausgeht, unser Gemüt in allen Fasern auf. Die Salz¬
432 1958 2465 2016 dert darüber hingegangen, so daß dieses so liebe, uns burger Aufführung war wohl nicht durchwegs wiene¬
2465 1953 3390 2019 sind. Er schafft nicht viel, verzettelt sich augenschei
443 2005 1456 2060 Bans Herz greifende Stück ein Jubiläum feiern
1443 2004 2471 2055 risch, aber sie gelang so daß auch ihr die Herzen ent¬
2457 2000 3393 2070 in der Tretmühle des Journalismus. Aber wa
443 2048 1449 2113 Finte; mit voller innerer Berechtigung ein Jubiläum,
1449 2049 3387 2115 gegenschlugen. Frl. Schefranek, die echte Tränen schreibt, kommt aus einem Dichterherz. Er ist im
468 2103 1456 2165 #il es heute noch so frisch, so lied, so ans Herz grei¬
1446 2101 3369 2168 weinte, ist zur Christine=Darstellung berufen. Sie isti nersten Lyriker. „Der Barbier von Verriac“ pa
1445 2132 3379 2212 fretlich noch nicht süßes Mädel genug, ist um ein seinem kontrastlichen Zusammenhang zur Auffüh
430 2149 1461 2204 ##ld ist wie bei seiner Erstaufführung vor 25 Jahren.
2467 2191 3378 2255 mit Schnitzlers „Liebelei“. Wie in dieser wird
423 2197 2467 2261 Benn man annehmen würde, daß alles Sonstige, das Quentchen zu sehr in sich gekehrt; der Gefühlsaus¬
433 2233 1453 2299 Schnitzler geschaffen, den Weg alles Vergänglichen
1455 2236 3393 2306 bruch im letzten Akt müßte elementarer sein. Aber es nur zur Erholung geliebelt, nur ist's da umge
425 2284 1456 2353 gehen könnte — von seiner „Liebelei“ möchte man's
1445 2284 3379 2347 war wieder eine schöne Talentprobe. Hingegen hatte Da tut es eine Frau, nein: eine Dirne. Und ist
430 2334 3384 2400 nicht annehmen und kann es nicht annehmen: sie ist die „Frau eines Strumpfwirkers“ Frau Czernitz= Eifersuchtsakt und spielt nicht in Wien, sondern i
423 2385 3388 2447 unvergänglich. Es ist vielleicht das wienerischeste Renn wienerische Klassizität im Blute bis in die Grafschaft Laon in Frankreich, vor dem Ausbruck
1448 2440 3379 2499 Augenwimpern, bis in die Fingerspitzen, ja bis in die französischen Revolution, in einem Barbierla
420 2426 1455 2495 Stück, das je geschrieben worden und wienerischer nicht
433 2484 3388 2538 mehr geschrieben werden wird; es hat Klassizität in der zeitgemäße Kleidung. Auch die Mizzi Schlager fand Nanette, die Frau des Barbiers. Seine Wirt
417 2514 3389 2585 Begebenheit, in den Menschen, im Ton. Hier muß in Frl. Jusa eine annehmbare Verkörperung. Von geht zurück, denn seine Frau ist ein „Schmutzf
424 2569 3383 2639 man das Wort „lassen stahn“ bis ins letzte; jeder den Herren bot Herr Forstner die stärkste Leistung Die Servietten sind immer noch schmutzig und f
426 2631 3384 2682 Satz, wie er da gesprochen ist, mußte genau so gespro= des Abends. Unser Operettentenor ist ein gewandter vom letzten Bast. Die Frau ist eine kokette Katze
422 2682 3395 2730 chen werden und setzte Patinu an, wurde klassisch. In Schauspieler, ein sorgsamer Wortbehandler, dem der ist ihr „dummer Mann“, den sie betrügt. Sie sin#
431 2723 3389 2783 Christine, der Tochter Hans Weirings, des Violin= Operettenblödsinn nichts anhaben kann und den wir halbes Jahr verheiratet. Bevor er sie zu keiner
424 2765 3386 2853 spielers am Josesstädter Theater, schuf Schnitzler über= immer sympathisch im Schauspiel begrüßen werden, nahm, ist er ause Schloß rasseren gegangen. Da¬
