3436 4256
223 140 741 225 5. Liebelei
387 141 1355 238 box 11/5
1220 732 1628 833 Telephon 12801.
630 906 1627 1028 MMRTPPAEIm
494 968 548 1044 2
482 1008 1638 1093 O l. österr. behördl. konz. Unternehmen für Zeitungs-Ausschnitte
531 1075 573 1119 1
651 1053 1541 1167 Wien, I., Concordiaplatz 4.
876 1132 1319 1207 Vertretungen
472 1154 579 1211 4
546 1192 1642 1250 in Berlin, Budapest, Chicago, Christiania, Genf, Kopen¬
480 1232 1648 1306 hagen, London, Madrid, Mailand, Minneapolis, New-Vork,
593 1265 1622 1332 Paris, Rom, San Francisco, Stockholm, St. Petersburg.
888 1315 1719 1390 Mtrsikalischen Neue Zeitschrikt
509 1362 1659 1455 6 Ausschnitt auswechenblatt für Musik.
1124 1445 1432 1539 Leipzig.
497 1471 1026 1595 E vom LE
1378 1647 2009 1755 Musikbriefe.
1706 1806 2893 1861 Musik, die an frühere Motive anknüpft, vendet sich vor¬
1262 1794 1707 1870 Frankfurt a. M.
1715 1839 2903 1907 nehmlich den Geschehnissen hinter den Kulissen, demtragischen
931 1837 1277 1927 „Liebelei.“
1728 1895 2904 1961 Ende des Liebhabers zu. Chromatik, verminderte, greil
513 1895 1701 1978 Oper nach dem gleichnamigen Schauspiel von
1711 1932 2908 1991 klingende Akkorde und leidenschaftliche Rhpthmen treten
514 1950 1699 2029 Arthur Schnitzler, Musik von Franz Neumann.
1716 1979 2906 2038 stark in Aktion. Trotz schöner Einzelheiten kann doch der
677 2017 1548 2102 Urauffüfrung am 18. September 1910.
1717 2045 2900 2092 sinfonischen Vorspielmusik keine besondere Wirkung nach¬
1718 2100 2910 2143 gerühmt werden. Immerb’- bringt ja der Schlußakt in seinem
604 2080 1701 2130 Auf vorstehende Novität war man in hiesigen musika¬
1720 2118 2903 2187 Verlaufe eine recht anregende, scharf umrissene Musik, und
526 2131 1707 2190 lischen Kreisen recht gespar:; handelte es sich doch um
1716 2173 2900 2233 die Teilnahme, die das Drama in allen Teilen der unglücklichen
525 2185 1696 2240 das Erstlingsbühnenwerk des hier als Opernkapellmeister so
1730 2219 2907 2276 Christine sichert, erreicht hier ihren Höhepunkt. Gewiß,
518 2233 1699 2282 beliebten Herrn Franz Neumann. Das Libretto, das ja fast
1726 2277 2909 2327 man kann sich manches in der Partitur mit größerer Vertiefung
519 2286 1706 2328 wortgetreu dem gleichnamigen Drama folgt, darf wohl als
1729 2313 2908 2390 angelegt und ausgeführt denken, ob aber dadurch die Wirkung
528 2322 1706 2377 bekannt vorausgesetzt werden. Die Kunst der eleganten
1723 2362 2901 2422 auf den Zuhörer packender ausgefallen wäre, läßt sich nicht
524 2363 1701 2432 Plauderei, die Arthur Schnitzler als Wiener vortrefflich
1728 2427 2902 2468 ohne weiteres zugeben. Jedenfalls wird man der Musik
532 2424 1709 2478 handhabt, ist durch die hinzutretende Musik keineswegs ge¬
1731 2459 2912 2520 Neumanns ob ihres leichten Flusses, ihrer Klarheit, ihrer
526 2462 1709 2526 stört; man fühlt auch ihren Tönen und Rhpthmen den leichten
1723 2506 2917 2563 Klang- und Stimmungsschönheit hohe Bewunderung zollen
520 2513 1710 2566 Fluß nach und nimmt sie hin wie die Verse einer improvisierten
1724 2564 2901 2616 müssen. Die mit so außerordentlichem Beifall aufgenommene
529 2564 1698 2613 Causerie. Die Wiener Luft, die das Drama oft in berauschender
1732 2606 2911 2662 Novität dürfte an den deutschen Bühnen überall Eingang
531 2602 1698 2659 Eigenart atmet, ist auch in der lichtvollen, stimmungsschönen
1734 2646 2911 2716 finden. Von der Aufführung selbst, die mit viel Sorgfalt
530 2656 1716 2709 Musik zu verspüren. Tanzmotive und Ansätze zu Wiener
1733 2686 2909 2754 und Hingebung vorbereitet war, läßt sich nur Erfreuliches
536 2697 1708 2776 Tanzweisen sprudeln häufig aus dem Orchester hervor, und
1729 2738 2918 2799 berichten. Frl. Sellin war in der Rolle der rührsamen Heldin
531 2744 1705 2801 selbst das Zitat des einst viel gespielten „Doppeladler-Marsches“
1736 2806 2913 2848 eine spmpathische Figur, eine große Künstlerin, deren seelen¬
535 2805 1702 2855 steht der Partitur gar nicht so übel an. Ein starkes volks¬
1725 2836 2909 2908 voller Gesang und dramatisch reich belebtes Spiel starke
542 2839 1715 2906 tümliches Empfinden besagt auch die noten- und wortgetreue
1739 2900 2901 2945 Eindrücke hinterließen. Dank seiner vortrefflichen gesang¬
527 2888 1714 2946 Herübernahme einer Volksmelodie des 15. Jahrhunderts aus
1726 2930 2917 2993 lichen Technik galt Herr Gentner in seinem Frage- und
532 2946 1710 2999 dem „Lochheimer Liederbuche“ Es bedeutet diese Stelle
1725 2981 2922 3026 Antwortspiel als schätzenswerter Partner, der auch den
540 2969 1718 3052 inmitten des schnell dahineilenden Dialogs einen Haltepunkt
1730 3027 2918 3086 Lprismen des zweiten Aktes durch Wärme und Schönheit
535 3028 1709 3088 stillen Genießlens. Der Gegensatz zwischen der gefühls¬
1734 3077 2912 3133 des Tones zur eindringlichen Wirkung verhalf. Das flotte
538 3076 1715 3133 innigen Christine, der eigentlichen Heldin des Dramas, und
1740 3140 2911 3180 Wiener-Element wurde durch Herrn Breidenfeld, besser
546 3122 1720 3184 der leichtlebigen Mizi, einem Wiener Vorstadtmädel, ist gut
1735 3163 2909 3228 aber noch durch Frl. Doninger vertreten. Die biedere, auf
539 3184 1720 3234 getroffen, auch die Charakteristik der schwatzsüchtigen Frau
1744 3228 2924 3274 den warmen Gefühlston gestimmte Partie des Papa Weiring
540 3229 1718 3297 Binder und des biederen Vater Weiring scharf hervorgekehrt.
1744 3262 2921 3319 fand in Herrn Schneider, der auch in Haltung, Maske und
537 3267 1717 3348 Daß hier und dort zuweilen ein sentimentaler Zug hineinweht,
1743 3333 2924 3370 Miene eine charakteristisch gute Musikerfigur machte, eine
548 3316 1723 3374 wird man nicht tadeln wollen, da Frivolität und Sentimen¬
1749 3352 2914 3418 wirklich ausgezeichnete Darstellung. Der szenische und
545 3369 1724 3419 talität auch in den Versen des Librettos enge Fühlung ge¬
1744 3400 2916 3465 musikalische Teil kam durch die Herren Jensen und
547 3411 1720 3465 wonnen haben. Die Musik des zweiten Aktes bringt daneben
553 3465 1716 3520 doch wieder Höhepunkte einer gesunden Lprik, Szenen von
1739 3463 2573 3524 Dr. Rottenberg zu glänzender Entfaltung.
2561 3486 2892 3560 Fritz Böhm.
550 3517 1725 3561 zartestem Stimmungsreiz uud berückender Klangschönheit.
537 3546 1738 3617 Der dritte Akt setzt mit einem längeren Vorspiel ein. Die
