3484 4256
227 220 620 294 Liebelei
213 211 1222 326 — box 12/3
650 891 1341 1051 „sele SenVereshane
1456 944 1496 1015 (.
925 977 1010 1028 1
572 1033 1393 1129 ZEITUNGS - AUSSCHNITTE
578 1088 1396 1163 BERLIN SO1S, RUNGESTRASSE 22-24
597 1130 1400 1224 GRÖSSTPS DEUTSCHES ZEITUNGS-AUSSCHNITT-HURO
538 1219 1491 1405 Weser=Zeiung Dremen
538 1378 1454 1455 Das führende Blatt Nordwestdeutschlands
787 1434 1229 1507 mit täglich 3 Ausgaben
834 1493 969 1542 Morgen¬
557 1507 1445 1603 Ausschnitt aus der Mintag= Ausgabe Nr. g####
857 1563 966 1603 Abend¬
1191 1553 1555 1652 NOV
559 1574 1132 1660 vom
976 1636 1148 1730 D
726 1732 1427 1837 Die Kunst im Reiche.
527 1824 1634 1894 (Mitteilungen unserer ständigen Sonderberichterstatter.)
571 1889 1668 1949 Berlin. Regie und Schauspielkunst. Von den
484 1931 1667 1998 Dichtern war in diesen Berliner Theaterwoche nicht viel
480 1983 1671 2039 die Rede. Des Abend im Staatstheater gehörte dem Re¬
495 2011 1677 2080 gisseur Fürges Fehling, der sich an der neuen Stätte seiner
491 2063 1674 2118 Wirksamkeit Rit zwei Molière=Inszenierungen einzuführen
482 2105 1663 2165 wünschte. Zuerst spielte er den „George Dandin“ diese
492 2163 1669 2206 bitterböse Komödie des Bürgurs, der eine Adlige gehei¬
490 2193 1685 2255 ratet hat und nun von der vornehmen Sippe verhöhnt und
485 2232 1683 2295 betrogen wird. Die ganze Revolution des dritten Standes
493 2288 1680 2336 ist schon in diesem Stück! (Was den erstaunlichen Karl
483 2320 1676 2388 Sternheim nicht hinderte, unlängst der andächtigen Mit¬
488 2368 1680 2439 welt zu enthüllen, Molière habe seine Komödien aus Zorn
493 2410 1676 2474 über die die reine Adelskultur zerstörende Bourgeosie ge¬
499 2447 1684 2513 schrieben!) Fehling jagte die drei Akte im rasenden Tempo
490 2511 1686 2558 herunter und stellte in die Mitte der ganz karikaturistisch
493 2545 1682 2597 behandelten Adelstypen Karl Ettlinger als Dandin in¬
494 2594 1685 2639 Maske und Haltung eines tragischen Bajazzo. Ettlinger
498 2631 1687 2685 ist ein gescheiter, witziger und herzhafter Schauspieler, aber
501 2670 1696 2723 von einer harmloseren Wiener Lustigkeit und Weichheit.
498 2708 1704 2786 Er hatte weder Schwere noch Schärfe genug für diesenl
498 2759 1691 2810 Stil, und so blieb die entscheidende Wirkung aus. — Darauf
502 2804 1688 2858 folgte „Der Arzt wider Willen“, den Fehling ganz als
506 2854 1684 2912 Comedia del arte inszeniert hatte. Vor einem grauen Vorhang
492 2894 1683 2947 bewegten sich Figuren mit Masken und langen Nasen in
494 2935 1691 3012 taktfestem Marionettenstil. Das Ganze war planmäßig und
498 2982 1692 3042 witzig durchgeführt, aber bei der geringen geistigen Er¬
494 3030 1699 3073 giebigkeit dieser Satire auf den Aerztestand auf die Dauer
504 3065 1690 3116 etwas langweilig. Und man fand schließlich, daß das
498 3095 1694 3162 Staatstheater nach zwei Monaten Spielzeit doch Wichtigeres
505 3160 1690 3205 zu tun hätte, als einen noch so begabten Regisseur mit
502 3202 1693 3250 seinem Talent herumexperimentieren zu lassen. Die Regie
509 3256 1691 3292 nämlich ist doch niemals eine selbständig produktive Kunst,
498 3285 1692 3331 und der Wert auch ihrer stärksten Leistung hängt mit
500 3332 1702 3382 seltenen Ausnahmen ganz von der Qualität des dichterischen
501 3371 1700 3424 Textes ab. Anders steht es mit der Schauspielkunst, die
510 3422 1705 3469 auch an gleichgültiger Partitur wahre Wundertaten voll¬
510 3454 1705 3507 bringen kann. Schnitzlers „Liebelei“ hat freilich bei all
1059 3488 1703 3553 chwächen immer noch einen
503 3503 861 3561 ihren heute so
502 3542 1711 3614 Stimmungston, dem man sich nicht leicht entzieht. Aber
501 3598 1700 3660 das Erlebnis ei der Wieeraufnahme des Stückes im
483 3651 1706 3719 Lessingtheater war doch ganz allein die Schauspielkunst
2429 1611 2530 1710 1
1701 1691 2886 1756 der Käthe Dorsch, die dies Wienerische Gretchen mit einer
1704 1762 2879 1809 Schlichtheit der Hingabe, mit einer Angst des Herzens,
1698 1785 2875 1855 mit einer Kraft des Schreis und einem Erlöschen der Le¬
1703 1848 2885 1904 benskraft spielte, so hinreißend echt in jedem körperlichen
1700 1887 2875 1934 Detail, wie nur die tiefste seelische Erfassung es hervor¬
1693 1915 2884 1973 bringen kann. Eine Schauspielerin, wie unsere und wohl
1698 1964 2686 2045 jede Generation nur ganz ganz wenige besitzt!
1779 2002 2877 2067 In den Kammerspielen gab man wieder einmal einen
1694 2061 2723 2123 französischen Schwank, „Timotheus in flagranti“
1701 2111 2873 2165 ein vollkommen mechanischer Klischee=Abzug der Pariser Ehe¬
1698 2145 2880 2197 bruchsposse, hergestellt von der Firma Henequin und Veber.
1695 2198 2894 2253 Timotheus ist natürlich der unschuldige Biedermann aus
1697 2238 2897 2294 der Bretagne, der die Ohrfeigen für seinen lebemännischen
1691 2275 2884 2330 Pariser Freund einzustecken hat. Er wurde von dem aus¬
1693 2337 2886 2384 gezeichneten feinen und liebenswürdigen Komiker Max Gül¬
1707 2357 2883 2422 storf so weit dem Menschlichen angenähert, daß man wenig,
1717 2402 2876 2468 stens momentweise den Aerger über diese überflüssigen
1716 2458 2337 2532 Handwerkerei vergessen konnte.
2465 2442 2920 2535 Julius Bab
2085 2497 2268 2586 898
