3436 4352
443 115 793 186 Liebelei
262 120 837 217 5. K24
965 103 1395 212 box 10/1
1852 897 1990 978 788
1220 985 2614 1097 Abende für die moderne Literatur. Damit wäre auch die äußerliche Richt¬
1222 1065 2029 1132 schnur für die Repertoirebildung gegeben.
1331 1123 2613 1191 Nicht willkürlich oder von kleinlichen Zufälligkeiten dictirt darf
1211 1175 2622 1237 die Anordnung der classischen Stücke sein. Die architektonische Gliederung
1220 1230 2624 1288 des Repertoirebaues wird die modernen Werke so zwischen den classischen
1217 1271 2614 1336 gruppirt erblicken lassen, daß die Wechselwirkung verschiedener Literatur¬
1220 1324 2609 1389 perioden deutlich wird. Es wird also die Reihenfolge der classischen
1217 1372 2621 1434 Stücke von der modernen Production dictirt werden und nicht etwa von
1216 1418 2618 1477 den Kosten der decorativen Ausstattung, welche die Markirungsgrenze zu
1221 1462 2622 1534 keiner Zeit weit zu überschreiten hat. Eine Ausstattung, die der Pracht
1220 1509 2621 1585 der Gedankenkunst von Geistesheroen gleichkäme, ist ja überhaupt nicht
1222 1566 2614 1633 zu beschaffen, und der Prunk liegt nicht mehr in den neuen Zeitprämissen.
1211 1619 2533 1681 Nichts darf von der Kunst ablenken, weder Dürftigkeit noch Pracht.
1331 1668 2619 1734 Jetzt ist in dem Burgtheater=Repertoire einer Woche kaum ein Kunst¬
1220 1710 2609 1788 instinct wahrzunehmen, geschweige in dem Jahresrepertoire, das doch an
1218 1771 2611 1818 sich schon ein Kunstwerk sein sollte, welches literarische Perspectiven er¬
1211 1817 2620 1875 öffnet. Die Abwechslung liege in der gesonderten Theaterwirthschaft, nicht
1220 1870 2609 1916 mehr in dem sogenannten abwechslungsreichen Repertoire eines
1220 1913 2604 1971 Theaters. Die Schauspieler werden geschwächt, wenn sie zu große drama¬
1224 1966 2616 2021 tische Entfernungen zurückzulegen haben. Ein Odoardo Galotti, ein Musikus
1211 2008 2607 2063 Miller dürfen nicht mit dem Bordellvater in „Liebelei" die Luft eines und
1219 2065 2607 2133 desselben Theaters athmen, wenn nicht die Einheitlichkeit des Ensembles
1216 2112 2604 2169 ernstlich gefährdet werden soll. Eine Abgrenzung der dramatischen Bezirke,
1206 2148 2608 2208 nicht die Schaffung von Bezirkstheatern soll in der Absicht der Vermeh¬
1214 2205 2610 2261 rung der Theater Wiens gelegen sein. Ein und dasselbe Publikum für
1221 2259 2613 2323 alle Theuter, nicht je ein Theater bloß für die in der Nachbarschaft
1214 2316 2616 2377 Wohnenden. Würde letzteres bezweckt sein oder sich empfehlen, so müßte
1213 2358 2612 2427 innerhalb Wiens ein Gastspielmodus eingeführt werden und das Ensemble
1206 2414 2413 2480 der einzelnen Theater wechselweise Bezirksgastspiele absolviren.
1327 2451 2609 2519 Schließlich wäre zur Controle der Directionen eine Organisation
1215 2514 2616 2581 de Publikums nöthig, welche die Forderungen desselben zu entwickeln
1223 2564 2617 2628 ind durchzusetzen hätte. Viel geringere Interessengemeinschaften haben
1214 2622 2607 2684 bereits zu Verbandbildungen geführt, es ist höchste Zeit, daß sich ein
1203 2667 1952 2736 Verein der Theaterbesucher organisirt.
2335 2661 2566 2746 F. Schik.
1756 2766 2051 2860 Disionen.
1587 2818 2237 2927 Von Per Hallström (Stockholm).
1327 2920 2614 2986 Mitten im Walde, ein Wintertag hoch oben im Norden, mit
1193 2963 2397 3039 nadelscharfem Schnee und klarer Luft, die steif ist vor Kälte.
1324 3014 2609 3096 Die Landstraße mit tiefen Radspuren windet sich einen Abhang
1203 3077 2600 3141 entlang; oben ist der Wald dunkel, weil man die untere Seite der
1208 3111 2597 3183 Zweige sieht und den windgeschützten Theil des Stammes; unten ist er
1209 3167 2594 3210 schneebedeckt, kalt und hart, als wäre er aus Stein, mit weiten Per¬
1199 3210 2599 3285 spectiven unter der Wölbung von dunkelblau und weiß. Nach rechts zu
1203 3270 2601 3317 erweitert sich die Lichtung zu einer Halde, auf dem eine graue Scheune
1210 3319 2603 3369 sich in der Einsamkeit zu Boden drückt, und der bleiche Himmel erglänzt
1203 3365 2269 3414 matt rosafarben gegen die blauen Schatten des Feldes.
1329 3400 2608 3490 Es ist Mittag und ein Trupp Leute verläßt die Arbeit, um
