3436 4256
306 206 737 284 Liebelei
375 191 1318 314 box 12/8
939 316 1131 529 20
1185 435 1859 548 Dr. Max Goldschmidt
1199 507 1841 612 Büro für Zeitungsausschnitte
1020 563 1309 655 BBRLIN N 4
1546 595 2023 683 Teleion Norden 2051
1057 774 1842 917 Ostdentsche Morgenpost, Beuthen
1389 974 1786 1071 42 Ume 4028
2214 1053 3159 1141 Versten Teil des zweiten Aktes, der unter eine
1286 1074 2715 1157 Kunst und Wissenschaft gewissen Mattigkeit litt.
2274 1136 3148 1202 Elisabeth Bertram war das arme liebe
1487 1152 2071 1251 Stadttheater Beuthen
2231 1178 3144 1243 kleine Wiener Mädel, das an der ersten Lieb
2230 1216 3149 1283 zerbricht. Herzig und innig, echt in ihren
1349 1216 2177 1317 „Liebelei“ von Schnitzler und „Angele“.
2238 1263 3158 1330 Schmerz wie in ihrer Freude, ein süßes, aller¬
2224 1297 2373 1358 dings
1593 1289 1942 1362 von Hartleben
2376 1309 3156 1368 stark problematisches Kind. Walter
2225 1343 3159 1405 [Felsenstein lag der Fritz Lobheimer besser.
1336 1343 2226 1426 Man pflegt gewöhnlich Schnitzlers Liebelei“,
2224 1377 3155 1422 als der Viktor in „Angele“. Als Fritz gab er
1281 1390 2220 1468 obgleich es nicht abendfüllend ist. älkein zu
2225 1415 3153 1479 wieder eine ausgeglichene Leistung, die an das
1287 1452 2218 1521 geben. Aber da das oberschlesische Publikum un¬
2230 1455 3161 1514 Beste was wir von ihr sahen, den Marchbanks
2226 1494 3161 1557 in „Candida“ heranreichte. Liselotte Tawelk
1295 1498 2212 1554 zufvieden gewesen wäre, wenn man es schon gegen
2227 1533 3160 1601 wieder fühlte sich bei Hartleben wohler, als
1293 1540 2220 1608 ½10 Uhr nach Hause geschickt hätte, gab man noch
2226 1576 3146 1639 geschwätzige, gutmütige aber reichlich unbedeu¬
1291 1580 2227 1670 einen Hartleben dazu und so dauerte die An¬
2219 1616 3145 1674 tende Mizzi. Otto Ernst Lundt gab den klugen,
1291 1641 1876 1708 gelegenheit fast bis ½12 Uhr.
2226 1646 3152 1713 überlegenen Freund mit viel darstellerischem Ge¬
232 1642 1248 1703 alten Weiring traf Paul Lewitt ausgezeichnet —
2224 1687 3159 1746 schick. Die kleineren Rollen waren bei Lotte
233 1696 1281 1766 aber auch nur den Tonfall, weniger die äußere Er¬
1348 1683 2234 1759 Wenn man einen Gejamttitel für diesen Abend
2226 1727 3159 1785 Fuhst und Friedrich Gnaß gut aufgehoben.
231 1727 1286 1815 scheinung dieses „Violinspielers am Josefstädter
1292 1744 3153 1844 sucht, so ist es der: Wien — Berlin. Auf der Das Weanerische der Darsteller war erlebt und
244 1777 457 1844 Theater“.
1301 1783 2225 1835 einen Seite der repräsentative Wiener Dichter,
2215 1806 2778 1863 deshalb so überaus wirksam.
379 1815 1284 1877 Weber=Feiern. Auch der Kirchenchor der
1292 1815 2223 1870 der mit unvergleichlicher Könnerschaft Wien zeich¬
2260 1843 3152 1920 Nach diesem Schnitzler war der Hartleben
1297 1854 2221 1911 net und auf der anderen Seite Hartleben, der
239 1847 1305 1927 Katholischen Hofkirche gedachte Webers und
2221 1881 3157 1949 eine arge Enttäuschung. Aber Geschmacklosigkeiten
1294 1893 2204 1941 Dichter des „Rosenmontages“ mit einer Ber¬
236 1891 1286 1941 ehrte ihn durch eine schöne Aufführung der Es=Dur¬
1290 1932 2221 1992 liner Lebemannsgeschichte. Aber der Vergleich
2227 1928 3163 1987 sind fast immer wirksam. Bei Hartleben reicht es
229 1931 1288 1991 Messe, die der erste deutsche Hofkapellmeister zur Feier
1298 1970 2220 2031 fällt sehr zu ungunsten Berlins aus. Schnitzler
2229 1971 3158 2043 weder zu einem kleinen Shaw noch zu einem
232 1977 1282 2030 seines königlichen Herrn komponierte, sicherlich nicht
2212 1999 3009 2073 kleinen Strindberg. Auch wenn er so tut.
1294 2004 2220 2088 gibt das Typisch=Wienerische, während Hartleben
232 2009 1280 2058 aus innerem Zwang, aber doch „erfüllt von der Größe
1288 2048 2088 2111 nur Geschmacklosigkeiten zu geben vermag.
235 2046 1280 2096 des Gegenstandes und in dem Bestreben, in dieser
2259 2045 3156 2127 Unter der Spielleitung von Otto Ernst
232 2094 1286 2144 Gattung nichts Gewöhnliches oder Mittelmäßiges zu
2201 2066 3144 2156 [Lundt wurde schr sorgfältig und flott gespielt.
1351 2095 2208 2159 Schnitzler ist der Dichter der leichtsinnigen
231 2131 1281 2172 liefern“. Von der Wahrheit dieses Ausspruches über¬
2221 2132 3131 2191 Es ist schwer zu sagen, ob man die Komödie zu¬
1293 2145 3134 2231 Melancholie der graziöse, anmutige Spieler und brückhaltender hätte geben sollen. Sie hätte wahr¬
228 2164 1278 2219 zeugte uns Pembaur wieder. Glanzvoll instrumentiert
1295 2181 3136 2277 Seelenanalytiker. Ein wenig dekadent, aber wun= scheinlich dann eben ihre Wirksamkeit verloren.
237 2210 1278 2247 ist dieses Werk, nicht demütig fromm wie das nach¬
1295 2212 3145 2305 dervoll in der Ausmalung feiner Stimmungen, [Hier war Liselotte Tawell in ihrem Fahr¬
241 2248 1289 2309 folgende Offertorium Ave verum Mozarts, beinahe
1295 2260 2208 2318 wundervoll, wenn er Mädchen zeichnet, die am
2208 2276 3132 2344 wasser. Eine rassige temperamentvolle Angele.
230 2289 1287 2324 prunkhaft feierlich rauschte es vorüber. Liesel
1286 2295 2210 2358 Leben und ihrer Liebe zerbrechen, sei es nun die
237 2330 1276 2381 v. Schuch, Elfriede Haberkorn, Ernst Meyer¬
2223 2322 3142 2370 Otto Ernst Lundt sah zu jung aus, spielte aber
1294 2333 2202 2406 Chvistine in der „Liebelei oder Fräulein Else
232 2361 1273 2406 olbersleben und Willy Baderwaren ein aus¬
2217 2365 3137 2418 vorzüglich. Ganz ausgezeichnet war der Pfarr¬
1290 2375 1801 2439 in seiner späteren Novelle.
231 2402 840 2457 gezeichnetes Solistenquartett.
2203 2394 3129 2454 amtskandidat von Lüpke, der nicht Lachen son¬
919 2401 1287 2456 Aber auch das
1333 2425 3178 2499 Die Aufführung unter Walter Felsen=dern zum Mitleid erregte. Walter Felsensteinse
230 2433 1276 2489 Pädagogium der Tonkunst von Prof. Urbach
1288 2451 3129 2547 stein hatte Leben und Stimmung. Diese un= war am. aber von einer etwas gezwungenen
226 2485 1274 2537 brachte seinen Schülern die Größe Webers nahe. Dr.
1295 2513 2223 2566 nachahmliche Stimmung, die besonders den ersten
2212 2512 2415 2582 Frivolität.
234 2521 1273 2568 Kreiser schilderte in einem Vortrage Leben und
1289 2550 2208 2596 Akt so schwierig darstellbar macht, war fein ab¬
2261 2533 2792 2608 Das Haus war gut besucht.
223 2559 1269 2606 Werk Webers. Er nannte ihn den deutschesten aller
1281 2575 2258 2661 getönt duftig und doch natürlich Auch die übri¬
2250 2580 3012 2666 Beide Stücke wurden lebhaft beklatscht
232 2599 1273 2645 Komponisten, der in seiner Musik eine national eigen¬
1279 2618 2224 2705 gen Akte waren stimmungsstark, abgesehen vom
232 2635 1273 2680 tümliche Empfindungswelt zum Ausdruck gebracht
2985 2630 3144 2708 Fr.
232 2679 1275 2718 habe wie kein andrer Komponist. Beispiele instrumen¬
235 2713 1276 2757 taler und vokuler Art dienten zum Beweis seiner
233 2747 1283 2797 Ausführungen. — Eine Morgenfeier am Sonntag gab
237 2793 1273 2848 Schülern des Pädagogiums Gelegenheit, eine Reihe
228 2826 1276 2874 Weberscher Werke sauber und beherrscht zur Auf¬
225 2864 1289 2924 führung zu bringen. Sonatensätze, Kammermusik,
225 2905 1280 2966 Lieder und Bruchstücke aus Opern wurden geboten..
230 2949 1280 3000 Einzelne der Sänger wußten sich besonders auszu¬
226 2989 1281 3045 zeichnen. Johannes Trefnys angenehmer Bariton
230 3025 1278 3082 überraschte mit der Arie des Lysiart aus Euryanthe,
226 3071 1277 3116 Dora Hyka war eine beseelt singende Agathe und
232 3086 1283 3170 Katharina Hoffmann ein recht stimmgewandtes
228 3140 464 3198 Aennchen.
1111 3145 1250 3195 Mr.
374 3166 1282 3239 Die Feier am Weberdenkmal. Zu unserm
236 3209 1280 3276 Bericht in der Sonntagsnummer ist noch nachzu¬
235 3262 1281 3320 tragen, daß auch der Dresdner Lehrergesang¬
235 3300 1279 3358 verein und der Elbgausängerbund am
236 3330 951 3397 Weberdenkmal Kränze niederlegten.
379 3352 1273 3433 Lanra Knight, eine englische Graphikerin,
234 3401 1280 3463 stellt Radierungen im graphischen Kabinett Emil
228 3448 1281 3514 Richter aus. Sie ist eine große Könnerin, die sich
