3436 4256
235 157 774 252 5. Liebelei
901 157 1332 255 box 13/4
361 223 774 280 un neen enn eeneenanen
717 463 1139 575 „GBRERUT
643 533 767 622 Wie
378 676 1151 771 aus: Der Michel, Graz,
543 758 1058 859 vom 12.5. 1935.
531 849 1084 945 uer dur ch sien
296 911 1442 989 Zu erwähnen wäre in der Reihe dieser Filme vielleicht
234 989 1443 1037 noch „Liebelei“ mit der äußerst fesselnden Magda
234 1025 1425 1086 [Schneider, Kurt Alexander und (mehr im Hinter¬
240 1076 1439 1147 grund) Paul Hörbiger und Willy Eichberger.
246 1131 947 1199 Der Film spielt in Alt-Oesterreich.
870 1957 1088 2049 ##t, Berlin
619 2051 706 2166 3
389 2281 1164 2381 Kaes
338 2355 1153 2537 200
341 2507 1203 2591 Arthur Schnitzlers berühmte „Liebeleis
299 2551 1203 2639 ist unter der Regie Max Ophüls von der Elite¬
300 2603 1207 2679 Tonfilm verfilmt worden. Für die musikalische
302 2664 1210 2724 Zusammenstellung zeichnet Theo Mackeben. Die
301 2690 1209 2773 weiblichen Hauptrollen spielen Magda Schnei¬
306 2741 1209 2818 der. Luise Ullrich und Olga Tschechowa.
306 2780 1208 2866 Als Gegenspieler sind außer Gustaf Gründ¬
1046 2825 1217 2879 Wolf¬
321 2836 1006 2910 gens zwei neue junge Schauspieler
314 2857 1215 2963 gang Liebeneiner und Willy Eichberger
338 2912 1217 2991 beschäftigt. Der Film wird am Donnerstag,
317 2953 1221 3027 dem 16. März. im Atrium und Titania=Palast im
321 2997 1032 3090 Rahmen einer Festvorstellung gestartet.
1568 1050 2076 1146 E. Z. am Bilias, Berlis
1611 1186 2088 1297 14 MRZ. 1932
1511 1303 2886 1464 Ganz junge Liebespaare in „Liebelei“
2303 2248 2411 2314 60
1387 2938 3036 3005 (Von links): Luise Ullrich als Mizzi, Willy Eichberger als Theodor, Magda
1558 2997 2844 3069 Schneider als Christine und Wolfgang Liebeneiner als Fritz
2216 3082 3107 3158 Universität, entdeckt und gleich an das Theater
1369 3077 2193 3151 In der Verfilmung von Schnitzlers „Liebe¬
2217 3143 3102 3200 engagiert. Auf einem merkwürdigen Umweg
1324 3139 2197 3195 lei“ die am Donnerstag im Rahmen einer Fest¬
2223 3191 3100 3248 kam Regisseur Ophüls dazu, ihn für
1320 3175 2197 3253 vorstellung im Atrium uraufgeführt wird, wird
2227 3220 3103 3282 „Liebelei“ zu nehmen. Er hörte zuerst nur seine
1330 3234 2193 3310 man zwei neue junge Liebespaare kennen¬
2219 3280 3100 3323 Stimme am Telefon, erkannte sie dann bei einer
1325 3284 1482 3337 lernen.
2226 3313 3097 3372 Aufführung der „Dreigroschenoper“ wieder und
1364 3323 2192 3388 Magda Schneider wird Christine, die
2222 3357 3099 3431 verpflichtete sofort den Schauspieler, dem die
1323 3382 2200 3437 Tochter des Violinspielers Hans Weiring vom
2217 3400 2550 3459 Stimme gehörte.
1330 3433 2207 3487 Wiener Theater in der Josefstadt sein. So darf
2277 3424 3111 3491 Luise Ullrich spielt die Modistin Mizzi
1327 3473 2196 3528 sie nun eine Schauspielfigur darstellen, die vor
2223 3479 3110 3557 Schlager. Nach dem „Rebell“ ist dies ihre
1321 3508 2208 3569 ihr auf der Bühne einst Agnes Sorma und
2216 3526 2608 3602 zweite Tonfilmrolle.
1328 3557 2209 3617 Haus. Niese, später Käte Dorsch, in letzter Zeit
2269 3557 3117 3629 Willy Eichberger, der Theodor Kaiser
1328 3602 2193 3669 Lucie Mannheim und Paula Wessely ver¬
2213 3616 3104 3667 dieser „Liebelei", war anfangs Student der
1326 3640 1542 3714 körperten.
2224 3657 3102 3712 Volkswirtschaft und arbeitete dann in einem
2214 3698 3111 3759 Wiener Bankgeschäft. Sein Chef aber war pas¬
1370 3699 2191 3758 Der junge Fritz Lobheimer, den diese
2217 3745 3100 3801 sionierter Theaterfreund und trat heimlich an
1318 3740 2193 3802 Christine liebt, wird von Wolfgang Lieben¬
2218 3789 3107 3852 einer kleinen österreichischen Provinzbühne auf.
1321 3788 2192 3844 einer gegeben. Liebeneiner wurde von Falken¬
2221 3832 3100 3897 Eichberger machte es ihm nach, wurde schließlich
1317 3837 2194 3899 berg, dem Direktor der Münchener Kammer¬
2222 3862 3117 3939 bei einer Aufführung entdeckt und ans Burg¬
1323 3873 2190 3938 spiele, bei Aufführungen der „Nibelungenschar“
2204 3915 2595 3990 theater verpflichtet.
1290 3921 2212 4001 eines Schauspieler=Kollektivs der Münchener
