<?xml version="1.0" encoding="UTF-8" standalone="yes"?>
<PcGts xmlns="http://schema.primaresearch.org/PAGE/gts/pagecontent/2013-07-15" xmlns:xsi="http://www.w3.org/2001/XMLSchema-instance" xsi:schemaLocation="http://schema.primaresearch.org/PAGE/gts/pagecontent/2013-07-15 http://schema.primaresearch.org/PAGE/gts/pagecontent/2013-07-15/pagecontent.xsd">
    <Metadata>
        <Creator>prov=University of Rostock/Institute of Mathematics/CITlab/Gundram Leifert/gundram.leifert@uni-rostock.de:name=ONB_Newseye_GT_M1+(htr_id=10810)::::v=2.4.2
prov=University of Rostock/Institute of Mathematics/CITlab/Tobias Gruening/tobias.gruening@uni-rostock.de:name=de.uros.citlab.module.baseline2polygon.B2PSeamMultiOriented:v=2.4.2
prov=University of Rostock/Institute of Mathematics/CITlab/Tobias Gruening/tobias.gruening@uni-rostock.de:name=/mnt/transkribus/LA/DEA/URO/LA_news_onb_att.pb:de.uros.citlab.segmentation.CITlab_LA_ML:v=2.4.2
Transkribus</Creator>
        <Created>2019-10-07T11:55:39.734+02:00</Created>
        <LastChange>2019-10-09T08:08:10.756+02:00</LastChange>
        <TranskribusMetadata docId="223992" pageId="9508408" pageNr="844" tsid="16630004" status="IN_PROGRESS" userId="40391" imgUrl="https://files.transkribus.eu/Get?id=PBGBRBBQQKINWMFMMZESREIF&amp;fileType=view" xmlUrl="https://files.transkribus.eu/Get?id=BFGRDTAQRGLPZSIMXTIXHMER" imageId="6197736"/>
    </Metadata>
    <Page imageFilename="223992_0844.jpeg" imageWidth="3484" imageHeight="4320">
        <ReadingOrder>
            <OrderedGroup id="ro_1711446025028" caption="Regions reading order">
                <RegionRefIndexed index="0" regionRef="r1"/>
                <RegionRefIndexed index="1" regionRef="r2"/>
            </OrderedGroup>
        </ReadingOrder>
        <TextRegion orientation="0.0" id="r1" custom="readingOrder {index:0;}">
            <Coords points="51,2495 51,2657 109,2657 109,2495"/>
            <TextLine id="r1l1" custom="readingOrder {index:0;}">
                <Coords points="35,2614 52,2610 61,2616 72,2613 89,2625 131,2612 119,2555 98,2560 80,2582 76,2579 61,2582 45,2574 27,2578"/>
                <Baseline points="51,2607 80,2605 109,2595"/>
                <TextEquiv>
                    <Unicode></Unicode>
                </TextEquiv>
            </TextLine>
            <TextEquiv>
                <Unicode></Unicode>
            </TextEquiv>
        </TextRegion>
        <TextRegion orientation="0.0" id="r2" custom="readingOrder {index:1;}">
            <Coords points="299,317 299,3562 3388,3562 3388,317"/>
            <TextLine id="r2l1" custom="readingOrder {index:0;}">
                <Coords points="463,345 830,350 829,284 739,292 699,274 659,300 630,271 608,271 583,293 463,283"/>
                <Baseline points="481,341 506,341 531,341 557,340 582,340 607,340 633,340 658,340 684,340 709,340 734,339 760,339 785,339 811,338"/>
                <TextEquiv>
                    <Unicode>Liebelei</Unicode>
                </TextEquiv>
            </TextLine>
            <TextLine id="r2l2" custom="readingOrder {index:1;}">
                <Coords points="281,370 1319,385 1445,351 1444,253 1259,285 1034,255 926,325 759,335 527,331 439,263 280,298"/>
                <Baseline points="299,337 355,346 411,352 468,357 524,361 580,363 637,364 693,364 749,363 806,361 862,358 918,356 975,353 1031,350 1087,348 1144,346 1200,343 1256,342 1313,342 1369,343 1426,345"/>
                <TextEquiv>
                    <Unicode>5. Llescier box 11/3</Unicode>
                </TextEquiv>
            </TextLine>
            <TextLine id="r2l3" custom="readingOrder {index:2;}">
                <Coords points="1885,1489 1907,1486 1921,1497 1950,1490 1997,1506 2034,1488 2085,1492 2086,1420 2057,1423 2031,1437 2020,1430 1998,1444 1991,1436 1976,1447 1940,1439 1908,1417 1886,1420"/>
                <Baseline points="1905,1478 1931,1477 1958,1478 1985,1478 2011,1479 2038,1479 2065,1480"/>
                <TextEquiv>
                    <Unicode>  W</Unicode>
                </TextEquiv>
            </TextLine>
            <TextLine id="r2l4" custom="readingOrder {index:3;}">
                <Coords points="2814,1514 2839,1514 2864,1530 2963,1521 2977,1532 2996,1515 3035,1527 3054,1516 3086,1521 3088,1437 3001,1431 2957,1467 2939,1455 2899,1469 2815,1463"/>
                <Baseline points="2833,1500 2859,1501 2885,1502 2912,1503 2938,1503 2964,1504 2991,1505 3017,1506 3043,1506 3070,1505"/>
                <TextEquiv>
                    <Unicode>Sn </Unicode>
                </TextEquiv>
            </TextLine>
            <TextLine id="r2l5" custom="readingOrder {index:4;}">
                <Coords points="780,1539 824,1551 868,1537 1067,1541 1150,1557 1296,1541 1297,1494 1192,1478 1141,1491 1112,1469 1003,1452 782,1448"/>
                <Baseline points="798,1527 823,1528 848,1528 873,1529 898,1530 923,1531 948,1532 974,1533 999,1533 1024,1534 1049,1535 1074,1536 1099,1536 1125,1536 1150,1537 1175,1536 1200,1536 1225,1535 1250,1535 1276,1533"/>
                <TextEquiv>
                    <Unicode>Nationaltheater.</Unicode>
                </TextEquiv>
            </TextLine>
            <TextLine id="r2l6" custom="readingOrder {index:5;}">
                <Coords points="1529,1538 3371,1597 3400,1493 1531,1448"/>
                <Baseline points="1546,1518 1637,1520 1729,1523 1821,1525 1912,1528 2004,1530 2096,1532 2187,1535 2279,1537 2371,1539 2463,1542 2554,1544 2646,1547 2738,1550 2829,1552 2921,1555 3013,1558 3104,1561 3196,1564 3288,1567 3380,1570"/>
                <TextEquiv>
                    <Unicode>Mahel, nit den isen Biche eines Aunslergenälsigaren vermef. Dan ist die Schiager=NUg</Unicode>
                </TextEquiv>
            </TextLine>
            <TextLine id="r2l7" custom="readingOrder {index:6;}">
                <Coords points="1518,1594 2433,1580 2650,1633 2857,1609 2888,1552 1519,1544"/>
                <Baseline points="1538,1569 1604,1571 1671,1572 1737,1574 1804,1575 1871,1577 1937,1579 2004,1581 2070,1582 2137,1585 2204,1586 2270,1588 2337,1590 2403,1591 2470,1593 2536,1594 2603,1596 2670,1597 2736,1598 2803,1599 2870,1600"/>
                <TextEquiv>
                    <Unicode>vor Allen zu erschauen, hat Schnitzler ein böses nens Freundin.</Unicode>
                </TextEquiv>
            </TextLine>
            <TextLine id="r2l8" custom="readingOrder {index:7;}">
                <Coords points="495,1596 1548,1602 1549,1547 1512,1543 497,1523"/>
                <Baseline points="514,1579 564,1579 615,1579 666,1580 716,1581 767,1583 818,1584 868,1585 919,1586 970,1587 1021,1589 1071,1590 1122,1591 1173,1592 1223,1593 1274,1594 1325,1595 1375,1595 1426,1595 1477,1595 1528,1594"/>
                <TextEquiv>
                    <Unicode>„Liebelei.“ Schauspiel in drei Akten von Arthur Schnitzler.</Unicode>
                </TextEquiv>
            </TextLine>
            <TextLine id="r2l9" custom="readingOrder {index:8;}">
                <Coords points="1535,1624 2569,1662 2570,1596 2437,1579 2247,1604 1536,1577"/>
                <Baseline points="1553,1620 1603,1621 1653,1622 1703,1623 1753,1624 1803,1625 1853,1627 1903,1627 1953,1629 2003,1630 2053,1631 2103,1632 2153,1633 2203,1634 2253,1635 2303,1636 2353,1638 2403,1639 2453,1640 2503,1641 2553,1642"/>
                <TextEquiv>
                    <Unicode>Diminutiv seiner Künstlerschaft eingetragen. Was</Unicode>
                </TextEquiv>
            </TextLine>
            <TextLine id="r2l10" custom="readingOrder {index:9;}">
                <Coords points="498,1636 1543,1656 1544,1598 499,1578"/>
                <Baseline points="516,1620 566,1622 616,1625 667,1627 717,1628 768,1631 818,1632 868,1634 919,1635 969,1637 1020,1639 1070,1640 1120,1641 1171,1642 1221,1643 1272,1644 1322,1645 1372,1645 1423,1646 1473,1646 1524,1646"/>
                <TextEquiv>
                    <Unicode>Erste Aufführung im Nationaltheater am 18. Dezember 1908“</Unicode>
                </TextEquiv>
            </TextLine>
            <TextLine id="r2l11" custom="readingOrder {index:10;}">
                <Coords points="2645,1644 3396,1679 3397,1617 3369,1605 3191,1608 3137,1581 2646,1618"/>
                <Baseline points="2663,1645 2698,1646 2734,1646 2770,1647 2805,1648 2841,1649 2877,1650 2912,1651 2948,1652 2984,1652 3020,1653 3055,1654 3091,1656 3127,1656 3162,1657 3198,1659 3234,1660 3269,1661 3305,1662 3341,1663 3377,1664"/>
                <TextEquiv>
                    <Unicode>In Fritzens Studentenbude. Ein G</Unicode>
                </TextEquiv>
            </TextLine>
            <TextLine id="r2l12" custom="readingOrder {index:11;}">
                <Coords points="1531,1674 2368,1709 2557,1703 2559,1649 1532,1624"/>
                <Baseline points="1549,1666 1598,1667 1647,1669 1697,1670 1746,1671 1796,1672 1845,1674 1895,1675 1944,1676 1994,1678 2043,1679 2092,1681 2142,1682 2191,1683 2241,1684 2290,1685 2340,1686 2389,1687 2439,1688 2488,1688 2538,1689"/>
                <TextEquiv>
                    <Unicode>sihm als lokalliterarischer Ehrentitel gelten sollte, der</Unicode>
                </TextEquiv>
            </TextLine>
            <TextLine id="r2l13" custom="readingOrder {index:12;}">
                <Coords points="605,1690 1540,1726 1542,1657 606,1635"/>
                <Baseline points="623,1687 668,1687 713,1689 758,1690 803,1691 848,1692 893,1694 938,1695 983,1697 1028,1698 1073,1699 1118,1701 1163,1702 1208,1703 1253,1704 1298,1706 1343,1706 1388,1707 1433,1708 1478,1708 1524,1709"/>
                <TextEquiv>
                    <Unicode>Unter den österreichischen Dichtern steht Arthur</Unicode>
                </TextEquiv>
            </TextLine>
            <TextLine id="r2l14" custom="readingOrder {index:13;}">
                <Coords points="2556,1697 3394,1728 3395,1677 3352,1668 2698,1658 2558,1617"/>
                <Baseline points="2574,1686 2614,1689 2654,1692 2694,1693 2734,1695 2774,1697 2814,1699 2854,1700 2894,1701 2934,1702 2974,1703 3014,1704 3054,1705 3094,1706 3134,1707 3174,1707 3214,1708 3254,1708 3294,1709 3334,1710 3375,1711"/>
                <TextEquiv>
                    <Unicode>mit Wein und Mokkatorte, mit Blumen u</Unicode>
                </TextEquiv>
            </TextLine>
            <TextLine id="r2l15" custom="readingOrder {index:14;}">
                <Coords points="1537,1722 3405,1775 3344,1712 1538,1675"/>
                <Baseline points="1553,1718 1644,1720 1736,1721 1827,1723 1919,1725 2011,1727 2102,1730 2194,1732 2285,1734 2377,1736 2469,1739 2560,1741 2652,1744 2743,1746 2835,1748 2927,1751 3018,1753 3110,1755 3201,1758 3293,1759 3385,1761"/>
                <TextEquiv>
                    <Unicode>Dichter des „Süßen Mädels“ zu sein, es ward im Als Entreakt natürlich. Mizi und Theodo</Unicode>
                </TextEquiv>
            </TextLine>
            <TextLine id="r2l16" custom="readingOrder {index:15;}">
                <Coords points="494,1740 1549,1781 1551,1705 778,1711 597,1666 495,1693"/>
                <Baseline points="512,1733 563,1734 614,1735 665,1736 716,1738 767,1739 818,1740 869,1741 920,1742 971,1743 1022,1744 1073,1746 1124,1747 1175,1748 1226,1750 1277,1751 1328,1752 1379,1754 1430,1756 1481,1757 1532,1759"/>
                <TextEquiv>
                    <Unicode>Schnitzler obenan. Das Beiwort, das einzuengen</Unicode>
                </TextEquiv>
            </TextLine>
            <TextLine id="r2l17" custom="readingOrder {index:16;}">
                <Coords points="1528,1773 3178,1828 3392,1819 3394,1765 1529,1729"/>
                <Baseline points="1545,1768 1636,1769 1727,1770 1819,1771 1910,1773 2002,1775 2093,1777 2184,1779 2276,1781 2367,1784 2459,1786 2550,1789 2641,1792 2733,1794 2824,1796 2916,1799 3007,1801 3098,1804 3190,1806 3281,1808 3373,1810"/>
                <TextEquiv>
                    <Unicode>Handumdrehen zur abgegriffenen, bedeutungsarmen völlig klar über die Art ihrer Beziehung. Im</Unicode>
                </TextEquiv>
            </TextLine>
            <TextLine id="r2l18" custom="readingOrder {index:17;}">
                <Coords points="484,1792 1504,1825 1538,1761 485,1745"/>
                <Baseline points="504,1788 554,1787 605,1787 656,1787 707,1787 758,1787 808,1788 859,1789 910,1791 961,1792 1012,1793 1062,1795 1113,1797 1164,1798 1215,1799 1266,1801 1316,1802 1367,1803 1418,1804 1469,1804 1520,1804"/>
                <TextEquiv>
                    <Unicode>scheint, bedarf einer näheren Erklärung. Es bedeutet</Unicode>
                </TextEquiv>
            </TextLine>
            <TextLine id="r2l19" custom="readingOrder {index:18;}">
                <Coords points="1534,1820 3039,1876 3398,1870 3400,1812 1535,1773"/>
                <Baseline points="1553,1815 1644,1816 1735,1818 1827,1819 1918,1821 2009,1823 2101,1826 2192,1828 2283,1830 2375,1833 2466,1836 2557,1838 2649,1841 2740,1843 2831,1846 2923,1848 3014,1850 3105,1852 3197,1853 3288,1855 3380,1856"/>
                <TextEquiv>
                    <Unicode>Etikette seines schriftstellerischen Schaffens, der sich becher der erste Bodensatz von Ueberdruß</Unicode>
                </TextEquiv>
            </TextLine>
            <TextLine id="r2l20" custom="readingOrder {index:19;}">
                <Coords points="493,1847 1538,1874 1536,1815 495,1793"/>
                <Baseline points="512,1839 562,1838 612,1838 663,1838 713,1838 764,1838 814,1839 864,1840 915,1841 965,1842 1016,1843 1066,1845 1116,1846 1167,1848 1217,1849 1268,1851 1318,1852 1368,1854 1419,1855 1469,1856 1520,1858"/>
                <TextEquiv>
                    <Unicode>zunächst keineswegs, daß Arthur Schnitzler nicht den</Unicode>
                </TextEquiv>
            </TextLine>
            <TextLine id="r2l21" custom="readingOrder {index:20;}">
                <Coords points="1530,1877 3402,1926 3403,1857 1531,1819"/>
                <Baseline points="1550,1865 1641,1866 1733,1868 1825,1869 1916,1871 2008,1873 2100,1876 2191,1878 2283,1881 2375,1884 2467,1886 2558,1889 2650,1891 2742,1894 2833,1896 2925,1898 3017,1900 3108,1901 3200,1903 3292,1903 3384,1904"/>
                <TextEquiv>
                    <Unicode>Jedermann bediente, der zu träge oder zu miß= nächste Glas gilt einem fröhlichen Sche</Unicode>
                </TextEquiv>
            </TextLine>
            <TextLine id="r2l22" custom="readingOrder {index:21;}">
                <Coords points="483,1901 1543,1908 1544,1854 949,1860 485,1821"/>
                <Baseline points="502,1885 553,1885 604,1886 655,1886 706,1887 757,1888 808,1888 859,1889 910,1890 961,1891 1013,1892 1064,1893 1115,1894 1166,1895 1217,1896 1268,1898 1319,1900 1370,1901 1421,1903 1472,1904 1524,1906"/>
                <TextEquiv>
                    <Unicode>feinsten Geistern des ganzen modernen deutschen</Unicode>
                </TextEquiv>
            </TextLine>
            <TextLine id="r2l23" custom="readingOrder {index:22;}">
                <Coords points="1529,1925 3077,1977 3393,1970 3394,1923 1530,1874"/>
                <Baseline points="1546,1915 1637,1916 1728,1917 1820,1918 1911,1919 2003,1922 2094,1923 2186,1926 2277,1928 2369,1931 2460,1933 2551,1935 2643,1938 2734,1941 2826,1943 2917,1946 3009,1948 3100,1950 3192,1952 3283,1954 3375,1955"/>
                <TextEquiv>
                    <Unicode>günstig war, die Feinheiten von Schnitzler's artisti= finden Beide den Weg ins Freie. Viel e</Unicode>
                </TextEquiv>
            </TextLine>
            <TextLine id="r2l24" custom="readingOrder {index:23;}">
                <Coords points="489,1926 3385,1964 490,1883"/>
                <Baseline points="506,1932 649,1935 792,1938 935,1941 1078,1944 1221,1948 1364,1952 1507,1956 1650,1960 1793,1964 1936,1968 2079,1972 2222,1976 2365,1980 2508,1985 2651,1988 2794,1992 2937,1996 3080,1999 3223,2003 3366,2005"/>
                <TextEquiv>
                    <Unicode>Schriftthums beizuzählen sei. Vielmehr will es be=schem Können nach Gebühr zu würdigen. Denn auch Fritz die Sache nicht nehmen. Noch</Unicode>
                </TextEquiv>
            </TextLine>
            <TextLine id="r2l25" custom="readingOrder {index:24;}">
                <Coords points="481,2002 3387,2061 483,1926"/>
                <Baseline points="499,1982 642,1984 785,1987 929,1990 1072,1993 1216,1997 1359,2001 1503,2005 1646,2009 1790,2013 1933,2017 2076,2021 2220,2025 2363,2030 2507,2034 2650,2037 2794,2041 2937,2044 3081,2047 3224,2050 3368,2052"/>
                <TextEquiv>
                    <Unicode>sagen, daß in der vornehmen Künstlerschaft Schnitzler's nur Kurzsichtigkeit oder Böswilligkeit kann den Christine kaum mehr als ein anmuthiges</Unicode>
                </TextEquiv>
            </TextLine>
            <TextLine id="r2l26" custom="readingOrder {index:25;}">
                <Coords points="485,2042 1500,2067 1527,2020 486,1970"/>
                <Baseline points="503,2033 553,2033 603,2033 653,2033 703,2034 754,2034 804,2035 854,2036 904,2036 954,2038 1005,2038 1055,2040 1105,2041 1155,2043 1205,2044 1256,2045 1306,2046 1356,2048 1406,2049 1456,2051 1507,2052"/>
                <TextEquiv>
                    <Unicode>der Stimmungston österreichischen Wesens, zumal der</Unicode>
                </TextEquiv>
            </TextLine>
            <TextLine id="r2l27" custom="readingOrder {index:26;}">
                <Coords points="1526,2069 2966,2118 3387,2109 3389,2055 1527,2025"/>
                <Baseline points="1545,2060 1636,2061 1727,2063 1818,2064 1909,2066 2001,2068 2092,2070 2183,2072 2274,2074 2365,2077 2457,2079 2548,2081 2639,2083 2730,2086 2821,2088 2913,2091 3004,2093 3095,2095 3186,2097 3277,2099 3369,2101"/>
                <TextEquiv>
                    <Unicode>weiten Weg zu hoher, überschauender Künstlerschaft Er empfängt auch tugendschwache Gattinen</Unicode>
                </TextEquiv>
            </TextLine>
            <TextLine id="r2l28" custom="readingOrder {index:27;}">
                <Coords points="479,2086 1465,2122 1530,2119 1532,2058 480,2039"/>
                <Baseline points="496,2081 546,2081 597,2081 648,2082 699,2082 749,2083 800,2083 851,2084 902,2085 952,2086 1003,2087 1054,2088 1105,2089 1155,2091 1206,2092 1257,2094 1308,2095 1358,2097 1409,2098 1460,2100 1511,2102"/>
                <TextEquiv>
                    <Unicode>Wienerischen Art mit besonderer Prägnanz angeschlagen</Unicode>
                </TextEquiv>
            </TextLine>
            <TextLine id="r2l29" custom="readingOrder {index:28;}">
                <Coords points="1522,2111 2556,2144 2557,2086 2449,2076 1523,2064"/>
                <Baseline points="1539,2106 1588,2107 1638,2108 1688,2109 1738,2110 1788,2111 1838,2112 1888,2113 1938,2114 1988,2115 2038,2116 2087,2118 2137,2119 2187,2120 2237,2122 2287,2123 2337,2125 2387,2127 2437,2128 2487,2130 2537,2131"/>
                <TextEquiv>
                    <Unicode>verkennen, den das Talent Schnitzler's von den</Unicode>
                </TextEquiv>
            </TextLine>
            <TextLine id="r2l30" custom="readingOrder {index:29;}">
                <Coords points="2542,2137 2722,2168 2807,2137 3111,2149 3150,2176 3206,2148 3365,2167 3395,2117 2543,2090"/>
                <Baseline points="2561,2132 2601,2132 2642,2133 2683,2133 2723,2134 2764,2135 2805,2136 2845,2137 2886,2138 2927,2139 2968,2140 3008,2142 3049,2143 3090,2144 3130,2146 3171,2146 3212,2148 3252,2149 3293,2150 3334,2151 3375,2152"/>
                <TextEquiv>
                    <Unicode>Klause. Das Souper ist beendet. Fritz setz</Unicode>
                </TextEquiv>
            </TextLine>
            <TextLine id="r2l31" custom="readingOrder {index:30;}">
                <Coords points="484,2132 2427,2206 2549,2137 485,2070"/>
                <Baseline points="503,2131 604,2132 705,2133 807,2135 908,2137 1010,2139 1111,2142 1212,2144 1314,2147 1415,2150 1517,2152 1618,2155 1719,2158 1821,2161 1922,2164 2024,2167 2125,2169 2226,2171 2328,2174 2429,2176 2531,2178"/>
                <TextEquiv>
                    <Unicode>erscheint. Weiche, sinnige Anmuth, die selbst viele Anatol=Skizzen zu den ersten Akten des „Schleiers</Unicode>
                </TextEquiv>
            </TextLine>
            <TextLine id="r2l32" custom="readingOrder {index:31;}">
                <Coords points="477,2191 1530,2206 1531,2155 1404,2145 479,2137"/>
                <Baseline points="497,2178 547,2179 598,2180 649,2181 700,2182 751,2183 801,2184 852,2185 903,2186 954,2186 1005,2187 1055,2188 1106,2189 1157,2191 1208,2192 1259,2193 1309,2194 1360,2196 1411,2197 1462,2198 1513,2200"/>
                <TextEquiv>
                    <Unicode>seiner Männergestalten umschwebt; zarte, dämmerige</Unicode>
                </TextEquiv>
            </TextLine>
            <TextLine id="r2l33" custom="readingOrder {index:32;}">
                <Coords points="2544,2187 3335,2213 3404,2207 3405,2163 2545,2140"/>
                <Baseline points="2562,2178 2603,2180 2644,2181 2685,2183 2727,2184 2768,2185 2809,2187 2850,2188 2892,2189 2933,2190 2974,2191 3015,2192 3057,2193 3098,2194 3139,2195 3180,2195 3222,2196 3263,2196 3304,2197 3345,2197 3387,2197"/>
                <TextEquiv>
                    <Unicode>Klavier, Christine singt ein Schumannl</Unicode>
                </TextEquiv>
            </TextLine>
            <TextLine id="r2l34" custom="readingOrder {index:33;}">
                <Coords points="1515,2223 1802,2191 1859,2236 2321,2212 2556,2252 2525,2185 1517,2151"/>
                <Baseline points="1534,2200 1584,2202 1634,2204 1684,2206 1734,2208 1785,2210 1835,2212 1885,2213 1935,2215 1985,2216 2036,2218 2086,2220 2136,2221 2186,2222 2236,2223 2287,2224 2337,2225 2387,2225 2437,2226 2487,2226 2538,2227"/>
                <TextEquiv>
                    <Unicode>der Beatrice“ zum „Einsamen Weg“ und zum</Unicode>
                </TextEquiv>
            </TextLine>
            <TextLine id="r2l35" custom="readingOrder {index:34;}">
                <Coords points="475,2237 1527,2263 1528,2209 1420,2196 476,2183"/>
                <Baseline points="495,2230 545,2230 596,2231 647,2232 698,2232 748,2233 799,2233 850,2234 901,2234 951,2235 1002,2235 1053,2236 1104,2237 1154,2238 1205,2239 1256,2240 1307,2242 1357,2244 1408,2246 1459,2248 1510,2251"/>
                <TextEquiv>
                    <Unicode>Melancholie, die durch die Seelen seiner Geschöpfe,</Unicode>
                </TextEquiv>
            </TextLine>
            <TextLine id="r2l36" custom="readingOrder {index:35;}">
                <Coords points="2548,2237 2933,2231 3190,2270 3212,2249 3400,2257 3401,2214 3104,2203 3054,2176 3032,2198 2549,2186"/>
                <Baseline points="2566,2227 2606,2228 2647,2230 2688,2231 2729,2232 2770,2234 2811,2235 2851,2236 2892,2237 2933,2239 2974,2239 3015,2240 3056,2241 3097,2242 3137,2243 3178,2244 3219,2244 3260,2245 3301,2246 3342,2246 3383,2247"/>
                <TextEquiv>
                    <Unicode>fordert Mizi einen Gassenhauer im Drein</Unicode>
                </TextEquiv>
            </TextLine>
            <TextLine id="r2l37" custom="readingOrder {index:36;}">
                <Coords points="1515,2271 3194,2313 3401,2307 3403,2246 1516,2223"/>
                <Baseline points="1534,2255 1626,2255 1718,2256 1811,2257 1903,2259 1996,2261 2088,2263 2180,2266 2273,2269 2365,2271 2458,2274 2550,2277 2642,2280 2735,2282 2827,2285 2920,2287 3012,2289 3104,2291 3197,2293 3289,2294 3382,2295"/>
                <TextEquiv>
                    <Unicode>„Zwischenspiel“, vom „Lieuienant Gustl“ zu den denn ihr geht die Lebensfreude in die B</Unicode>
                </TextEquiv>
            </TextLine>
            <TextLine id="r2l38" custom="readingOrder {index:37;}">
                <Coords points="479,2285 3381,2373 3405,2297 480,2230"/>
                <Baseline points="499,2277 643,2280 787,2282 931,2285 1076,2288 1220,2292 1364,2295 1509,2299 1653,2303 1797,2307 1942,2310 2086,2315 2230,2318 2374,2322 2519,2326 2663,2330 2807,2334 2952,2337 3096,2341 3240,2344 3385,2347"/>
                <TextEquiv>
                    <Unicode>durch Situationen, durch die Landschaften zittert; „Dämmerseelen“, zum „Weg ins Freie“, seinem klingelt es. Die Gäste ziehen sich zurück, ei</Unicode>
                </TextEquiv>
            </TextLine>
            <TextLine id="r2l39" custom="readingOrder {index:38;}">
                <Coords points="483,2330 1524,2357 1522,2284 1285,2313 1093,2281 484,2283"/>
                <Baseline points="501,2328 551,2328 601,2329 651,2329 701,2329 752,2330 802,2330 852,2331 902,2331 952,2332 1003,2332 1053,2333 1103,2334 1153,2335 1203,2336 1254,2337 1304,2338 1354,2339 1404,2341 1454,2343 1505,2345"/>
                <TextEquiv>
                    <Unicode>ein sonniger, gemüthsinniger Humor, der auch in der</Unicode>
                </TextEquiv>
            </TextLine>
            <TextLine id="r2l40" custom="readingOrder {index:39;}">
                <Coords points="1504,2354 1547,2381 1994,2356 2473,2386 2474,2332 2383,2322 1505,2307"/>
                <Baseline points="1524,2348 1570,2350 1617,2351 1663,2353 1710,2354 1756,2355 1803,2356 1849,2357 1896,2358 1942,2359 1989,2360 2036,2361 2082,2362 2129,2363 2175,2364 2222,2366 2268,2367 2315,2369 2361,2371 2408,2372 2455,2375"/>
                <TextEquiv>
                    <Unicode>ersten groß ausholenden Roman, genommen hat.</Unicode>
                </TextEquiv>
            </TextLine>
            <TextLine id="r2l41" custom="readingOrder {index:40;}">
                <Coords points="471,2382 1527,2408 1528,2350 472,2328"/>
                <Baseline points="491,2378 541,2379 592,2380 643,2381 694,2381 745,2381 796,2381 847,2382 898,2382 949,2382 1000,2382 1050,2382 1101,2382 1152,2383 1203,2384 1254,2384 1305,2386 1356,2387 1407,2389 1458,2392 1509,2394"/>
                <TextEquiv>
                    <Unicode>Zuspitzung zur Satire nicht seine Liebenswürdigkeit</Unicode>
                </TextEquiv>
            </TextLine>
            <TextLine id="r2l42" custom="readingOrder {index:41;}">
                <Coords points="2514,2378 3391,2411 3392,2356 3331,2344 2515,2331"/>
                <Baseline points="2532,2378 2574,2379 2616,2380 2658,2381 2700,2382 2742,2383 2784,2384 2827,2385 2869,2386 2911,2387 2953,2388 2995,2388 3037,2389 3079,2390 3122,2391 3164,2392 3206,2392 3248,2393 3290,2394 3332,2395 3375,2395"/>
                <TextEquiv>
                    <Unicode>Herr erschein. Haßsprühenden Auges, den</Unicode>
                </TextEquiv>
            </TextLine>
            <TextLine id="r2l43" custom="readingOrder {index:42;}">
                <Coords points="1614,2417 3398,2465 3400,2396 1615,2359"/>
                <Baseline points="1633,2405 1720,2405 1807,2406 1895,2406 1982,2408 2069,2410 2157,2412 2244,2414 2331,2417 2419,2420 2506,2422 2593,2425 2681,2428 2768,2430 2855,2433 2943,2435 3030,2437 3117,2438 3205,2440 3292,2440 3380,2440"/>
                <TextEquiv>
                    <Unicode>Die „Liebelei“ freilich, sie ist die Tragödie des Vernichtung in dem eisigen Blick, forbert er</Unicode>
                </TextEquiv>
            </TextLine>
            <TextLine id="r2l44" custom="readingOrder {index:43;}">
                <Coords points="477,2432 1519,2455 1519,2401 1425,2392 478,2392"/>
                <Baseline points="497,2426 547,2427 597,2427 647,2428 697,2428 747,2429 797,2429 848,2430 898,2430 948,2431 998,2431 1048,2432 1098,2433 1148,2433 1199,2434 1249,2436 1299,2437 1349,2438 1399,2440 1449,2442 1500,2444"/>
                <TextEquiv>
                    <Unicode>verliert; helle, rothwangig=sinnliche Lebensfreudigkeit;</Unicode>
                </TextEquiv>
            </TextLine>
            <TextLine id="r2l45" custom="readingOrder {index:44;}">
                <Coords points="1518,2455 3401,2501 3319,2441 1520,2386"/>
                <Baseline points="1538,2447 1630,2449 1722,2451 1814,2453 1906,2455 1999,2457 2091,2460 2183,2463 2275,2466 2367,2468 2460,2471 2552,2473 2644,2476 2736,2478 2828,2480 2921,2482 3013,2484 3105,2486 3197,2487 3289,2488 3382,2488"/>
                <TextEquiv>
                    <Unicode>süßen Mädels. Des jungen gebefreugen Menschen= den vergessenen Schleier, die Briefe sein</Unicode>
                </TextEquiv>
            </TextLine>
            <TextLine id="r2l46" custom="readingOrder {index:45;}">
                <Coords points="475,2485 1498,2503 1527,2496 1529,2423 476,2442"/>
                <Baseline points="493,2473 543,2473 594,2473 645,2474 696,2474 746,2475 797,2476 848,2477 899,2478 949,2480 1000,2481 1051,2482 1102,2483 1152,2485 1203,2486 1254,2487 1305,2488 1355,2489 1406,2490 1457,2490 1508,2490"/>
                <TextEquiv>
                    <Unicode>ein warmes, kluges Menschthum, das, frei von jeder</Unicode>
                </TextEquiv>
            </TextLine>
            <TextLine id="r2l47" custom="readingOrder {index:46;}">
                <Coords points="1516,2502 2532,2529 2529,2481 2160,2453 1517,2458"/>
                <Baseline points="1535,2497 1584,2498 1633,2498 1682,2499 1731,2499 1780,2500 1829,2501 1878,2502 1927,2503 1976,2504 2025,2506 2074,2507 2123,2509 2172,2510 2221,2512 2270,2513 2319,2515 2368,2517 2417,2519 2466,2521 2515,2523"/>
                <TextEquiv>
                    <Unicode>kindes, das in Leichtsinn und Gr ie dem Zuge</Unicode>
                </TextEquiv>
            </TextLine>
            <TextLine id="r2l48" custom="readingOrder {index:47;}">
                <Coords points="477,2538 1519,2557 1520,2499 1125,2466 1055,2505 479,2473"/>
                <Baseline points="494,2523 544,2524 594,2524 644,2525 695,2525 745,2526 795,2527 846,2527 896,2528 946,2529 997,2530 1047,2530 1097,2531 1147,2532 1198,2533 1248,2535 1298,2536 1349,2537 1399,2539 1449,2540 1500,2542"/>
                <TextEquiv>
                    <Unicode>Prinzipiensäure, zu verstehen, zu vergeben gewillt ist;</Unicode>
                </TextEquiv>
            </TextLine>
            <TextLine id="r2l49" custom="readingOrder {index:48;}">
                <Coords points="2536,2531 3403,2556 3404,2498 2537,2484"/>
                <Baseline points="2554,2525 2595,2525 2637,2525 2678,2525 2720,2526 2761,2526 2803,2527 2844,2528 2886,2529 2927,2529 2969,2531 3011,2532 3052,2532 3094,2534 3135,2535 3177,2536 3218,2537 3260,2538 3301,2538 3343,2539 3385,2540"/>
                <TextEquiv>
                    <Unicode>zurück. Der junge Verführer steht vor der</Unicode>
                </TextEquiv>
            </TextLine>
            <TextLine id="r2l50" custom="readingOrder {index:49;}">
                <Coords points="1505,2557 2546,2585 2547,2523 1506,2495"/>
                <Baseline points="1524,2545 1574,2547 1624,2549 1674,2551 1724,2552 1775,2553 1825,2554 1875,2555 1925,2555 1975,2555 2026,2556 2076,2556 2126,2557 2176,2558 2226,2559 2277,2560 2327,2562 2377,2563 2427,2566 2477,2569 2528,2572"/>
                <TextEquiv>
                    <Unicode>seines Herzens folgt, seiner frise Sinnlichkeit,</Unicode>
                </TextEquiv>
            </TextLine>
            <TextLine id="r2l51" custom="readingOrder {index:50;}">
                <Coords points="474,2559 738,2600 1518,2605 1519,2547 1428,2538 474,2526"/>
                <Baseline points="493,2572 543,2573 593,2574 644,2574 694,2575 744,2576 795,2576 845,2577 895,2578 946,2578 996,2579 1046,2580 1097,2581 1147,2582 1197,2582 1248,2583 1298,2585 1348,2586 1399,2587 1449,2588 1500,2589"/>
                <TextEquiv>
                    <Unicode>ein kecker, fast frivoler Leichtsinn, der sich durch heitere</Unicode>
                </TextEquiv>
            </TextLine>
            <TextLine id="r2l52" custom="readingOrder {index:51;}">
                <Coords points="2526,2576 3400,2621 3401,2553 3307,2540 2527,2529"/>
                <Baseline points="2544,2570 2585,2571 2627,2572 2669,2573 2711,2575 2753,2575 2795,2577 2836,2577 2878,2579 2920,2580 2962,2581 3004,2581 3046,2582 3088,2583 3129,2584 3171,2585 3213,2586 3255,2587 3297,2587 3339,2588 3381,2589"/>
                <TextEquiv>
                    <Unicode>seiner Ehre. Er weiß, die Kugel des Gegn</Unicode>
                </TextEquiv>
            </TextLine>
            <TextLine id="r2l53" custom="readingOrder {index:52;}">
                <Coords points="1514,2612 2139,2613 2139,2551 2114,2547 2081,2568 1845,2562 1827,2543 1769,2561 1515,2553"/>
                <Baseline points="1532,2596 1561,2596 1590,2596 1620,2597 1649,2597 1679,2598 1708,2598 1737,2598 1767,2599 1796,2599 1826,2600 1855,2600 1884,2601 1914,2601 1943,2601 1973,2602 2002,2602 2031,2602 2061,2603 2090,2603 2120,2603"/>
                <TextEquiv>
                    <Unicode>seinem naiven Glücksvertrauen.</Unicode>
                </TextEquiv>
            </TextLine>
            <TextLine id="r2l54" custom="readingOrder {index:53;}">
                <Coords points="2217,2613 2253,2625 2333,2619 2358,2631 2420,2621 2441,2632 2503,2630 2536,2624 2537,2580 2218,2562"/>
                <Baseline points="2234,2607 2259,2611 2285,2613 2311,2615 2337,2615 2363,2616 2389,2616 2415,2616 2441,2616 2467,2616 2493,2616 2519,2618"/>
                <TextEquiv>
                    <Unicode>eilen schwingen</Unicode>
                </TextEquiv>
            </TextLine>
            <TextLine id="r2l55" custom="readingOrder {index:54;}">
                <Coords points="2531,2646 2597,2650 2633,2636 2644,2647 2688,2622 2699,2629 2706,2622 2731,2641 2753,2630 2775,2630 2786,2641 2822,2631 2822,2594 2797,2594 2772,2579 2732,2583 2714,2568 2656,2578 2532,2577"/>
                <Baseline points="2549,2618 2574,2618 2599,2618 2625,2619 2650,2619 2676,2620 2701,2620 2726,2620 2752,2620 2777,2620 2803,2620"/>
                <TextEquiv>
                    <Unicode>ihn ins Herz.</Unicode>
                </TextEquiv>
            </TextLine>
            <TextLine id="r2l56" custom="readingOrder {index:55;}">
                <Coords points="475,2610 750,2646 1277,2626 1396,2653 1505,2644 1506,2597 475,2562"/>
                <Baseline points="491,2620 540,2621 590,2622 640,2623 690,2624 739,2625 789,2626 839,2627 889,2628 938,2628 988,2629 1038,2630 1088,2630 1137,2631 1187,2632 1237,2632 1287,2633 1336,2634 1386,2635 1436,2635 1486,2636"/>
                <TextEquiv>
                    <Unicode>Selbstironie entschuldigen möchte; dazu der scharfe</Unicode>
                </TextEquiv>
            </TextLine>
            <TextLine id="r2l57" custom="readingOrder {index:56;}">
                <Coords points="1508,2652 2168,2671 2169,2613 1509,2612"/>
                <Baseline points="1528,2642 1559,2643 1590,2643 1621,2644 1652,2645 1683,2646 1714,2647 1745,2648 1776,2648 1807,2649 1839,2650 1870,2650 1901,2651 1932,2652 1963,2652 1994,2652 2025,2652 2056,2653 2087,2653 2118,2652 2150,2652"/>
                <TextEquiv>
                    <Unicode>wohl tiefere Unteriöne mit. Bei s</Unicode>
                </TextEquiv>
            </TextLine>
            <TextLine id="r2l58" custom="readingOrder {index:57;}">
                <Coords points="2206,2661 2242,2673 2260,2666 2271,2678 2289,2667 2540,2677 2542,2626 2480,2628 2462,2616 2371,2631 2331,2618 2266,2627 2208,2617"/>
                <Baseline points="2224,2653 2251,2656 2278,2659 2305,2660 2332,2662 2359,2663 2387,2664 2414,2665 2441,2665 2468,2665 2495,2666 2523,2666"/>
                <TextEquiv>
                    <Unicode>ancher, wie bei</Unicode>
                </TextEquiv>
            </TextLine>
            <TextLine id="r2l59" custom="readingOrder {index:58;}">
                <Coords points="472,2659 1400,2705 1509,2695 1510,2648 472,2609"/>
                <Baseline points="489,2672 539,2672 589,2673 639,2673 689,2673 739,2673 789,2674 839,2674 889,2675 939,2675 990,2676 1040,2677 1090,2677 1140,2678 1190,2679 1240,2680 1290,2681 1340,2682 1390,2684 1440,2685 1491,2686"/>
                <TextEquiv>
                    <Unicode>Blick für die feinen Verwitterungsprozesse der gesell¬</Unicode>
                </TextEquiv>
            </TextLine>
            <TextLine id="r2l60" custom="readingOrder {index:59;}">
                <Coords points="2625,2659 2694,2686 2745,2673 2788,2707 2875,2680 3383,2701 3385,2621 3364,2617 3316,2641 3099,2606 3065,2631 2979,2607 2626,2626"/>
                <Baseline points="2644,2667 2680,2669 2716,2670 2752,2672 2788,2673 2824,2674 2860,2675 2896,2677 2932,2677 2968,2678 3004,2680 3040,2681 3076,2681 3112,2682 3148,2683 3184,2683 3220,2684 3256,2685 3292,2686 3328,2687 3364,2687"/>
                <TextEquiv>
                    <Unicode>Ein kleines Meisterstück der Realistik.</Unicode>
                </TextEquiv>
            </TextLine>
            <TextLine id="r2l61" custom="readingOrder {index:60;}">
                <Coords points="1511,2699 2164,2715 2165,2664 2125,2659 1512,2648"/>
                <Baseline points="1528,2691 1559,2692 1590,2694 1621,2695 1652,2696 1683,2698 1714,2699 1745,2700 1776,2701 1807,2702 1838,2703 1869,2704 1900,2704 1931,2704 1962,2705 1993,2705 2024,2704 2055,2703 2086,2703 2117,2701 2148,2700"/>
                <TextEquiv>
                    <Unicode>Christine Weiring, hat schon di</Unicode>
                </TextEquiv>
            </TextLine>
            <TextLine id="r2l62" custom="readingOrder {index:61;}">
                <Coords points="2202,2706 2887,2748 2979,2711 3082,2761 3391,2745 3393,2705 2203,2662"/>
                <Baseline points="2219,2706 2276,2708 2334,2710 2392,2712 2450,2713 2508,2716 2565,2717 2623,2720 2681,2721 2739,2723 2797,2725 2854,2727 2912,2729 2970,2730 3028,2732 3086,2733 3143,2735 3201,2736 3259,2738 3317,2739 3375,2740"/>
                <TextEquiv>
                    <Unicode>* Empfindung ist geistvolle, virtnose Milieuzeichnung un</Unicode>
                </TextEquiv>
            </TextLine>
            <TextLine id="r2l63" custom="readingOrder {index:62;}">
                <Coords points="466,2726 1228,2725 1481,2758 1504,2693 466,2675"/>
                <Baseline points="485,2718 535,2718 585,2719 635,2719 685,2720 735,2721 785,2721 835,2722 885,2723 935,2724 985,2725 1035,2725 1085,2726 1135,2727 1185,2728 1235,2729 1285,2730 1335,2731 1385,2732 1435,2734 1486,2735"/>
                <TextEquiv>
                    <Unicode>schaftlichen Bestände, die verbindliche Noblesse eines</Unicode>
                </TextEquiv>
            </TextLine>
            <TextLine id="r2l64" custom="readingOrder {index:63;}">
                <Coords points="1503,2744 1902,2765 1924,2747 2029,2771 2080,2754 2116,2776 2174,2755 2175,2712 1504,2693"/>
                <Baseline points="1520,2740 1551,2741 1583,2742 1615,2743 1647,2744 1679,2744 1710,2745 1742,2745 1774,2746 1806,2746 1838,2747 1869,2748 1901,2748 1933,2748 1965,2749 1997,2749 2028,2750 2060,2750 2092,2751 2124,2751 2156,2752"/>
                <TextEquiv>
                    <Unicode>ihre Wurzeln in das innerste He</Unicode>
                </TextEquiv>
            </TextLine>
            <TextLine id="r2l65" custom="readingOrder {index:64;}">
                <Coords points="2204,2763 2302,2778 2324,2761 2415,2764 2436,2780 2447,2769 2516,2772 2549,2759 2551,2719 2435,2722 2392,2709 2358,2726 2344,2718 2315,2728 2290,2708 2206,2709"/>
                <Baseline points="2224,2751 2249,2755 2275,2757 2300,2758 2326,2759 2351,2759 2377,2760 2402,2760 2428,2760 2453,2762 2479,2764 2504,2766 2530,2769"/>
                <TextEquiv>
                    <Unicode>nkt, und wenn</Unicode>
                </TextEquiv>
            </TextLine>
            <TextLine id="r2l66" custom="readingOrder {index:65;}">
                <Coords points="467,2782 1509,2797 1510,2743 1397,2733 469,2709"/>
                <Baseline points="485,2764 535,2765 585,2766 635,2768 686,2769 736,2770 786,2771 836,2772 887,2773 937,2774 987,2775 1037,2776 1088,2777 1138,2778 1188,2779 1238,2779 1289,2780 1339,2781 1389,2781 1439,2782 1490,2782"/>
                <TextEquiv>
                    <Unicode>Stils, der um die Kraft der Gedanken die seiden¬</Unicode>
                </TextEquiv>
            </TextLine>
            <TextLine id="r2l67" custom="readingOrder {index:66;}">
                <Coords points="2526,2782 2675,2767 2722,2797 2784,2773 2842,2800 3191,2771 3400,2816 3401,2758 3337,2738 3289,2759 3035,2742 2985,2712 2897,2739 2528,2720"/>
                <Baseline points="2543,2768 2584,2769 2626,2770 2668,2771 2710,2773 2752,2774 2794,2775 2836,2776 2878,2777 2920,2778 2962,2779 3003,2780 3045,2781 3087,2782 3129,2783 3171,2784 3213,2784 3255,2785 3297,2785 3339,2785 3381,2785"/>
                <TextEquiv>
                    <Unicode>dram. Fritz sucht Christine im Hause ihre</Unicode>
                </TextEquiv>
            </TextLine>
            <TextLine id="r2l68" custom="readingOrder {index:67;}">
                <Coords points="1502,2796 1592,2812 1680,2785 1861,2815 2155,2814 2156,2759 1503,2745"/>
                <Baseline points="1520,2788 1550,2788 1581,2789 1612,2790 1643,2791 1674,2792 1705,2793 1736,2793 1767,2795 1798,2795 1829,2796 1859,2797 1890,2798 1921,2798 1952,2799 1983,2799 2014,2800 2045,2800 2076,2800 2107,2800 2138,2800"/>
                <TextEquiv>
                    <Unicode>die eine Saite reißt, ist es eine</Unicode>
                </TextEquiv>
            </TextLine>
            <TextLine id="r2l69" custom="readingOrder {index:68;}">
                <Coords points="2205,2810 3329,2847 3388,2838 3389,2802 2206,2767"/>
                <Baseline points="2224,2803 2281,2805 2338,2807 2395,2809 2453,2811 2510,2813 2567,2815 2624,2817 2682,2818 2739,2820 2796,2822 2853,2823 2911,2825 2968,2826 3025,2827 3082,2829 3140,2830 3197,2831 3254,2831 3311,2832 3369,2832"/>
                <TextEquiv>
                    <Unicode>anz fürs Leben. auf. Der greise Theatergeiger ist der edelste</Unicode>
                </TextEquiv>
            </TextLine>
            <TextLine id="r2l70" custom="readingOrder {index:69;}">
                <Coords points="460,2828 805,2813 1236,2850 1480,2840 1481,2796 461,2767"/>
                <Baseline points="480,2812 529,2813 578,2815 627,2816 676,2817 725,2818 774,2820 824,2821 873,2822 922,2823 971,2824 1020,2825 1069,2826 1118,2826 1168,2827 1217,2828 1266,2828 1315,2829 1364,2829 1413,2829 1463,2829"/>
                <TextEquiv>
                    <Unicode>weiche Anmuth einer blühenden Sprache breitet —</Unicode>
                </TextEquiv>
            </TextLine>
            <TextLine id="r2l71" custom="readingOrder {index:70;}">
                <Coords points="1494,2838 1595,2859 1672,2842 2096,2865 2151,2855 2152,2811 1495,2791"/>
                <Baseline points="1512,2838 1543,2839 1574,2840 1605,2840 1636,2842 1667,2842 1698,2843 1729,2844 1760,2844 1791,2845 1822,2846 1853,2847 1884,2847 1915,2848 1946,2848 1977,2848 2008,2849 2039,2849 2070,2849 2101,2850 2132,2850"/>
                <TextEquiv>
                    <Unicode>Es gibt Mimosen voll heißer L</Unicode>
                </TextEquiv>
            </TextLine>
            <TextLine id="r2l72" custom="readingOrder {index:71;}">
                <Coords points="2193,2856 3404,2911 3385,2823 2195,2809"/>
                <Baseline points="2210,2853 2268,2854 2327,2856 2386,2858 2445,2859 2504,2861 2563,2863 2621,2864 2680,2866 2739,2867 2798,2869 2857,2871 2916,2872 2975,2874 3033,2876 3092,2877 3151,2879 3210,2880 3269,2882 3328,2884 3387,2885"/>
                <TextEquiv>
                    <Unicode>haftlichkeit, sen=] Er kennt längst das Geheimniß seines Kinde</Unicode>
                </TextEquiv>
            </TextLine>
            <TextLine id="r2l73" custom="readingOrder {index:72;}">
                <Coords points="469,2880 1503,2895 1504,2837 1439,2825 470,2825"/>
                <Baseline points="487,2863 536,2864 586,2865 636,2867 686,2867 736,2869 786,2870 836,2871 886,2872 936,2873 986,2874 1035,2874 1085,2875 1135,2876 1185,2877 1235,2878 1285,2879 1335,2879 1385,2880 1435,2881 1485,2882"/>
                <TextEquiv>
                    <Unicode>das etwa sind die Farben, die aus den Lebensbildern</Unicode>
                </TextEquiv>
            </TextLine>
            <TextLine id="r2l74" custom="readingOrder {index:73;}">
                <Coords points="1494,2903 2144,2908 2144,2857 1796,2863 1673,2840 1611,2861 1495,2837"/>
                <Baseline points="1514,2892 1544,2892 1575,2891 1605,2891 1636,2891 1666,2891 1697,2892 1727,2892 1758,2893 1788,2893 1819,2894 1850,2895 1880,2895 1911,2896 1941,2896 1972,2897 2002,2897 2033,2898 2063,2898 2094,2898 2125,2898"/>
                <TextEquiv>
                    <Unicode>sitive Menschenblüthen, die sterl</Unicode>
                </TextEquiv>
            </TextLine>
            <TextLine id="r2l75" custom="readingOrder {index:74;}">
                <Coords points="2197,2918 3274,2956 3398,2944 3399,2890 2198,2860"/>
                <Baseline points="2214,2901 2272,2903 2330,2905 2388,2907 2447,2909 2505,2911 2563,2912 2621,2914 2680,2915 2738,2917 2796,2918 2854,2919 2913,2921 2971,2922 3029,2923 3087,2925 3146,2926 3204,2927 3262,2928 3320,2929 3379,2931"/>
                <TextEquiv>
                    <Unicode>üssen, wenn der er hatte seine Schwester betreut, bewahrt v</Unicode>
                </TextEquiv>
            </TextLine>
            <TextLine id="r2l76" custom="readingOrder {index:75;}">
                <Coords points="470,2937 1461,2953 1512,2947 1513,2885 471,2871"/>
                <Baseline points="488,2915 538,2915 588,2916 638,2917 689,2917 739,2918 789,2919 840,2920 890,2921 940,2922 991,2923 1041,2925 1091,2925 1141,2926 1192,2927 1242,2928 1292,2928 1343,2929 1393,2929 1443,2929 1494,2929"/>
                <TextEquiv>
                    <Unicode>von Schnitzler's künstlerischer Gestaltung mit stärkerer</Unicode>
                </TextEquiv>
            </TextLine>
            <TextLine id="r2l77" custom="readingOrder {index:76;}">
                <Coords points="1499,2951 1779,2957 1805,2936 1880,2960 2004,2951 2065,2982 2146,2951 2147,2907 1501,2893"/>
                <Baseline points="1518,2934 1548,2936 1579,2937 1609,2939 1640,2940 1670,2941 1701,2942 1731,2943 1762,2944 1792,2944 1823,2945 1853,2945 1884,2946 1914,2946 1945,2947 1975,2947 2006,2947 2036,2948 2067,2948 2097,2949 2128,2949"/>
                <TextEquiv>
                    <Unicode>Sonnenstrahl, der sie wachge</Unicode>
                </TextEquiv>
            </TextLine>
            <TextLine id="r2l78" custom="readingOrder {index:77;}">
                <Coords points="456,2993 580,2996 627,2971 805,2993 867,2976 1019,2987 1020,2943 763,2916 457,2935"/>
                <Baseline points="476,2961 502,2961 528,2962 554,2962 581,2962 607,2963 633,2963 659,2963 686,2964 712,2965 738,2965 764,2965 791,2966 817,2967 843,2968 869,2968 896,2969 922,2970 948,2970 974,2971 1001,2972"/>
                <TextEquiv>
                    <Unicode>Leuchtkraft hervorglänzen.</Unicode>
                </TextEquiv>
            </TextLine>
            <TextLine id="r2l79" custom="readingOrder {index:78;}">
                <Coords points="2203,2951 3258,3006 3400,2988 3401,2944 2204,2889"/>
                <Baseline points="2220,2946 2278,2951 2336,2954 2394,2957 2452,2959 2510,2961 2568,2963 2626,2965 2684,2967 2742,2968 2800,2969 2858,2970 2916,2971 2974,2971 3032,2973 3090,2973 3148,2974 3206,2976 3264,2977 3322,2979 3381,2981"/>
                <TextEquiv>
                    <Unicode>verbleicht. Der Ungemach, aller Anfechtung, bis sie dar#</Unicode>
                </TextEquiv>
            </TextLine>
            <TextLine id="r2l80" custom="readingOrder {index:79;}">
                <Coords points="1480,2982 2045,3015 2125,3006 2126,2963 1524,2944 1481,2924"/>
                <Baseline points="1499,2986 1529,2986 1559,2987 1590,2988 1620,2989 1651,2989 1681,2990 1711,2990 1742,2991 1772,2991 1803,2992 1833,2993 1863,2993 1894,2994 1924,2995 1955,2996 1985,2997 2015,2998 2046,3000 2076,3002 2107,3004"/>
                <TextEquiv>
                    <Unicode>andere Typus: In hellem.</Unicode>
                </TextEquiv>
            </TextLine>
            <TextLine id="r2l81" custom="readingOrder {index:80;}">
                <Coords points="2151,3004 3289,3047 3388,3035 3389,2988 2152,2954"/>
                <Baseline points="2169,2998 2229,3001 2289,3004 2349,3006 2409,3008 2469,3009 2529,3011 2589,3013 2649,3014 2709,3016 2769,3017 2829,3018 2889,3019 2949,3020 3009,3022 3069,3023 3129,3025 3189,3026 3249,3028 3309,3029 3369,3031"/>
                <TextEquiv>
                    <Unicode>#theilslosem Dur. bischen Lebensglück versäumte. Und seinen</Unicode>
                </TextEquiv>
            </TextLine>
            <TextLine id="r2l82" custom="readingOrder {index:81;}">
                <Coords points="581,3020 2134,3049 2095,2998 1305,2957 582,2980"/>
                <Baseline points="601,3018 676,3019 752,3021 828,3023 903,3025 979,3026 1055,3028 1130,3029 1206,3030 1282,3032 1358,3033 1433,3034 1509,3036 1585,3037 1660,3039 1736,3040 1812,3041 1887,3043 1963,3044 2039,3046 2115,3048"/>
                <TextEquiv>
                    <Unicode>Daß er jung und warmblütig genug war, in Lebensprühend, übermüthig bi</Unicode>
                </TextEquiv>
            </TextLine>
            <TextLine id="r2l83" custom="readingOrder {index:82;}">
                <Coords points="2125,3044 3402,3092 3403,3037 3255,3019 2126,3011"/>
                <Baseline points="2142,3047 2204,3050 2266,3052 2328,3055 2390,3057 2452,3059 2514,3061 2577,3062 2639,3063 2701,3065 2763,3066 2825,3067 2887,3068 2949,3069 3012,3071 3074,3072 3136,3073 3198,3075 3260,3076 3322,3077 3385,3079"/>
                <TextEquiv>
                    <Unicode>r Frechheit, nüch= will er nicht die Sonne aus dem Leben stehl</Unicode>
                </TextEquiv>
            </TextLine>
            <TextLine id="r2l84" custom="readingOrder {index:83;}">
                <Coords points="464,3055 3402,3136 465,3018"/>
                <Baseline points="483,3066 628,3069 773,3072 918,3074 1063,3077 1208,3080 1353,3082 1498,3085 1643,3087 1788,3090 1934,3093 2079,3096 2224,3098 2369,3101 2514,3105 2659,3108 2804,3112 2949,3115 3094,3119 3239,3124 3385,3128"/>
                <TextEquiv>
                    <Unicode>den Maientagen seiner Dichterschaft den liebens=tern im Denken, zaglos im G 3, mit allem kleinen im Burgtheater zum ersten Mal diese goldsu</Unicode>
                </TextEquiv>
            </TextLine>
            <TextLine id="r2l85" custom="readingOrder {index:84;}">
                <Coords points="461,3121 3393,3182 463,3066"/>
                <Baseline points="478,3114 622,3116 767,3120 912,3123 1057,3126 1202,3129 1347,3132 1491,3135 1636,3138 1781,3141 1926,3144 2071,3146 2216,3150 2361,3153 2505,3156 2650,3160 2795,3163 2940,3167 3085,3171 3230,3175 3375,3180"/>
                <TextEquiv>
                    <Unicode>würdigsten Typus seines Wienerthums, das Wiener! Egoismuz, der sich mit wie er Seelengüte zu Worte großer Menschlichkeit fielen, rümpften</Unicode>
                </TextEquiv>
            </TextLine>
            <TextLine id="r2l86" custom="readingOrder {index:85;}">
                <Coords points="1091,3171 1109,3172 1123,3183 1145,3180 1156,3170 1167,3181 1192,3182 1194,3127 1169,3126 1154,3133 1136,3133 1121,3129 1114,3121 1111,3125 1093,3124"/>
                <Baseline points="1110,3153 1142,3155 1174,3155"/>
                <TextEquiv>
                    <Unicode>——</Unicode>
                </TextEquiv>
            </TextLine>
            <TextLine id="r2l87" custom="readingOrder {index:86;}">
                <Coords points="1220,3236 2751,3278 2959,3220 1222,3138"/>
                <Baseline points="1240,3216 1325,3217 1410,3218 1495,3219 1580,3220 1665,3222 1750,3223 1835,3225 1920,3227 2005,3229 2090,3231 2175,3233 2260,3235 2345,3237 2430,3239 2515,3241 2600,3242 2685,3243 2770,3245 2855,3245 2941,3246"/>
                <TextEquiv>
                    <Unicode>Die heutige Nummer umfaßt vierundzwanzig Seiten.</Unicode>
                </TextEquiv>
            </TextLine>
            <TextLine id="r2l88" custom="readingOrder {index:87;}">
                <Coords points="1172,3499 1248,3497 1316,3521 1357,3506 1396,3523 1501,3520 1508,3433 1479,3435 1440,3465 1399,3425 1328,3453 1284,3406 1239,3431 1212,3400 1179,3398"/>
                <Baseline points="1190,3475 1216,3476 1243,3478 1270,3480 1296,3482 1323,3485 1350,3487 1377,3490 1403,3492 1430,3493 1457,3494 1484,3494"/>
                <TextEquiv>
                    <Unicode>GD</Unicode>
                </TextEquiv>
            </TextLine>
            <TextLine id="r2l89" custom="readingOrder {index:88;}">
                <Coords points="2399,3556 2526,3556 2550,3530 2573,3551 2605,3536 2700,3551 2725,3529 2757,3528 2750,3296 2685,3287 2639,3328 2573,3323 2488,3372 2462,3362 2394,3389"/>
                <Baseline points="2417,3523 2443,3521 2470,3519 2497,3517 2524,3515 2551,3513 2578,3511 2605,3510 2632,3510 2659,3511 2686,3511 2713,3514 2740,3517"/>
                <TextEquiv>
                    <Unicode></Unicode>
                </TextEquiv>
            </TextLine>
            <TextLine id="r2l90" custom="readingOrder {index:89;}">
                <Coords points="1527,3524 1549,3526 1579,3554 1624,3543 1641,3559 1681,3554 1695,3566 1725,3558 1742,3337 1717,3335 1679,3354 1662,3338 1640,3344 1626,3332 1584,3354 1541,3343"/>
                <Baseline points="1545,3518 1572,3522 1599,3525 1627,3528 1654,3529 1681,3530 1709,3532"/>
                <TextEquiv>
                    <Unicode></Unicode>
                </TextEquiv>
            </TextLine>
            <TextLine id="r2l91" custom="readingOrder {index:90;}">
                <Coords points="3131,3572 3246,3551 3268,3568 3330,3574 3348,3559 3366,3573 3406,3572 3400,3350 3378,3351 3354,3377 3288,3346 3244,3355 3145,3423 3126,3423"/>
                <Baseline points="3146,3539 3172,3544 3199,3546 3226,3547 3253,3546 3280,3545 3307,3542 3334,3539 3361,3539 3388,3538"/>
                <TextEquiv>
                    <Unicode></Unicode>
                </TextEquiv>
            </TextLine>
            <TextLine id="r2l92" custom="readingOrder {index:91;}">
                <Coords points="2290,3568 2308,3569 2318,3577 2348,3564 2355,3568 2370,3568 2374,3474 2335,3472 2323,3479 2316,3471 2295,3470"/>
                <Baseline points="2309,3542 2353,3544"/>
                <TextEquiv>
                    <Unicode></Unicode>
                </TextEquiv>
            </TextLine>
            <TextLine id="r2l93" custom="readingOrder {index:92;}">
                <Coords points="3084,3572 3102,3576 3108,3581 3124,3573 3128,3574 3133,3583 3155,3588 3169,3524 3151,3520 3135,3494 3130,3497 3124,3492 3103,3487"/>
                <Baseline points="3108,3544 3144,3552"/>
                <TextEquiv>
                    <Unicode>4</Unicode>
                </TextEquiv>
            </TextLine>
            <TextEquiv>
                <Unicode>Liebelei
5. Llescier box 11/3
  W
Sn 
Nationaltheater.
Mahel, nit den isen Biche eines Aunslergenälsigaren vermef. Dan ist die Schiager=NUg
vor Allen zu erschauen, hat Schnitzler ein böses nens Freundin.
„Liebelei.“ Schauspiel in drei Akten von Arthur Schnitzler.
Diminutiv seiner Künstlerschaft eingetragen. Was
Erste Aufführung im Nationaltheater am 18. Dezember 1908“
In Fritzens Studentenbude. Ein G
sihm als lokalliterarischer Ehrentitel gelten sollte, der
Unter den österreichischen Dichtern steht Arthur
mit Wein und Mokkatorte, mit Blumen u
Dichter des „Süßen Mädels“ zu sein, es ward im Als Entreakt natürlich. Mizi und Theodo
Schnitzler obenan. Das Beiwort, das einzuengen
Handumdrehen zur abgegriffenen, bedeutungsarmen völlig klar über die Art ihrer Beziehung. Im
scheint, bedarf einer näheren Erklärung. Es bedeutet
Etikette seines schriftstellerischen Schaffens, der sich becher der erste Bodensatz von Ueberdruß
zunächst keineswegs, daß Arthur Schnitzler nicht den
Jedermann bediente, der zu träge oder zu miß= nächste Glas gilt einem fröhlichen Sche
feinsten Geistern des ganzen modernen deutschen
günstig war, die Feinheiten von Schnitzler's artisti= finden Beide den Weg ins Freie. Viel e
Schriftthums beizuzählen sei. Vielmehr will es be=schem Können nach Gebühr zu würdigen. Denn auch Fritz die Sache nicht nehmen. Noch
sagen, daß in der vornehmen Künstlerschaft Schnitzler's nur Kurzsichtigkeit oder Böswilligkeit kann den Christine kaum mehr als ein anmuthiges
der Stimmungston österreichischen Wesens, zumal der
weiten Weg zu hoher, überschauender Künstlerschaft Er empfängt auch tugendschwache Gattinen
Wienerischen Art mit besonderer Prägnanz angeschlagen
verkennen, den das Talent Schnitzler's von den
Klause. Das Souper ist beendet. Fritz setz
erscheint. Weiche, sinnige Anmuth, die selbst viele Anatol=Skizzen zu den ersten Akten des „Schleiers
seiner Männergestalten umschwebt; zarte, dämmerige
Klavier, Christine singt ein Schumannl
der Beatrice“ zum „Einsamen Weg“ und zum
Melancholie, die durch die Seelen seiner Geschöpfe,
fordert Mizi einen Gassenhauer im Drein
„Zwischenspiel“, vom „Lieuienant Gustl“ zu den denn ihr geht die Lebensfreude in die B
durch Situationen, durch die Landschaften zittert; „Dämmerseelen“, zum „Weg ins Freie“, seinem klingelt es. Die Gäste ziehen sich zurück, ei
ein sonniger, gemüthsinniger Humor, der auch in der
ersten groß ausholenden Roman, genommen hat.
Zuspitzung zur Satire nicht seine Liebenswürdigkeit
Herr erschein. Haßsprühenden Auges, den
Die „Liebelei“ freilich, sie ist die Tragödie des Vernichtung in dem eisigen Blick, forbert er
verliert; helle, rothwangig=sinnliche Lebensfreudigkeit;
süßen Mädels. Des jungen gebefreugen Menschen= den vergessenen Schleier, die Briefe sein
ein warmes, kluges Menschthum, das, frei von jeder
kindes, das in Leichtsinn und Gr ie dem Zuge
Prinzipiensäure, zu verstehen, zu vergeben gewillt ist;
zurück. Der junge Verführer steht vor der
seines Herzens folgt, seiner frise Sinnlichkeit,
ein kecker, fast frivoler Leichtsinn, der sich durch heitere
seiner Ehre. Er weiß, die Kugel des Gegn
seinem naiven Glücksvertrauen.
eilen schwingen
ihn ins Herz.
Selbstironie entschuldigen möchte; dazu der scharfe
wohl tiefere Unteriöne mit. Bei s
ancher, wie bei
Blick für die feinen Verwitterungsprozesse der gesell¬
Ein kleines Meisterstück der Realistik.
Christine Weiring, hat schon di
* Empfindung ist geistvolle, virtnose Milieuzeichnung un
schaftlichen Bestände, die verbindliche Noblesse eines
ihre Wurzeln in das innerste He
nkt, und wenn
Stils, der um die Kraft der Gedanken die seiden¬
dram. Fritz sucht Christine im Hause ihre
die eine Saite reißt, ist es eine
anz fürs Leben. auf. Der greise Theatergeiger ist der edelste
weiche Anmuth einer blühenden Sprache breitet —
Es gibt Mimosen voll heißer L
haftlichkeit, sen=] Er kennt längst das Geheimniß seines Kinde
das etwa sind die Farben, die aus den Lebensbildern
sitive Menschenblüthen, die sterl
üssen, wenn der er hatte seine Schwester betreut, bewahrt v
von Schnitzler's künstlerischer Gestaltung mit stärkerer
Sonnenstrahl, der sie wachge
Leuchtkraft hervorglänzen.
verbleicht. Der Ungemach, aller Anfechtung, bis sie dar#
andere Typus: In hellem.
#theilslosem Dur. bischen Lebensglück versäumte. Und seinen
Daß er jung und warmblütig genug war, in Lebensprühend, übermüthig bi
r Frechheit, nüch= will er nicht die Sonne aus dem Leben stehl
den Maientagen seiner Dichterschaft den liebens=tern im Denken, zaglos im G 3, mit allem kleinen im Burgtheater zum ersten Mal diese goldsu
würdigsten Typus seines Wienerthums, das Wiener! Egoismuz, der sich mit wie er Seelengüte zu Worte großer Menschlichkeit fielen, rümpften
——
Die heutige Nummer umfaßt vierundzwanzig Seiten.
GD




4</Unicode>
            </TextEquiv>
        </TextRegion>
    </Page>
</PcGts>
