<?xml version="1.0" encoding="UTF-8" standalone="yes"?>
<PcGts xmlns="http://schema.primaresearch.org/PAGE/gts/pagecontent/2013-07-15" xmlns:xsi="http://www.w3.org/2001/XMLSchema-instance" xsi:schemaLocation="http://schema.primaresearch.org/PAGE/gts/pagecontent/2013-07-15 http://schema.primaresearch.org/PAGE/gts/pagecontent/2013-07-15/pagecontent.xsd">
    <Metadata>
        <Creator>prov=University of Rostock/Institute of Mathematics/CITlab/Gundram Leifert/gundram.leifert@uni-rostock.de:name=ONB_Newseye_GT_M1+(htr_id=10810)::::v=2.4.2
prov=University of Rostock/Institute of Mathematics/CITlab/Tobias Gruening/tobias.gruening@uni-rostock.de:name=de.uros.citlab.module.baseline2polygon.B2PSeamMultiOriented:v=2.4.2
prov=University of Rostock/Institute of Mathematics/CITlab/Tobias Gruening/tobias.gruening@uni-rostock.de:name=/mnt/transkribus/LA/DEA/URO/LA_news_onb_att.pb:de.uros.citlab.segmentation.CITlab_LA_ML:v=2.4.2
Transkribus</Creator>
        <Created>2019-10-07T11:58:42.592+02:00</Created>
        <LastChange>2019-10-09T12:23:09.104+02:00</LastChange>
        <TranskribusMetadata docId="223992" pageId="9509089" pageNr="1200" tsid="16649898" status="IN_PROGRESS" userId="40391" imgUrl="https://files.transkribus.eu/Get?id=YIIJQYEODOIONBZCSBUTCSQZ&amp;fileType=view" xmlUrl="https://files.transkribus.eu/Get?id=EVLUKLLZGURPSDOPRNABXVCX" imageId="6198093"/>
    </Metadata>
    <Page imageFilename="223992_1200.jpeg" imageWidth="3436" imageHeight="4352">
        <ReadingOrder>
            <OrderedGroup id="ro_1711446192854" caption="Regions reading order">
                <RegionRefIndexed index="0" regionRef="r1"/>
                <RegionRefIndexed index="1" regionRef="r2"/>
                <RegionRefIndexed index="2" regionRef="r3"/>
                <RegionRefIndexed index="3" regionRef="r4"/>
            </OrderedGroup>
        </ReadingOrder>
        <TextRegion orientation="0.0" id="r1" custom="readingOrder {index:0;}">
            <Coords points="5,4176 5,4334 69,4334 69,4176"/>
            <TextLine id="r1l1" custom="readingOrder {index:0;}">
                <Coords points="-1,4279 9,4281 15,4279 17,4283 56,4285 74,4289 80,4247 65,4246 63,4243 56,4248 48,4244 37,4248 24,4243 14,4233 5,4233"/>
                <Baseline points="5,4276 37,4277 69,4284"/>
                <TextEquiv>
                    <Unicode></Unicode>
                </TextEquiv>
            </TextLine>
            <TextEquiv>
                <Unicode></Unicode>
            </TextEquiv>
        </TextRegion>
        <TextRegion orientation="0.0" id="r2" custom="readingOrder {index:1;}">
            <Coords points="433,503 433,4194 1375,4194 1375,503"/>
            <TextLine id="r2l1" custom="readingOrder {index:0;}">
                <Coords points="446,537 1275,544 1320,530 1320,499 1128,474 897,503 781,479 723,505 445,489"/>
                <Baseline points="451,533 494,532 537,532 580,531 623,530 667,530 710,530 753,529 796,529 839,529 883,529 926,529 969,529 1012,529 1055,529 1099,529 1142,529 1185,529 1228,529 1271,529 1315,529"/>
                <TextEquiv>
                    <Unicode>handelnden Personen, die Färbung</Unicode>
                </TextEquiv>
            </TextLine>
            <TextLine id="r2l2" custom="readingOrder {index:1;}">
                <Coords points="444,591 1323,591 1322,562 1171,541 705,571 549,545 444,569"/>
                <Baseline points="449,587 492,588 535,589 579,589 622,589 666,589 709,589 752,589 796,589 839,588 883,588 926,587 969,587 1013,586 1056,586 1100,585 1143,585 1186,585 1230,585 1273,585 1317,586"/>
                <TextEquiv>
                    <Unicode>des Tones so intensiv wahrnehmen,</Unicode>
                </TextEquiv>
            </TextLine>
            <TextLine id="r2l3" custom="readingOrder {index:2;}">
                <Coords points="446,648 1309,651 1308,600 1265,594 446,609"/>
                <Baseline points="452,648 494,649 537,649 579,650 622,650 664,650 707,649 749,649 792,648 834,647 877,646 920,645 962,644 1005,644 1047,643 1090,642 1132,641 1175,641 1217,640 1260,640 1303,640"/>
                <TextEquiv>
                    <Unicode>als beim Vertiefen in eine literarisch¬</Unicode>
                </TextEquiv>
            </TextLine>
            <TextLine id="r2l4" custom="readingOrder {index:3;}">
                <Coords points="438,708 1008,727 1038,704 1292,708 1313,672 437,666"/>
                <Baseline points="443,707 486,707 529,707 572,707 615,707 659,706 702,706 745,706 788,706 831,706 875,706 918,706 961,705 1004,705 1047,704 1091,704 1134,703 1177,702 1220,701 1263,700 1307,698"/>
                <TextEquiv>
                    <Unicode>künstlerische Schöpfung, bei einem</Unicode>
                </TextEquiv>
            </TextLine>
            <TextLine id="r2l5" custom="readingOrder {index:4;}">
                <Coords points="450,773 1245,771 1299,767 1299,731 1176,714 1094,739 1029,711 963,736 698,717 450,740"/>
                <Baseline points="455,767 496,767 538,767 580,767 622,767 664,767 706,767 748,766 790,766 832,765 874,765 915,765 957,764 999,764 1041,763 1083,762 1125,761 1167,761 1209,760 1251,759 1293,758"/>
                <TextEquiv>
                    <Unicode>stummen Roman? Sind Sie nicht da¬</Unicode>
                </TextEquiv>
            </TextLine>
            <TextLine id="r2l6" custom="readingOrder {index:5;}">
                <Coords points="439,827 793,847 1309,827 1294,775 1154,791 1104,768 439,797"/>
                <Baseline points="445,827 490,827 535,826 580,826 625,825 671,824 716,823 761,822 806,821 851,820 897,819 942,818 987,818 1032,817 1077,816 1123,816 1168,816 1213,816 1258,816 1304,817"/>
                <TextEquiv>
                    <Unicode>zu fähig, sehr geehrter Herr Engel, ist</Unicode>
                </TextEquiv>
            </TextLine>
            <TextLine id="r2l7" custom="readingOrder {index:6;}">
                <Coords points="437,888 1314,888 1314,851 999,831 437,859"/>
                <Baseline points="443,885 486,884 529,883 572,883 616,882 659,882 702,881 745,881 789,880 832,880 875,879 918,879 962,879 1005,878 1048,878 1091,878 1135,877 1178,877 1221,876 1264,876 1308,876"/>
                <TextEquiv>
                    <Unicode>hier nicht jeder und noch so vollkom¬</Unicode>
                </TextEquiv>
            </TextLine>
            <TextLine id="r2l8" custom="readingOrder {index:7;}">
                <Coords points="428,941 1248,946 1303,934 1303,898 1130,889 1027,925 904,889 427,910"/>
                <Baseline points="433,942 476,941 519,941 562,940 606,940 649,940 692,939 735,938 779,937 822,937 865,936 908,936 952,935 995,935 1038,935 1081,934 1125,934 1168,935 1211,935 1254,936 1298,937"/>
                <TextEquiv>
                    <Unicode>mener Synchronismus zwischen</Unicode>
                </TextEquiv>
            </TextLine>
            <TextLine id="r2l9" custom="readingOrder {index:8;}">
                <Coords points="428,1008 1280,1010 1308,963 963,945 786,973 428,968"/>
                <Baseline points="434,995 477,996 520,997 564,998 607,998 651,998 694,998 738,997 781,997 825,997 868,996 911,996 955,995 998,995 1042,995 1085,995 1129,995 1172,995 1216,996 1259,997 1303,998"/>
                <TextEquiv>
                    <Unicode>Grammophon und Film überflüssig,</Unicode>
                </TextEquiv>
            </TextLine>
            <TextLine id="r2l10" custom="readingOrder {index:9;}">
                <Coords points="433,1055 557,1077 1252,1060 1282,1047 1281,1009 432,1029"/>
                <Baseline points="438,1055 479,1056 521,1056 563,1057 605,1057 647,1057 689,1057 731,1056 773,1056 815,1055 857,1054 898,1053 940,1053 982,1052 1024,1051 1066,1050 1108,1050 1150,1050 1192,1049 1234,1049 1276,1050"/>
                <TextEquiv>
                    <Unicode>hochgeschätzter Herr Moszkowski?</Unicode>
                </TextEquiv>
            </TextLine>
            <TextLine id="r2l11" custom="readingOrder {index:10;}">
                <Coords points="516,1105 791,1138 1303,1117 1303,1077 1236,1068 986,1088 912,1070 816,1094 725,1070 516,1074"/>
                <Baseline points="521,1113 559,1113 598,1113 637,1114 676,1114 715,1113 754,1113 792,1113 831,1113 870,1112 909,1112 948,1112 987,1111 1026,1111 1064,1111 1103,1111 1142,1111 1181,1111 1220,1112 1259,1112 1298,1113"/>
                <TextEquiv>
                    <Unicode>Wir glauben auch ferner, daß eine</Unicode>
                </TextEquiv>
            </TextLine>
            <TextLine id="r2l12" custom="readingOrder {index:11;}">
                <Coords points="442,1179 1299,1169 1270,1131 1201,1119 441,1144"/>
                <Baseline points="447,1174 489,1174 531,1174 573,1174 616,1174 658,1173 700,1173 743,1173 785,1172 827,1172 870,1171 912,1170 954,1170 996,1169 1039,1169 1081,1168 1123,1168 1166,1168 1208,1168 1250,1168 1293,1168"/>
                <TextEquiv>
                    <Unicode>den Sujets streng angepaßte künst¬</Unicode>
                </TextEquiv>
            </TextLine>
            <TextLine id="r2l13" custom="readingOrder {index:12;}">
                <Coords points="440,1232 1298,1242 1308,1194 1237,1181 1193,1209 1030,1178 492,1204 439,1181"/>
                <Baseline points="445,1231 487,1231 530,1231 573,1231 616,1231 659,1231 702,1231 745,1230 788,1230 831,1229 874,1229 916,1228 959,1228 1002,1228 1045,1228 1088,1228 1131,1228 1174,1228 1217,1229 1260,1230 1303,1230"/>
                <TextEquiv>
                    <Unicode>lerisch-musikalische Begleitung viel,</Unicode>
                </TextEquiv>
            </TextLine>
            <TextLine id="r2l14" custom="readingOrder {index:13;}">
                <Coords points="438,1303 1255,1306 1299,1289 1299,1252 543,1243 438,1268"/>
                <Baseline points="443,1292 485,1292 528,1292 570,1292 613,1292 655,1292 698,1291 740,1291 783,1291 825,1290 868,1290 911,1290 953,1289 996,1289 1038,1288 1081,1288 1123,1288 1166,1287 1208,1287 1251,1287 1294,1287"/>
                <TextEquiv>
                    <Unicode>viel stilgemäßer ist, viel illustrieren¬</Unicode>
                </TextEquiv>
            </TextLine>
            <TextLine id="r2l15" custom="readingOrder {index:14;}">
                <Coords points="436,1360 549,1347 650,1374 713,1350 742,1368 1047,1356 1047,1318 957,1302 843,1323 750,1300 704,1325 666,1309 626,1325 583,1301 532,1327 436,1316"/>
                <Baseline points="441,1347 471,1348 501,1349 531,1350 561,1350 591,1350 621,1350 651,1349 681,1349 711,1348 741,1348 771,1347 801,1346 831,1346 861,1345 891,1345 921,1344 951,1344 981,1344 1011,1345 1042,1346"/>
                <TextEquiv>
                    <Unicode>der als ein Grammophon.</Unicode>
                </TextEquiv>
            </TextLine>
            <TextLine id="r2l16" custom="readingOrder {index:15;}">
                <Coords points="522,1418 1309,1423 1309,1364 522,1376"/>
                <Baseline points="528,1406 566,1406 605,1406 644,1406 683,1406 722,1406 760,1406 799,1406 838,1406 877,1406 916,1406 954,1406 993,1407 1032,1407 1071,1407 1110,1407 1148,1407 1187,1406 1226,1406 1265,1406 1304,1406"/>
                <TextEquiv>
                    <Unicode>Und jetzt zu dem zweiten, nicht</Unicode>
                </TextEquiv>
            </TextLine>
            <TextLine id="r2l17" custom="readingOrder {index:16;}">
                <Coords points="447,1464 576,1491 1316,1467 1278,1425 1184,1414 1063,1440 447,1439"/>
                <Baseline points="452,1464 494,1465 537,1465 580,1465 623,1465 666,1465 709,1465 752,1465 795,1465 838,1465 881,1464 923,1464 966,1464 1009,1464 1052,1464 1095,1464 1138,1464 1181,1464 1224,1465 1267,1465 1310,1466"/>
                <TextEquiv>
                    <Unicode>weniger interessanten Artikel des</Unicode>
                </TextEquiv>
            </TextLine>
            <TextLine id="r2l18" custom="readingOrder {index:17;}">
                <Coords points="440,1523 709,1554 1277,1533 1312,1523 1312,1471 1109,1508 1028,1473 998,1496 641,1482 606,1503 502,1476 440,1496"/>
                <Baseline points="445,1524 488,1525 531,1525 574,1525 617,1526 660,1526 703,1526 746,1526 789,1525 832,1525 875,1525 918,1524 961,1524 1004,1523 1047,1523 1090,1523 1133,1522 1176,1521 1219,1521 1262,1521 1306,1521"/>
                <TextEquiv>
                    <Unicode>Herrn Engel zurück: Der Artikel</Unicode>
                </TextEquiv>
            </TextLine>
            <TextLine id="r2l19" custom="readingOrder {index:18;}">
                <Coords points="438,1583 631,1612 1061,1584 1229,1603 1322,1596 1322,1554 571,1539 438,1572"/>
                <Baseline points="443,1587 486,1588 530,1589 574,1590 617,1590 661,1590 705,1590 748,1589 792,1588 836,1587 880,1586 923,1585 967,1584 1011,1582 1054,1582 1098,1581 1142,1581 1185,1581 1229,1581 1273,1582 1317,1584"/>
                <TextEquiv>
                    <Unicode>spricht gegen das Kino. Die Intonation</Unicode>
                </TextEquiv>
            </TextLine>
            <TextLine id="r2l20" custom="readingOrder {index:19;}">
                <Coords points="437,1665 1317,1643 1316,1601 1175,1593 436,1619"/>
                <Baseline points="442,1648 485,1648 528,1648 572,1648 615,1648 659,1647 702,1646 746,1645 789,1645 833,1644 876,1643 919,1642 963,1641 1006,1641 1050,1640 1093,1640 1137,1640 1180,1640 1224,1641 1267,1642 1311,1643"/>
                <TextEquiv>
                    <Unicode>ist richtig und kompromiert sich zu</Unicode>
                </TextEquiv>
            </TextLine>
            <TextLine id="r2l21" custom="readingOrder {index:20;}">
                <Coords points="441,1715 1321,1703 1320,1657 1217,1652 441,1667"/>
                <Baseline points="447,1707 490,1708 533,1708 577,1707 620,1707 664,1706 707,1705 751,1705 794,1703 838,1702 881,1701 924,1700 968,1699 1011,1699 1055,1698 1098,1698 1142,1698 1185,1698 1229,1698 1272,1699 1316,1701"/>
                <TextEquiv>
                    <Unicode>der auch von uns festgestellten Tat¬</Unicode>
                </TextEquiv>
            </TextLine>
            <TextLine id="r2l22" custom="readingOrder {index:21;}">
                <Coords points="446,1773 1233,1775 1312,1763 1312,1710 445,1742"/>
                <Baseline points="451,1765 493,1765 536,1765 579,1765 622,1765 665,1764 707,1764 750,1763 793,1762 836,1762 879,1761 921,1760 964,1760 1007,1759 1050,1758 1093,1758 1135,1757 1178,1757 1221,1757 1264,1757 1307,1757"/>
                <TextEquiv>
                    <Unicode>sache, daß der Film nur zur Belusti¬</Unicode>
                </TextEquiv>
            </TextLine>
            <TextLine id="r2l23" custom="readingOrder {index:22;}">
                <Coords points="460,1833 831,1825 925,1848 992,1820 1343,1819 1342,1781 1126,1763 1069,1791 459,1790"/>
                <Baseline points="465,1827 508,1826 552,1826 595,1825 639,1825 683,1824 726,1824 770,1823 813,1822 857,1821 901,1820 944,1820 988,1819 1031,1818 1075,1818 1119,1817 1162,1817 1206,1816 1249,1816 1293,1816 1337,1817"/>
                <TextEquiv>
                    <Unicode>gung geeignet, von den künstlerischen</Unicode>
                </TextEquiv>
            </TextLine>
            <TextLine id="r2l24" custom="readingOrder {index:23;}">
                <Coords points="453,1881 1344,1898 1344,1846 1133,1824 1080,1852 453,1846"/>
                <Baseline points="459,1884 503,1883 547,1882 591,1881 635,1880 679,1880 723,1880 767,1879 811,1879 855,1879 899,1879 943,1879 987,1880 1031,1880 1075,1880 1119,1880 1163,1880 1207,1880 1251,1880 1295,1880 1339,1880"/>
                <TextEquiv>
                    <Unicode>Ambitionen fern zu halten ist. Aber</Unicode>
                </TextEquiv>
            </TextLine>
            <TextLine id="r2l25" custom="readingOrder {index:24;}">
                <Coords points="452,1946 846,1938 897,1955 967,1932 1036,1955 1165,1934 1165,1909 1110,1890 451,1902"/>
                <Baseline points="457,1939 492,1939 527,1939 562,1938 597,1938 632,1937 667,1937 703,1936 738,1935 773,1934 808,1934 843,1933 878,1933 913,1933 949,1932 984,1932 1019,1932 1054,1933 1089,1934 1124,1934 1160,1936"/>
                <TextEquiv>
                    <Unicode>nur in gegenwärtiger Form!</Unicode>
                </TextEquiv>
            </TextLine>
            <TextLine id="r2l26" custom="readingOrder {index:25;}">
                <Coords points="535,2003 1124,2013 1340,1989 1333,1944 1117,1963 966,1932 896,1955 764,1940 694,1968 535,1945"/>
                <Baseline points="540,1995 579,1994 619,1994 659,1994 698,1993 738,1993 778,1993 817,1993 857,1992 897,1992 937,1992 976,1992 1016,1992 1056,1991 1095,1991 1135,1991 1175,1991 1214,1990 1254,1990 1294,1989 1334,1989"/>
                <TextEquiv>
                    <Unicode>In dem Artikel heißt es: „Ich muß</Unicode>
                </TextEquiv>
            </TextLine>
            <TextLine id="r2l27" custom="readingOrder {index:26;}">
                <Coords points="466,2052 1237,2065 1300,2059 1320,2021 1190,1994 1117,2020 1065,1998 965,2025 553,2006 466,2027"/>
                <Baseline points="472,2055 514,2055 556,2055 598,2054 640,2054 682,2054 724,2053 766,2053 808,2053 850,2052 893,2052 935,2052 977,2051 1019,2051 1061,2050 1103,2050 1145,2050 1187,2049 1229,2049 1271,2049 1314,2049"/>
                <TextEquiv>
                    <Unicode>widersprechen, wenn Sie (Mosz¬</Unicode>
                </TextEquiv>
            </TextLine>
            <TextLine id="r2l28" custom="readingOrder {index:27;}">
                <Coords points="465,2119 1338,2122 1345,2079 1273,2055 1215,2078 862,2064 790,2090 464,2066"/>
                <Baseline points="470,2117 513,2116 556,2115 600,2114 643,2114 687,2113 730,2112 774,2112 817,2111 861,2111 904,2110 947,2110 991,2110 1034,2109 1078,2109 1121,2109 1165,2109 1208,2109 1252,2109 1295,2109 1339,2109"/>
                <TextEquiv>
                    <Unicode>kowski) mit möglichen technischen</Unicode>
                </TextEquiv>
            </TextLine>
            <TextLine id="r2l29" custom="readingOrder {index:28;}">
                <Coords points="465,2170 564,2195 1322,2170 1322,2134 1217,2119 980,2116 898,2149 465,2133"/>
                <Baseline points="471,2176 513,2175 555,2175 597,2174 640,2173 682,2173 724,2172 767,2172 809,2172 851,2171 894,2171 936,2170 978,2170 1020,2170 1063,2169 1105,2169 1147,2169 1190,2168 1232,2168 1274,2167 1317,2167"/>
                <TextEquiv>
                    <Unicode>Vollendungen den Ruf aller derjeni¬</Unicode>
                </TextEquiv>
            </TextLine>
            <TextLine id="r2l30" custom="readingOrder {index:29;}">
                <Coords points="460,2252 1340,2226 1339,2195 1282,2180 1147,2199 1105,2171 941,2203 895,2180 793,2205 697,2180 586,2209 459,2193"/>
                <Baseline points="466,2240 509,2238 552,2237 596,2235 639,2233 683,2232 726,2231 769,2230 813,2229 856,2228 900,2227 943,2227 986,2227 1030,2226 1073,2226 1117,2226 1160,2226 1203,2226 1247,2226 1290,2226 1334,2226"/>
                <TextEquiv>
                    <Unicode>gen ersticken wollen, welche in der</Unicode>
                </TextEquiv>
            </TextLine>
            <TextLine id="r2l31" custom="readingOrder {index:30;}">
                <Coords points="465,2298 1345,2292 1289,2237 984,2244 952,2271 860,2239 464,2249"/>
                <Baseline points="470,2296 513,2294 556,2292 600,2291 643,2290 687,2289 730,2288 774,2287 817,2287 861,2287 904,2286 947,2286 991,2286 1034,2286 1078,2286 1121,2286 1165,2285 1208,2285 1252,2284 1295,2283 1339,2282"/>
                <TextEquiv>
                    <Unicode>Institution des Kino, des gegenwärti¬</Unicode>
                </TextEquiv>
            </TextLine>
            <TextLine id="r2l32" custom="readingOrder {index:31;}">
                <Coords points="470,2363 1337,2351 1336,2319 1288,2298 1088,2327 913,2296 810,2329 678,2303 470,2323"/>
                <Baseline points="476,2355 518,2354 561,2352 604,2351 647,2350 689,2350 732,2349 775,2348 818,2348 860,2348 903,2348 946,2347 989,2347 1031,2347 1074,2347 1117,2347 1160,2347 1202,2346 1245,2346 1288,2346 1331,2345"/>
                <TextEquiv>
                    <Unicode>gen und des zukünftigen, eine Be¬</Unicode>
                </TextEquiv>
            </TextLine>
            <TextLine id="r2l33" custom="readingOrder {index:32;}">
                <Coords points="460,2403 716,2430 1339,2402 1338,2366 1207,2357 1048,2377 929,2355 860,2394 789,2364 460,2379"/>
                <Baseline points="465,2412 508,2411 551,2411 595,2411 638,2410 682,2410 725,2409 768,2409 812,2409 855,2408 899,2408 942,2408 985,2407 1029,2407 1072,2407 1116,2406 1159,2406 1202,2406 1246,2405 1289,2405 1333,2405"/>
                <TextEquiv>
                    <Unicode>reicherung der „Kunstsphäre“, er¬</Unicode>
                </TextEquiv>
            </TextLine>
            <TextLine id="r2l34" custom="readingOrder {index:33;}">
                <Coords points="464,2479 551,2485 582,2472 724,2469 817,2483 864,2466 864,2447 699,2422 639,2441 541,2421 463,2442"/>
                <Baseline points="469,2470 495,2468 521,2468 547,2466 573,2465 599,2465 625,2465 651,2464 677,2464 703,2463 729,2463 755,2463 781,2463 807,2463 833,2463 859,2463"/>
                <TextEquiv>
                    <Unicode>blicken können.</Unicode>
                </TextEquiv>
            </TextLine>
            <TextLine id="r2l35" custom="readingOrder {index:34;}">
                <Coords points="547,2524 693,2547 813,2519 894,2539 1333,2531 1332,2492 1293,2478 1068,2496 1002,2478 962,2499 884,2475 765,2500 618,2474 547,2495"/>
                <Baseline points="553,2526 591,2526 630,2527 669,2527 707,2527 746,2527 785,2527 823,2526 862,2526 901,2525 940,2524 978,2524 1017,2523 1056,2522 1094,2521 1133,2521 1172,2521 1210,2520 1249,2520 1288,2520 1327,2521"/>
                <TextEquiv>
                    <Unicode>Wir haben weiter oben darauf hin¬</Unicode>
                </TextEquiv>
            </TextLine>
            <TextLine id="r2l36" custom="readingOrder {index:35;}">
                <Coords points="468,2599 1304,2589 1337,2581 1336,2540 467,2560"/>
                <Baseline points="473,2590 515,2589 558,2588 601,2587 644,2586 687,2586 730,2585 773,2585 816,2584 859,2584 902,2584 944,2583 987,2583 1030,2583 1073,2582 1116,2582 1159,2581 1202,2581 1245,2580 1288,2579 1331,2578"/>
                <TextEquiv>
                    <Unicode>gewiesen, daß die technische Ent¬</Unicode>
                </TextEquiv>
            </TextLine>
            <TextLine id="r2l37" custom="readingOrder {index:36;}">
                <Coords points="474,2648 691,2666 1353,2638 1279,2602 1040,2592 995,2616 741,2599 670,2620 584,2594 474,2619"/>
                <Baseline points="479,2646 522,2646 565,2645 609,2645 652,2645 696,2644 739,2644 782,2644 826,2643 869,2643 913,2642 956,2642 999,2641 1043,2641 1086,2641 1130,2640 1173,2640 1216,2640 1260,2640 1303,2640 1347,2640"/>
                <TextEquiv>
                    <Unicode>wicklung des Kinos mit konkreten</Unicode>
                </TextEquiv>
            </TextLine>
            <TextLine id="r2l38" custom="readingOrder {index:37;}">
                <Coords points="468,2711 1259,2720 1342,2692 1342,2651 467,2678"/>
                <Baseline points="473,2707 516,2707 559,2706 602,2705 645,2705 689,2704 732,2704 775,2703 818,2702 861,2702 905,2701 948,2700 991,2700 1034,2699 1077,2699 1121,2698 1164,2697 1207,2697 1250,2697 1293,2696 1337,2696"/>
                <TextEquiv>
                    <Unicode>Faktoren arbeitet, also auf dem posi¬</Unicode>
                </TextEquiv>
            </TextLine>
            <TextLine id="r2l39" custom="readingOrder {index:38;}">
                <Coords points="473,2755 539,2784 620,2764 751,2790 850,2758 1353,2763 1352,2725 1276,2708 472,2741"/>
                <Baseline points="478,2768 521,2767 564,2766 608,2765 651,2765 695,2764 738,2764 782,2763 825,2763 869,2762 912,2762 955,2761 999,2761 1042,2760 1086,2760 1129,2759 1173,2759 1216,2758 1260,2757 1303,2757 1347,2756"/>
                <TextEquiv>
                    <Unicode>tiven Restglied logisch nachzuprüfen</Unicode>
                </TextEquiv>
            </TextLine>
            <TextLine id="r2l40" custom="readingOrder {index:39;}">
                <Coords points="477,2826 1355,2820 1354,2795 1281,2772 1230,2796 1110,2770 682,2797 617,2777 566,2806 476,2782"/>
                <Baseline points="482,2828 525,2828 568,2827 612,2827 655,2826 698,2825 742,2824 785,2823 828,2822 872,2821 915,2820 958,2819 1002,2818 1045,2817 1088,2817 1132,2816 1175,2816 1218,2815 1262,2815 1305,2816 1349,2816"/>
                <TextEquiv>
                    <Unicode>ist. Dieses Restglied ist eben das</Unicode>
                </TextEquiv>
            </TextLine>
            <TextLine id="r2l41" custom="readingOrder {index:40;}">
                <Coords points="470,2888 1166,2898 1352,2876 1352,2840 470,2849"/>
                <Baseline points="475,2888 518,2887 562,2885 605,2884 649,2883 693,2882 736,2881 780,2881 823,2880 867,2880 911,2880 954,2880 998,2879 1041,2879 1085,2879 1129,2879 1172,2878 1216,2878 1259,2877 1303,2876 1347,2875"/>
                <TextEquiv>
                    <Unicode>plastische Bild, das die Möglichkeit</Unicode>
                </TextEquiv>
            </TextLine>
            <TextLine id="r2l42" custom="readingOrder {index:41;}">
                <Coords points="481,2943 799,2963 1333,2936 1332,2908 1206,2888 965,2912 913,2890 767,2913 673,2888 481,2901"/>
                <Baseline points="487,2947 529,2946 571,2945 613,2944 655,2943 697,2942 739,2941 781,2940 823,2939 865,2938 907,2937 949,2936 991,2936 1033,2935 1075,2934 1117,2934 1159,2934 1201,2933 1243,2933 1285,2933 1327,2933"/>
                <TextEquiv>
                    <Unicode>liefert, künstlerische Stimmung her¬</Unicode>
                </TextEquiv>
            </TextLine>
            <TextLine id="r2l43" custom="readingOrder {index:42;}">
                <Coords points="477,3007 1252,3011 1336,2997 1361,2964 476,2956"/>
                <Baseline points="482,3004 525,3003 569,3003 612,3002 656,3002 700,3001 743,3001 787,3000 831,3000 874,2999 918,2999 962,2998 1005,2998 1049,2997 1093,2997 1136,2997 1180,2996 1224,2996 1267,2995 1311,2995 1355,2995"/>
                <TextEquiv>
                    <Unicode>vorzurufen, und daher die Impression</Unicode>
                </TextEquiv>
            </TextLine>
            <TextLine id="r2l44" custom="readingOrder {index:43;}">
                <Coords points="481,3054 666,3078 1294,3057 1293,3032 1168,3009 481,3022"/>
                <Baseline points="486,3064 526,3063 566,3062 606,3061 646,3060 686,3059 726,3058 766,3057 806,3057 846,3056 887,3056 927,3056 967,3055 1007,3055 1047,3055 1087,3055 1127,3055 1167,3056 1207,3056 1247,3056 1288,3056"/>
                <TextEquiv>
                    <Unicode>der Gefühlsaffekte zu erwecken.</Unicode>
                </TextEquiv>
            </TextLine>
            <TextLine id="r2l45" custom="readingOrder {index:44;}">
                <Coords points="476,3131 1280,3124 1349,3112 1349,3080 475,3081"/>
                <Baseline points="482,3125 525,3123 568,3122 611,3121 654,3119 697,3118 740,3117 783,3116 826,3115 869,3115 913,3114 956,3113 999,3113 1042,3112 1085,3112 1128,3112 1171,3112 1214,3112 1257,3113 1300,3113 1344,3114"/>
                <TextEquiv>
                    <Unicode>Das ist die Kunst! — Bereits bei dem</Unicode>
                </TextEquiv>
            </TextLine>
            <TextLine id="r2l46" custom="readingOrder {index:45;}">
                <Coords points="487,3193 1178,3189 1349,3153 1301,3125 1157,3143 1121,3120 486,3149"/>
                <Baseline points="492,3183 534,3182 577,3181 619,3180 662,3180 704,3178 747,3178 789,3177 832,3176 874,3175 917,3175 960,3174 1002,3173 1045,3173 1087,3172 1130,3172 1172,3172 1215,3171 1257,3171 1300,3171 1343,3171"/>
                <TextEquiv>
                    <Unicode>zweiten Absatz halten wir die Deduk¬</Unicode>
                </TextEquiv>
            </TextLine>
            <TextLine id="r2l47" custom="readingOrder {index:46;}">
                <Coords points="479,3242 1305,3251 1352,3246 1352,3189 479,3201"/>
                <Baseline points="484,3241 527,3240 570,3239 613,3238 656,3237 699,3236 742,3236 786,3235 829,3234 872,3234 915,3234 958,3234 1001,3233 1044,3233 1088,3233 1131,3233 1174,3232 1217,3232 1260,3232 1303,3231 1347,3231"/>
                <TextEquiv>
                    <Unicode>tionen Herrn Engels als widerlegt,</Unicode>
                </TextEquiv>
            </TextLine>
            <TextLine id="r2l48" custom="readingOrder {index:47;}">
                <Coords points="491,3299 1150,3313 1361,3286 1360,3260 1256,3243 490,3261"/>
                <Baseline points="496,3299 541,3298 586,3298 631,3297 676,3296 722,3295 767,3295 812,3294 857,3294 902,3293 948,3292 993,3292 1038,3291 1083,3291 1128,3290 1174,3290 1219,3290 1264,3289 1309,3289 1355,3289"/>
                <TextEquiv>
                    <Unicode>und so wäre eigentlich im allgemeinen</Unicode>
                </TextEquiv>
            </TextLine>
            <TextLine id="r2l49" custom="readingOrder {index:48;}">
                <Coords points="490,3360 1171,3368 1319,3357 1366,3323 783,3300 714,3329 490,3328"/>
                <Baseline points="496,3358 539,3358 582,3357 625,3356 668,3356 712,3355 755,3354 798,3353 841,3352 884,3352 928,3351 971,3350 1014,3350 1057,3349 1100,3349 1144,3349 1187,3349 1230,3349 1273,3349 1316,3349 1360,3350"/>
                <TextEquiv>
                    <Unicode>über den Artikel nichts weiteres zu</Unicode>
                </TextEquiv>
            </TextLine>
            <TextLine id="r2l50" custom="readingOrder {index:49;}">
                <Coords points="481,3420 1326,3423 1358,3416 1358,3372 703,3366 650,3393 480,3396"/>
                <Baseline points="486,3417 529,3416 572,3416 616,3415 659,3415 702,3414 746,3414 789,3413 832,3412 876,3412 919,3411 962,3411 1006,3410 1049,3410 1092,3410 1136,3410 1179,3410 1222,3410 1266,3410 1309,3411 1353,3411"/>
                <TextEquiv>
                    <Unicode>sagen. Es sind aber noch weitere,</Unicode>
                </TextEquiv>
            </TextLine>
            <TextLine id="r2l51" custom="readingOrder {index:50;}">
                <Coords points="490,3475 961,3496 1069,3455 1301,3488 1368,3482 1368,3433 490,3441"/>
                <Baseline points="496,3476 539,3476 582,3475 626,3475 669,3474 712,3474 756,3473 799,3473 842,3472 886,3471 929,3471 972,3470 1016,3469 1059,3469 1102,3468 1146,3468 1189,3468 1232,3467 1276,3467 1319,3467 1363,3467"/>
                <TextEquiv>
                    <Unicode>allerdings geringfügige Verirrungen</Unicode>
                </TextEquiv>
            </TextLine>
            <TextLine id="r2l52" custom="readingOrder {index:51;}">
                <Coords points="485,3547 1222,3536 1179,3497 1076,3487 485,3499"/>
                <Baseline points="491,3533 527,3533 563,3533 599,3533 636,3533 672,3533 708,3532 745,3532 781,3531 817,3531 854,3530 890,3530 926,3530 962,3529 999,3529 1035,3529 1071,3529 1108,3529 1144,3529 1180,3530 1217,3531"/>
                <TextEquiv>
                    <Unicode>da, die uns doch interessieren.</Unicode>
                </TextEquiv>
            </TextLine>
            <TextLine id="r2l53" custom="readingOrder {index:52;}">
                <Coords points="553,3576 725,3612 1020,3584 1352,3598 1352,3547 1272,3532 1190,3558 963,3541 669,3563 618,3542 553,3563"/>
                <Baseline points="559,3589 598,3588 637,3588 677,3587 716,3587 755,3587 795,3586 834,3586 873,3586 913,3586 952,3586 991,3586 1031,3586 1070,3586 1109,3585 1149,3585 1188,3585 1227,3585 1267,3585 1306,3584 1346,3584"/>
                <TextEquiv>
                    <Unicode>Herr Engel schreibt von dem Kino:</Unicode>
                </TextEquiv>
            </TextLine>
            <TextLine id="r2l54" custom="readingOrder {index:53;}">
                <Coords points="602,3653 1001,3648 1050,3668 1363,3639 1362,3605 1294,3599 1271,3618 1028,3598 919,3618 688,3595 638,3641 602,3624"/>
                <Baseline points="607,3649 644,3648 682,3647 719,3647 757,3646 794,3646 832,3645 869,3645 907,3645 944,3645 982,3645 1019,3645 1057,3645 1094,3645 1132,3645 1169,3645 1207,3645 1244,3644 1282,3644 1319,3643 1357,3643"/>
                <TextEquiv>
                    <Unicode>.Notbehelfe für Farmer an der</Unicode>
                </TextEquiv>
            </TextLine>
            <TextLine id="r2l55" custom="readingOrder {index:54;}">
                <Coords points="488,3706 817,3731 1351,3704 1351,3670 1304,3648 1200,3677 1090,3656 1019,3677 488,3670"/>
                <Baseline points="493,3705 535,3705 578,3705 620,3705 663,3705 706,3705 748,3705 791,3705 834,3705 876,3705 919,3704 962,3704 1004,3704 1047,3704 1090,3704 1132,3704 1175,3703 1218,3703 1260,3703 1303,3703 1346,3703"/>
                <TextEquiv>
                    <Unicode>Grenze des Urwaldes, die den Kul¬</Unicode>
                </TextEquiv>
            </TextLine>
            <TextLine id="r2l56" custom="readingOrder {index:55;}">
                <Coords points="487,3780 1371,3774 1370,3740 1291,3709 1150,3736 1067,3713 971,3738 738,3716 487,3740"/>
                <Baseline points="493,3769 536,3768 580,3768 623,3767 667,3767 711,3767 754,3766 798,3765 841,3765 885,3764 929,3764 972,3763 1016,3763 1059,3762 1103,3762 1147,3762 1190,3762 1234,3762 1277,3762 1321,3762 1365,3763"/>
                <TextEquiv>
                    <Unicode>tur- und Kunstzentren fern bleiben</Unicode>
                </TextEquiv>
            </TextLine>
            <TextLine id="r2l57" custom="readingOrder {index:56;}">
                <Coords points="499,3836 1312,3834 1360,3794 1098,3769 808,3803 743,3777 498,3799"/>
                <Baseline points="504,3829 546,3828 589,3828 631,3828 674,3827 716,3827 759,3826 801,3825 844,3824 886,3823 929,3822 972,3822 1014,3821 1057,3820 1099,3819 1142,3819 1184,3818 1227,3818 1269,3818 1312,3818 1355,3819"/>
                <TextEquiv>
                    <Unicode>müssen; daß sie schließlich die Sehn¬</Unicode>
                </TextEquiv>
            </TextLine>
            <TextLine id="r2l58" custom="readingOrder {index:57;}">
                <Coords points="503,3894 1354,3883 1353,3831 871,3862 579,3840 503,3868"/>
                <Baseline points="508,3890 550,3888 592,3887 634,3886 676,3884 718,3883 760,3883 802,3882 844,3882 886,3881 928,3881 970,3881 1012,3880 1054,3880 1096,3880 1138,3880 1180,3880 1222,3879 1264,3879 1306,3879 1348,3878"/>
                <TextEquiv>
                    <Unicode>sucht erwecken, sie äber nie befriedi¬</Unicode>
                </TextEquiv>
            </TextLine>
            <TextLine id="r2l59" custom="readingOrder {index:58;}">
                <Coords points="498,3965 1377,3945 1376,3903 1327,3889 498,3917"/>
                <Baseline points="504,3949 547,3948 590,3946 634,3945 677,3944 720,3943 764,3942 807,3941 850,3940 894,3940 937,3939 980,3939 1024,3938 1067,3938 1110,3938 1154,3937 1197,3937 1240,3936 1284,3936 1327,3936 1371,3935"/>
                <TextEquiv>
                    <Unicode>gen werden nach dem Original: nach</Unicode>
                </TextEquiv>
            </TextLine>
            <TextLine id="r2l60" custom="readingOrder {index:59;}">
                <Coords points="494,4008 1164,4019 1376,4000 1376,3963 1298,3953 1233,3985 995,3944 945,3973 792,3954 494,3977"/>
                <Baseline points="500,4006 543,4005 587,4004 630,4003 674,4002 717,4001 761,4001 804,4000 848,3999 891,3998 935,3998 979,3997 1022,3996 1066,3996 1109,3995 1153,3995 1196,3994 1240,3994 1283,3993 1327,3993 1371,3993"/>
                <TextEquiv>
                    <Unicode>der menschlichen Stimme ... die</Unicode>
                </TextEquiv>
            </TextLine>
            <TextLine id="r2l61" custom="readingOrder {index:60;}">
                <Coords points="504,4063 1177,4078 1300,4071 1376,4030 1061,4003 907,4032 504,4036"/>
                <Baseline points="510,4064 553,4063 596,4062 639,4061 682,4060 725,4060 768,4059 811,4059 854,4058 897,4058 940,4057 983,4057 1026,4056 1069,4055 1112,4055 1155,4054 1198,4053 1241,4051 1284,4050 1327,4049 1371,4047"/>
                <TextEquiv>
                    <Unicode>ewig das zarteste und stärkste Instru¬</Unicode>
                </TextEquiv>
            </TextLine>
            <TextLine id="r2l62" custom="readingOrder {index:61;}">
                <Coords points="500,4121 853,4140 955,4111 1060,4144 1169,4117 1351,4125 1380,4119 1380,4080 500,4090"/>
                <Baseline points="506,4123 549,4121 592,4119 636,4118 679,4117 723,4117 766,4117 810,4117 853,4117 897,4117 940,4117 983,4117 1027,4117 1070,4117 1114,4117 1157,4117 1201,4116 1244,4115 1288,4114 1331,4112 1375,4110"/>
                <TextEquiv>
                    <Unicode>ment seelischer Wirkung bleiben</Unicode>
                </TextEquiv>
            </TextLine>
            <TextLine id="r2l63" custom="readingOrder {index:62;}">
                <Coords points="506,4191 530,4202 543,4192 562,4195 569,4202 586,4191 608,4200 632,4184 665,4188 665,4135 626,4134 599,4148 575,4131 553,4143 507,4136"/>
                <Baseline points="512,4179 541,4180 570,4181 600,4181 629,4181 659,4180"/>
                <TextEquiv>
                    <Unicode>wird.</Unicode>
                </TextEquiv>
            </TextLine>
            <TextEquiv>
                <Unicode>handelnden Personen, die Färbung
des Tones so intensiv wahrnehmen,
als beim Vertiefen in eine literarisch¬
künstlerische Schöpfung, bei einem
stummen Roman? Sind Sie nicht da¬
zu fähig, sehr geehrter Herr Engel, ist
hier nicht jeder und noch so vollkom¬
mener Synchronismus zwischen
Grammophon und Film überflüssig,
hochgeschätzter Herr Moszkowski?
Wir glauben auch ferner, daß eine
den Sujets streng angepaßte künst¬
lerisch-musikalische Begleitung viel,
viel stilgemäßer ist, viel illustrieren¬
der als ein Grammophon.
Und jetzt zu dem zweiten, nicht
weniger interessanten Artikel des
Herrn Engel zurück: Der Artikel
spricht gegen das Kino. Die Intonation
ist richtig und kompromiert sich zu
der auch von uns festgestellten Tat¬
sache, daß der Film nur zur Belusti¬
gung geeignet, von den künstlerischen
Ambitionen fern zu halten ist. Aber
nur in gegenwärtiger Form!
In dem Artikel heißt es: „Ich muß
widersprechen, wenn Sie (Mosz¬
kowski) mit möglichen technischen
Vollendungen den Ruf aller derjeni¬
gen ersticken wollen, welche in der
Institution des Kino, des gegenwärti¬
gen und des zukünftigen, eine Be¬
reicherung der „Kunstsphäre“, er¬
blicken können.
Wir haben weiter oben darauf hin¬
gewiesen, daß die technische Ent¬
wicklung des Kinos mit konkreten
Faktoren arbeitet, also auf dem posi¬
tiven Restglied logisch nachzuprüfen
ist. Dieses Restglied ist eben das
plastische Bild, das die Möglichkeit
liefert, künstlerische Stimmung her¬
vorzurufen, und daher die Impression
der Gefühlsaffekte zu erwecken.
Das ist die Kunst! — Bereits bei dem
zweiten Absatz halten wir die Deduk¬
tionen Herrn Engels als widerlegt,
und so wäre eigentlich im allgemeinen
über den Artikel nichts weiteres zu
sagen. Es sind aber noch weitere,
allerdings geringfügige Verirrungen
da, die uns doch interessieren.
Herr Engel schreibt von dem Kino:
.Notbehelfe für Farmer an der
Grenze des Urwaldes, die den Kul¬
tur- und Kunstzentren fern bleiben
müssen; daß sie schließlich die Sehn¬
sucht erwecken, sie äber nie befriedi¬
gen werden nach dem Original: nach
der menschlichen Stimme ... die
ewig das zarteste und stärkste Instru¬
ment seelischer Wirkung bleiben
wird.</Unicode>
            </TextEquiv>
        </TextRegion>
        <TextRegion orientation="0.0" id="r3" custom="readingOrder {index:2;}">
            <Coords points="1609,448 1609,4138 2556,4138 2556,448"/>
            <TextLine id="r3l1" custom="readingOrder {index:0;}">
                <Coords points="1670,481 2080,508 2122,485 2488,473 2488,445 2380,424 2060,452 1670,434"/>
                <Baseline points="1675,476 1715,477 1755,478 1796,479 1836,479 1876,480 1917,481 1957,481 1997,481 2038,481 2078,481 2118,481 2159,481 2199,481 2239,481 2280,481 2320,480 2360,480 2401,479 2441,479 2482,478"/>
                <TextEquiv>
                    <Unicode>Daß diese Behauptung übertrieben</Unicode>
                </TextEquiv>
            </TextLine>
            <TextLine id="r3l2" custom="readingOrder {index:1;}">
                <Coords points="1604,548 2471,547 2470,496 2344,488 2235,513 1604,510"/>
                <Baseline points="1609,539 1651,540 1694,540 1737,541 1780,541 1823,541 1865,541 1908,541 1951,541 1994,541 2037,540 2079,540 2122,539 2165,539 2208,538 2251,538 2293,537 2336,536 2379,536 2422,535 2465,534"/>
                <TextEquiv>
                    <Unicode>ist, will ich nur an einem Beispiel</Unicode>
                </TextEquiv>
            </TextLine>
            <TextLine id="r3l3" custom="readingOrder {index:2;}">
                <Coords points="1609,602 2095,618 2419,611 2473,586 2463,557 2170,571 2082,548 1981,575 1925,549 1782,576 1650,557 1609,585"/>
                <Baseline points="1615,599 1657,599 1700,599 1742,598 1785,598 1828,598 1870,597 1913,597 1955,597 1998,596 2041,596 2083,595 2126,595 2168,595 2211,594 2254,594 2296,594 2339,594 2381,593 2424,593 2467,593"/>
                <TextEquiv>
                    <Unicode>zeigen. In diesem Tagen ist Schnitz¬</Unicode>
                </TextEquiv>
            </TextLine>
            <TextLine id="r3l4" custom="readingOrder {index:3;}">
                <Coords points="1620,669 2469,658 2468,625 2429,618 2194,607 1999,634 1912,606 1742,633 1619,612"/>
                <Baseline points="1625,661 1666,660 1708,659 1750,658 1792,657 1834,656 1876,656 1918,655 1960,655 2002,654 2044,654 2085,654 2127,654 2169,654 2211,654 2253,654 2295,654 2337,655 2379,655 2421,655 2463,655"/>
                <TextEquiv>
                    <Unicode>lers „Liebelei“ zur Aufführung ge¬</Unicode>
                </TextEquiv>
            </TextLine>
            <TextLine id="r3l5" custom="readingOrder {index:4;}">
                <Coords points="1609,735 2475,710 2474,675 2431,661 2368,687 2270,660 2090,687 2036,661 1966,689 1609,676"/>
                <Baseline points="1615,718 1657,718 1700,717 1743,717 1785,716 1828,716 1871,715 1913,715 1956,714 1999,714 2042,713 2084,713 2127,712 2170,712 2212,711 2255,711 2298,710 2340,709 2383,709 2426,708 2469,707"/>
                <TextEquiv>
                    <Unicode>kommen; dieser Film ist deshalb sehr</Unicode>
                </TextEquiv>
            </TextLine>
            <TextLine id="r3l6" custom="readingOrder {index:5;}">
                <Coords points="1620,788 2224,770 2307,798 2372,762 2466,776 2466,743 2400,722 2271,726 2222,755 2119,725 1976,748 1871,728 1840,754 1815,733 1620,742"/>
                <Baseline points="1626,778 1667,778 1709,778 1751,777 1793,777 1834,777 1876,776 1918,776 1960,775 2001,774 2043,774 2085,773 2127,773 2168,772 2210,772 2252,771 2294,771 2335,770 2377,770 2419,770 2461,770"/>
                <TextEquiv>
                    <Unicode>geeignet (ganz zufällig), obige Be¬</Unicode>
                </TextEquiv>
            </TextLine>
            <TextLine id="r3l7" custom="readingOrder {index:6;}">
                <Coords points="1641,853 2101,831 2155,852 2271,825 2412,852 2464,835 2464,800 2067,785 1917,816 1640,794"/>
                <Baseline points="1646,836 1686,835 1727,833 1767,833 1808,832 1849,832 1889,831 1930,831 1971,831 2011,831 2052,831 2093,831 2133,831 2174,831 2215,831 2255,831 2296,831 2337,831 2377,830 2418,830 2459,829"/>
                <TextEquiv>
                    <Unicode>hauptungen zu widerlegen, weil ge¬</Unicode>
                </TextEquiv>
            </TextLine>
            <TextLine id="r3l8" custom="readingOrder {index:7;}">
                <Coords points="1617,896 2453,903 2488,849 1617,860"/>
                <Baseline points="1623,893 1666,892 1709,891 1752,890 1795,890 1838,889 1881,889 1924,889 1967,889 2010,889 2053,889 2096,889 2139,888 2182,888 2225,888 2268,887 2311,886 2354,885 2397,883 2440,882 2483,880"/>
                <TextEquiv>
                    <Unicode>rade „Liebelei“ ein Drama ist, wo auf</Unicode>
                </TextEquiv>
            </TextLine>
            <TextLine id="r3l9" custom="readingOrder {index:8;}">
                <Coords points="1617,967 2492,947 2416,900 1914,929 1667,899 1617,921"/>
                <Baseline points="1622,954 1665,953 1708,951 1751,950 1795,949 1838,948 1881,948 1924,947 1968,947 2011,947 2054,947 2097,947 2141,947 2184,947 2227,947 2270,947 2314,947 2357,947 2400,947 2443,946 2487,946"/>
                <TextEquiv>
                    <Unicode>der Bühne nur die Schnitzlersche</Unicode>
                </TextEquiv>
            </TextLine>
            <TextLine id="r3l10" custom="readingOrder {index:9;}">
                <Coords points="1614,1009 1949,1034 2005,1008 2486,1012 2486,964 2458,961 2196,978 2167,957 2107,982 2049,962 2010,990 1614,964"/>
                <Baseline points="1619,1011 1662,1010 1705,1009 1748,1008 1791,1008 1834,1008 1877,1007 1920,1007 1963,1007 2006,1007 2050,1007 2093,1007 2136,1007 2179,1007 2222,1007 2265,1007 2308,1006 2351,1006 2394,1005 2437,1003 2481,1002"/>
                <TextEquiv>
                    <Unicode>Dramatisierung das Kunstinteresse</Unicode>
                </TextEquiv>
            </TextLine>
            <TextLine id="r3l11" custom="readingOrder {index:10;}">
                <Coords points="1622,1071 2411,1085 2492,1074 2492,1033 1958,1037 1910,1012 1839,1047 1774,1023 1622,1041"/>
                <Baseline points="1628,1070 1670,1069 1713,1068 1756,1067 1799,1067 1842,1066 1885,1066 1928,1066 1971,1065 2014,1065 2057,1065 2099,1065 2142,1065 2185,1065 2228,1065 2271,1065 2314,1065 2357,1065 2400,1064 2443,1064 2486,1064"/>
                <TextEquiv>
                    <Unicode>erweckt. Handlung ist eigentlich gar</Unicode>
                </TextEquiv>
            </TextLine>
            <TextLine id="r3l12" custom="readingOrder {index:11;}">
                <Coords points="1620,1130 2484,1132 2484,1093 2389,1077 2053,1100 1842,1067 1780,1099 1620,1092"/>
                <Baseline points="1626,1128 1668,1128 1711,1127 1753,1127 1796,1127 1839,1126 1881,1126 1924,1126 1966,1125 2009,1125 2052,1125 2094,1124 2137,1124 2179,1124 2222,1123 2265,1123 2307,1123 2350,1122 2392,1122 2435,1121 2478,1121"/>
                <TextEquiv>
                    <Unicode>wenig. Und siehe da! Der verpönte</Unicode>
                </TextEquiv>
            </TextLine>
            <TextLine id="r3l13" custom="readingOrder {index:12;}">
                <Coords points="1626,1186 2478,1179 2421,1144 1626,1150"/>
                <Baseline points="1632,1184 1674,1185 1716,1186 1758,1186 1800,1186 1842,1186 1884,1186 1926,1186 1968,1186 2010,1185 2052,1185 2094,1184 2136,1183 2178,1183 2220,1182 2262,1181 2304,1180 2346,1180 2388,1179 2430,1178 2472,1178"/>
                <TextEquiv>
                    <Unicode>Film bringt uns einen subtil spannen¬</Unicode>
                </TextEquiv>
            </TextLine>
            <TextLine id="r3l14" custom="readingOrder {index:13;}">
                <Coords points="1620,1246 1898,1266 2118,1237 2477,1245 2452,1187 2235,1216 2154,1191 1943,1217 1659,1194 1620,1217"/>
                <Baseline points="1626,1245 1668,1245 1710,1245 1752,1245 1795,1245 1837,1244 1879,1244 1921,1244 1964,1243 2006,1243 2048,1242 2090,1242 2133,1241 2175,1241 2217,1240 2259,1240 2302,1239 2344,1239 2386,1239 2428,1238 2471,1238"/>
                <TextEquiv>
                    <Unicode>den Stoff; gerade der Film „Liebelei“</Unicode>
                </TextEquiv>
            </TextLine>
            <TextLine id="r3l15" custom="readingOrder {index:14;}">
                <Coords points="1629,1303 1864,1306 1890,1328 1932,1304 1992,1325 2492,1295 2437,1259 2300,1246 1935,1286 1896,1264 1629,1273"/>
                <Baseline points="1635,1301 1677,1302 1720,1302 1762,1302 1805,1302 1847,1302 1890,1302 1932,1301 1975,1300 2017,1300 2060,1299 2103,1298 2145,1298 2188,1297 2230,1296 2273,1296 2315,1296 2358,1296 2400,1297 2443,1298 2486,1300"/>
                <TextEquiv>
                    <Unicode>steigert uns gegen den Schluß der¬</Unicode>
                </TextEquiv>
            </TextLine>
            <TextLine id="r3l16" custom="readingOrder {index:15;}">
                <Coords points="1629,1367 2486,1353 2485,1318 2376,1306 2327,1329 1629,1329"/>
                <Baseline points="1634,1362 1676,1362 1718,1362 1760,1362 1803,1362 1845,1362 1887,1361 1930,1361 1972,1360 2014,1359 2057,1359 2099,1358 2141,1358 2183,1357 2226,1356 2268,1356 2310,1356 2353,1356 2395,1356 2437,1356 2480,1356"/>
                <TextEquiv>
                    <Unicode>maßen zu einer dramatischen Stim¬</Unicode>
                </TextEquiv>
            </TextLine>
            <TextLine id="r3l17" custom="readingOrder {index:16;}">
                <Coords points="1619,1420 1728,1440 2494,1420 2493,1386 2364,1363 1619,1400"/>
                <Baseline points="1625,1422 1668,1421 1711,1421 1754,1420 1797,1420 1840,1419 1883,1419 1927,1418 1970,1418 2013,1417 2056,1417 2099,1416 2142,1416 2185,1416 2229,1416 2272,1416 2315,1416 2358,1416 2401,1416 2444,1417 2488,1418"/>
                <TextEquiv>
                    <Unicode>mung, welche wir in der Sprechbühne</Unicode>
                </TextEquiv>
            </TextLine>
            <TextLine id="r3l18" custom="readingOrder {index:17;}">
                <Coords points="1632,1484 2295,1471 2397,1493 2493,1480 2492,1430 2369,1420 2284,1452 2082,1427 1968,1455 1788,1426 1631,1451"/>
                <Baseline points="1637,1478 1679,1478 1722,1478 1764,1478 1807,1478 1849,1478 1892,1478 1934,1478 1977,1477 2019,1477 2062,1477 2104,1477 2147,1476 2189,1476 2232,1475 2274,1475 2317,1474 2359,1473 2402,1472 2444,1471 2487,1470"/>
                <TextEquiv>
                    <Unicode>nur sehr selten erlebt haben. Soll ich</Unicode>
                </TextEquiv>
            </TextLine>
            <TextLine id="r3l19" custom="readingOrder {index:18;}">
                <Coords points="1623,1536 2458,1547 2497,1534 2497,1495 1623,1507"/>
                <Baseline points="1629,1539 1672,1538 1715,1537 1758,1537 1801,1536 1844,1536 1887,1535 1930,1535 1973,1534 2016,1534 2060,1534 2103,1534 2146,1534 2189,1534 2232,1534 2275,1534 2318,1534 2361,1534 2404,1534 2447,1533 2491,1533"/>
                <TextEquiv>
                    <Unicode>noch weiter gehen? — Welche wir</Unicode>
                </TextEquiv>
            </TextLine>
            <TextLine id="r3l20" custom="readingOrder {index:19;}">
                <Coords points="1635,1593 1955,1614 2290,1582 2468,1606 2507,1560 1634,1559"/>
                <Baseline points="1640,1598 1683,1597 1726,1596 1769,1595 1812,1595 1855,1594 1898,1594 1941,1594 1984,1594 2027,1593 2070,1593 2113,1593 2156,1593 2199,1593 2242,1593 2285,1593 2328,1593 2371,1593 2414,1593 2457,1593 2501,1593"/>
                <TextEquiv>
                    <Unicode>bei dem Original Schnitzler nie und</Unicode>
                </TextEquiv>
            </TextLine>
            <TextLine id="r3l21" custom="readingOrder {index:20;}">
                <Coords points="1626,1654 1735,1674 1844,1651 1894,1680 2223,1649 2465,1663 2508,1651 2508,1602 2383,1624 2274,1600 2205,1639 2084,1603 1869,1634 1808,1609 1626,1624"/>
                <Baseline points="1631,1656 1674,1656 1718,1655 1761,1655 1805,1655 1848,1655 1892,1655 1935,1655 1979,1655 2022,1654 2066,1654 2110,1654 2153,1654 2197,1653 2240,1653 2284,1653 2327,1652 2371,1652 2414,1651 2458,1650 2502,1650"/>
                <TextEquiv>
                    <Unicode>nirgends gefühlt haben. Und nich!</Unicode>
                </TextEquiv>
            </TextLine>
            <TextLine id="r3l22" custom="readingOrder {index:21;}">
                <Coords points="1635,1723 2500,1718 2499,1684 2210,1663 1635,1697"/>
                <Baseline points="1640,1716 1682,1715 1725,1715 1768,1714 1810,1713 1853,1713 1896,1712 1938,1711 1981,1711 2024,1710 2067,1709 2109,1709 2152,1709 2195,1708 2237,1708 2280,1708 2323,1708 2365,1708 2408,1708 2451,1708 2494,1708"/>
                <TextEquiv>
                    <Unicode>etwa bombastische Mittel, Sensations¬</Unicode>
                </TextEquiv>
            </TextLine>
            <TextLine id="r3l23" custom="readingOrder {index:22;}">
                <Coords points="1634,1785 2457,1785 2497,1753 2393,1715 2120,1746 1633,1733"/>
                <Baseline points="1639,1772 1681,1773 1724,1774 1766,1774 1809,1774 1852,1774 1894,1774 1937,1773 1979,1773 2022,1772 2065,1771 2107,1770 2150,1770 2192,1769 2235,1769 2278,1768 2320,1768 2363,1768 2405,1769 2448,1769 2491,1770"/>
                <TextEquiv>
                    <Unicode>sang und Klang, eine einfache Staf¬</Unicode>
                </TextEquiv>
            </TextLine>
            <TextLine id="r3l24" custom="readingOrder {index:23;}">
                <Coords points="1637,1840 2493,1834 2480,1800 2381,1775 2326,1812 2177,1781 2106,1803 2015,1786 1965,1817 1857,1780 1637,1801"/>
                <Baseline points="1643,1830 1685,1832 1727,1834 1769,1835 1811,1835 1854,1835 1896,1835 1938,1834 1980,1833 2022,1832 2065,1830 2107,1829 2149,1828 2191,1826 2233,1825 2276,1825 2318,1824 2360,1824 2402,1824 2444,1825 2487,1826"/>
                <TextEquiv>
                    <Unicode>fage-Parade, ein einfaches Stim¬</Unicode>
                </TextEquiv>
            </TextLine>
            <TextLine id="r3l25" custom="readingOrder {index:24;}">
                <Coords points="1634,1912 2517,1911 2517,1863 2444,1835 2268,1867 2049,1863 2012,1837 1634,1862"/>
                <Baseline points="1639,1895 1682,1894 1726,1893 1769,1892 1813,1892 1857,1891 1900,1891 1944,1890 1988,1889 2031,1889 2075,1888 2119,1888 2162,1888 2206,1888 2250,1888 2293,1888 2337,1888 2381,1888 2424,1888 2468,1889 2512,1890"/>
                <TextEquiv>
                    <Unicode>mungsbild der Trauerszene, ohne die</Unicode>
                </TextEquiv>
            </TextLine>
            <TextLine id="r3l26" custom="readingOrder {index:25;}">
                <Coords points="1641,1963 2506,1941 2440,1905 1641,1907"/>
                <Baseline points="1646,1943 1688,1944 1731,1944 1774,1945 1816,1945 1859,1945 1902,1945 1944,1944 1987,1944 2030,1943 2073,1942 2115,1942 2158,1941 2201,1940 2243,1940 2286,1939 2329,1939 2371,1939 2414,1938 2457,1939 2500,1939"/>
                <TextEquiv>
                    <Unicode>mystische Draperie,ohne die in ge¬</Unicode>
                </TextEquiv>
            </TextLine>
            <TextLine id="r3l27" custom="readingOrder {index:26;}">
                <Coords points="1646,2014 2307,1996 2426,2021 2507,2009 2507,1970 2375,1946 2298,1976 1645,1962"/>
                <Baseline points="1652,2004 1694,2004 1737,2003 1779,2003 1822,2003 1864,2003 1907,2002 1949,2001 1992,2001 2034,2000 2077,1999 2119,1999 2162,1998 2204,1997 2247,1996 2289,1995 2332,1994 2374,1993 2417,1992 2459,1991 2502,1991"/>
                <TextEquiv>
                    <Unicode>heimnisvollem Schattentanz schwel¬</Unicode>
                </TextEquiv>
            </TextLine>
            <TextLine id="r3l28" custom="readingOrder {index:27;}">
                <Coords points="1638,2077 2516,2063 2515,2027 2467,2012 1894,2016 1852,2052 1760,2018 1638,2038"/>
                <Baseline points="1644,2066 1687,2065 1730,2064 1773,2064 1817,2063 1860,2062 1903,2061 1947,2060 1990,2059 2033,2058 2077,2057 2120,2056 2163,2055 2206,2055 2250,2054 2293,2053 2336,2052 2380,2052 2423,2052 2466,2052 2510,2052"/>
                <TextEquiv>
                    <Unicode>genden, flackernden Fackel-Requi¬</Unicode>
                </TextEquiv>
            </TextLine>
            <TextLine id="r3l29" custom="readingOrder {index:28;}">
                <Coords points="1640,2127 2452,2126 2512,2119 2512,2086 1639,2084"/>
                <Baseline points="1646,2124 1689,2124 1732,2123 1775,2122 1818,2122 1861,2121 1904,2120 1947,2119 1990,2119 2033,2118 2076,2117 2119,2116 2162,2116 2205,2115 2248,2114 2291,2114 2334,2113 2377,2112 2420,2112 2463,2112 2507,2111"/>
                <TextEquiv>
                    <Unicode>siten, Tränen-Pumpen und vibrie¬</Unicode>
                </TextEquiv>
            </TextLine>
            <TextLine id="r3l30" custom="readingOrder {index:29;}">
                <Coords points="1643,2181 2513,2189 2513,2147 2476,2130 1643,2150"/>
                <Baseline points="1649,2180 1694,2180 1739,2181 1784,2181 1829,2181 1875,2181 1920,2181 1965,2180 2010,2180 2055,2179 2101,2179 2146,2178 2191,2177 2236,2176 2281,2176 2327,2175 2372,2174 2417,2173 2462,2173 2508,2172"/>
                <TextEquiv>
                    <Unicode>rende Bariton frisch „aufgewärmt“.</Unicode>
                </TextEquiv>
            </TextLine>
            <TextLine id="r3l31" custom="readingOrder {index:30;}">
                <Coords points="1761,2240 2491,2247 2508,2192 1760,2208"/>
                <Baseline points="1766,2244 1802,2243 1839,2241 1876,2240 1913,2239 1950,2239 1987,2238 2023,2238 2060,2237 2097,2237 2134,2237 2171,2237 2208,2237 2245,2237 2281,2236 2318,2236 2355,2236 2392,2235 2429,2235 2466,2234 2503,2233"/>
                <TextEquiv>
                    <Unicode>wurde ad oculos demonstriert,</Unicode>
                </TextEquiv>
            </TextLine>
            <TextLine id="r3l32" custom="readingOrder {index:31;}">
                <Coords points="1765,2309 2517,2306 2516,2250 1764,2258"/>
                <Baseline points="1770,2304 1807,2303 1844,2301 1881,2300 1918,2299 1955,2298 1992,2297 2029,2296 2066,2296 2103,2295 2140,2294 2177,2294 2214,2293 2251,2293 2288,2292 2325,2292 2362,2291 2399,2291 2436,2290 2473,2290 2511,2290"/>
                <TextEquiv>
                    <Unicode>doch nicht, wenigstens nicht das</Unicode>
                </TextEquiv>
            </TextLine>
            <TextLine id="r3l33" custom="readingOrder {index:32;}">
                <Coords points="1757,2379 2508,2356 2507,2319 2457,2298 2373,2326 1902,2306 1830,2344 1756,2309"/>
                <Baseline points="1762,2363 1799,2362 1836,2360 1873,2359 1910,2357 1947,2357 1984,2356 2021,2354 2058,2353 2095,2353 2132,2352 2169,2351 2206,2350 2243,2350 2280,2350 2317,2349 2354,2349 2391,2348 2428,2348 2465,2348 2502,2348"/>
                <TextEquiv>
                    <Unicode>ige „stärkste Instrument der seeli¬</Unicode>
                </TextEquiv>
            </TextLine>
            <TextLine id="r3l34" custom="readingOrder {index:33;}">
                <Coords points="1662,2422 1999,2434 2088,2403 2517,2432 2516,2381 2385,2358 2195,2396 2133,2362 1791,2393 1661,2370"/>
                <Baseline points="1668,2418 1710,2418 1752,2417 1794,2417 1836,2416 1878,2416 1920,2415 1963,2415 2005,2414 2047,2414 2089,2413 2131,2413 2173,2412 2215,2412 2258,2411 2300,2411 2342,2410 2384,2410 2426,2409 2468,2409 2511,2408"/>
                <TextEquiv>
                    <Unicode>schen Wirkung die menschliche</Unicode>
                </TextEquiv>
            </TextLine>
            <TextLine id="r3l35" custom="readingOrder {index:34;}">
                <Coords points="1655,2484 2301,2473 2459,2502 2506,2487 2506,2449 2207,2445 2164,2422 2115,2448 1973,2423 1806,2454 1734,2423 1654,2441"/>
                <Baseline points="1660,2473 1702,2475 1744,2476 1786,2477 1828,2477 1870,2477 1912,2476 1954,2476 1996,2475 2038,2474 2080,2473 2122,2473 2164,2471 2206,2470 2248,2469 2290,2468 2332,2468 2374,2467 2416,2467 2458,2467 2500,2468"/>
                <TextEquiv>
                    <Unicode>S’imme ist. Gerade die zarteste see¬</Unicode>
                </TextEquiv>
            </TextLine>
            <TextLine id="r3l36" custom="readingOrder {index:35;}">
                <Coords points="1656,2534 2422,2554 2516,2537 2516,2486 2283,2479 2109,2512 2055,2488 1656,2497"/>
                <Baseline points="1662,2532 1704,2533 1746,2534 1789,2535 1831,2535 1874,2536 1916,2536 1959,2535 2001,2535 2044,2534 2086,2534 2128,2533 2171,2532 2213,2531 2256,2530 2298,2529 2341,2528 2383,2527 2426,2527 2468,2526 2511,2525"/>
                <TextEquiv>
                    <Unicode>lische Wirkung hat ein noch zärteres</Unicode>
                </TextEquiv>
            </TextLine>
            <TextLine id="r3l37" custom="readingOrder {index:36;}">
                <Coords points="1647,2595 2504,2601 2493,2550 1647,2559"/>
                <Baseline points="1653,2591 1695,2593 1737,2593 1779,2594 1822,2594 1864,2594 1906,2594 1948,2593 1991,2592 2033,2592 2075,2591 2117,2590 2160,2589 2202,2589 2244,2588 2286,2587 2329,2587 2371,2586 2413,2586 2455,2586 2498,2586"/>
                <TextEquiv>
                    <Unicode>Instrument zur Verkündigung, zur</Unicode>
                </TextEquiv>
            </TextLine>
            <TextLine id="r3l38" custom="readingOrder {index:37;}">
                <Coords points="1652,2650 1919,2671 1980,2644 2208,2671 2355,2650 2422,2675 2520,2655 2520,2617 2435,2590 2140,2623 1652,2613"/>
                <Baseline points="1658,2650 1700,2650 1743,2650 1786,2650 1829,2650 1872,2649 1914,2649 1957,2649 2000,2649 2043,2648 2086,2648 2128,2648 2171,2648 2214,2647 2257,2647 2300,2646 2342,2646 2385,2645 2428,2645 2471,2645 2514,2644"/>
                <TextEquiv>
                    <Unicode>Mitresonnanz — die Musik! Einige</Unicode>
                </TextEquiv>
            </TextLine>
            <TextLine id="r3l39" custom="readingOrder {index:38;}">
                <Coords points="1658,2731 1841,2707 2222,2734 2314,2709 2485,2719 2527,2705 2527,2673 1658,2675"/>
                <Baseline points="1664,2708 1706,2709 1749,2709 1792,2709 1835,2709 1878,2709 1921,2709 1963,2709 2006,2708 2049,2708 2092,2707 2135,2707 2178,2706 2221,2705 2263,2705 2306,2704 2349,2704 2392,2704 2435,2703 2478,2703 2521,2703"/>
                <TextEquiv>
                    <Unicode>ebenso zarte (vielleicht auch noch</Unicode>
                </TextEquiv>
            </TextLine>
            <TextLine id="r3l40" custom="readingOrder {index:39;}">
                <Coords points="1647,2770 1722,2792 2459,2779 2516,2776 2516,2729 1973,2741 1842,2708 1799,2743 1647,2739"/>
                <Baseline points="1653,2766 1695,2768 1738,2769 1781,2770 1824,2771 1867,2771 1910,2771 1953,2771 1996,2770 2039,2769 2082,2769 2124,2768 2167,2766 2210,2766 2253,2765 2296,2764 2339,2763 2382,2763 2425,2762 2468,2762 2511,2763"/>
                <TextEquiv>
                    <Unicode>zartere Harmoniumakkorde haben</Unicode>
                </TextEquiv>
            </TextLine>
            <TextLine id="r3l41" custom="readingOrder {index:40;}">
                <Coords points="1657,2831 2022,2850 2409,2818 2460,2840 2515,2832 2515,2792 2368,2776 2263,2806 2099,2775 2060,2800 1946,2780 1903,2812 1842,2785 1657,2799"/>
                <Baseline points="1663,2827 1705,2828 1747,2829 1789,2829 1832,2829 1874,2829 1916,2829 1959,2829 2001,2828 2043,2828 2086,2827 2128,2827 2170,2826 2212,2826 2255,2825 2297,2825 2339,2824 2382,2824 2424,2824 2466,2824 2509,2824"/>
                <TextEquiv>
                    <Unicode>uns nahe dazu gebracht, daß wir,</Unicode>
                </TextEquiv>
            </TextLine>
            <TextLine id="r3l42" custom="readingOrder {index:41;}">
                <Coords points="1648,2887 1757,2909 2429,2894 2522,2884 2522,2844 1648,2861"/>
                <Baseline points="1653,2887 1696,2887 1739,2888 1782,2888 1825,2887 1869,2887 1912,2887 1955,2886 1998,2886 2041,2885 2085,2885 2128,2884 2171,2883 2214,2883 2257,2882 2301,2881 2344,2881 2387,2880 2430,2880 2473,2879 2517,2879"/>
                <TextEquiv>
                    <Unicode>nicht etwa wegen eines überstarken</Unicode>
                </TextEquiv>
            </TextLine>
            <TextLine id="r3l43" custom="readingOrder {index:42;}">
                <Coords points="1659,2965 2071,2943 2337,2972 2510,2942 2510,2907 1659,2915"/>
                <Baseline points="1665,2949 1707,2948 1749,2947 1791,2946 1833,2946 1875,2945 1917,2945 1959,2945 2001,2944 2043,2944 2085,2944 2127,2944 2169,2943 2211,2943 2253,2942 2295,2942 2337,2941 2379,2940 2421,2939 2463,2937 2505,2935"/>
                <TextEquiv>
                    <Unicode>„Flimmerns“ die Taschentücher her¬</Unicode>
                </TextEquiv>
            </TextLine>
            <TextLine id="r3l44" custom="readingOrder {index:43;}">
                <Coords points="1651,3012 2190,3021 2515,2993 2514,2957 2401,2947 2284,2976 2190,2954 2132,2978 2053,2957 1983,2981 1794,2958 1651,2979"/>
                <Baseline points="1657,3006 1699,3005 1742,3005 1784,3005 1827,3005 1870,3005 1912,3005 1955,3005 1997,3005 2040,3005 2083,3005 2125,3005 2168,3004 2210,3004 2253,3003 2296,3003 2338,3002 2381,3001 2423,2999 2466,2997 2509,2995"/>
                <TextEquiv>
                    <Unicode>ausziehen mußten. Dieser Leier¬</Unicode>
                </TextEquiv>
            </TextLine>
            <TextLine id="r3l45" custom="readingOrder {index:44;}">
                <Coords points="1653,3075 2434,3077 2528,3048 2528,3012 1653,3024"/>
                <Baseline points="1659,3064 1702,3064 1745,3064 1788,3063 1831,3063 1875,3063 1918,3063 1961,3063 2004,3063 2047,3062 2091,3062 2134,3062 2177,3061 2220,3061 2263,3060 2307,3060 2350,3059 2393,3058 2436,3057 2479,3056 2523,3055"/>
                <TextEquiv>
                    <Unicode>kasten wird morgen und übermorgen</Unicode>
                </TextEquiv>
            </TextLine>
            <TextLine id="r3l46" custom="readingOrder {index:45;}">
                <Coords points="1653,3137 2513,3136 2524,3070 2481,3092 2125,3062 2087,3096 2009,3073 1653,3094"/>
                <Baseline points="1658,3124 1701,3124 1744,3124 1787,3124 1830,3124 1873,3124 1916,3124 1959,3124 2002,3123 2045,3123 2088,3122 2131,3122 2174,3121 2217,3121 2260,3120 2303,3120 2346,3119 2389,3118 2432,3118 2475,3117 2519,3116"/>
                <TextEquiv>
                    <Unicode>genau so sterotyp die Taschentücher</Unicode>
                </TextEquiv>
            </TextLine>
            <TextLine id="r3l47" custom="readingOrder {index:46;}">
                <Coords points="1658,3189 2499,3192 2529,3133 2182,3127 2116,3159 1658,3141"/>
                <Baseline points="1663,3181 1706,3182 1749,3183 1792,3184 1835,3184 1878,3184 1921,3184 1964,3183 2007,3183 2050,3182 2093,3182 2136,3181 2179,3180 2222,3180 2265,3179 2308,3178 2351,3177 2394,3176 2437,3176 2480,3175 2524,3175"/>
                <TextEquiv>
                    <Unicode>herausdrehen, ohne daß er auch ein</Unicode>
                </TextEquiv>
            </TextLine>
            <TextLine id="r3l48" custom="readingOrder {index:47;}">
                <Coords points="1663,3252 2199,3259 2246,3238 2365,3261 2521,3234 2520,3190 1663,3210"/>
                <Baseline points="1668,3242 1710,3241 1752,3241 1795,3240 1837,3240 1879,3240 1922,3240 1964,3240 2006,3240 2049,3240 2091,3240 2133,3240 2176,3240 2218,3240 2260,3239 2303,3238 2345,3237 2387,3236 2430,3235 2472,3232 2515,3230"/>
                <TextEquiv>
                    <Unicode>einzigesmal improvisiert. Nein, Herr</Unicode>
                </TextEquiv>
            </TextLine>
            <TextLine id="r3l49" custom="readingOrder {index:48;}">
                <Coords points="1663,3303 1753,3328 1965,3297 2428,3314 2501,3307 2516,3275 2389,3249 2150,3272 2078,3247 1978,3276 1862,3255 1662,3275"/>
                <Baseline points="1668,3302 1710,3301 1752,3301 1794,3300 1836,3300 1878,3299 1920,3299 1962,3299 2004,3299 2046,3299 2089,3298 2131,3298 2173,3298 2215,3297 2257,3297 2299,3296 2341,3295 2383,3293 2425,3292 2467,3290 2510,3288"/>
                <TextEquiv>
                    <Unicode>Engel, einer von diesen so verdamm¬</Unicode>
                </TextEquiv>
            </TextLine>
            <TextLine id="r3l50" custom="readingOrder {index:49;}">
                <Coords points="1665,3372 2515,3365 2532,3299 2423,3325 1664,3325"/>
                <Baseline points="1670,3360 1712,3360 1755,3360 1798,3359 1841,3359 1884,3358 1927,3358 1969,3357 2012,3357 2055,3357 2098,3356 2141,3356 2184,3355 2227,3354 2269,3353 2312,3353 2355,3352 2398,3351 2441,3350 2484,3349 2527,3347"/>
                <TextEquiv>
                    <Unicode>ten nichtsnützigen Films wie die</Unicode>
                </TextEquiv>
            </TextLine>
            <TextLine id="r3l51" custom="readingOrder {index:50;}">
                <Coords points="1668,3433 2517,3432 2516,3383 2474,3375 2143,3394 1870,3371 1743,3394 1667,3373"/>
                <Baseline points="1673,3419 1714,3419 1756,3419 1798,3419 1840,3419 1882,3419 1924,3419 1966,3418 2008,3418 2050,3417 2092,3417 2133,3416 2175,3416 2217,3415 2259,3414 2301,3413 2343,3413 2385,3412 2427,3411 2469,3410 2511,3409"/>
                <TextEquiv>
                    <Unicode>Liebelei (trotz der veralteten, unaus¬</Unicode>
                </TextEquiv>
            </TextLine>
            <TextLine id="r3l52" custom="readingOrder {index:51;}">
                <Coords points="1675,3485 2484,3487 2529,3469 2529,3438 1674,3442"/>
                <Baseline points="1680,3477 1722,3478 1764,3478 1806,3478 1848,3478 1891,3478 1933,3478 1975,3477 2017,3476 2059,3475 2102,3475 2144,3474 2186,3473 2228,3472 2270,3471 2313,3470 2355,3470 2397,3469 2439,3468 2481,3468 2524,3468"/>
                <TextEquiv>
                    <Unicode>stehlichen Kino-Mondsüchterei Psy¬</Unicode>
                </TextEquiv>
            </TextLine>
            <TextLine id="r3l53" custom="readingOrder {index:52;}">
                <Coords points="1674,3548 2488,3546 2521,3544 2521,3499 2385,3478 2338,3508 2305,3488 1674,3503"/>
                <Baseline points="1680,3537 1721,3537 1763,3537 1805,3537 1847,3537 1889,3537 1930,3537 1972,3536 2014,3535 2056,3535 2098,3534 2139,3533 2181,3533 2223,3532 2265,3532 2307,3531 2348,3531 2390,3530 2432,3530 2474,3530 2516,3530"/>
                <TextEquiv>
                    <Unicode>landers) wecken in mir keine Sehn¬</Unicode>
                </TextEquiv>
            </TextLine>
            <TextLine id="r3l54" custom="readingOrder {index:53;}">
                <Coords points="1662,3614 2337,3612 2509,3595 2535,3564 1980,3547 1818,3575 1780,3550 1662,3580"/>
                <Baseline points="1667,3595 1710,3596 1753,3597 1796,3597 1839,3597 1882,3597 1925,3596 1969,3596 2012,3595 2055,3594 2098,3594 2141,3593 2184,3592 2227,3591 2271,3590 2314,3590 2357,3589 2400,3589 2443,3589 2486,3589 2530,3590"/>
                <TextEquiv>
                    <Unicode>sucht, das Original zu sehen, keinen</Unicode>
                </TextEquiv>
            </TextLine>
            <TextLine id="r3l55" custom="readingOrder {index:54;}">
                <Coords points="1676,3664 2423,3666 2525,3644 2525,3613 1676,3621"/>
                <Baseline points="1681,3649 1725,3651 1769,3653 1813,3654 1857,3655 1901,3655 1945,3654 1990,3654 2034,3653 2078,3652 2122,3651 2166,3649 2210,3648 2255,3647 2299,3647 2343,3646 2387,3646 2431,3646 2475,3646 2520,3647"/>
                <TextEquiv>
                    <Unicode>Wunsch nach der zartesten mensch¬</Unicode>
                </TextEquiv>
            </TextLine>
            <TextLine id="r3l56" custom="readingOrder {index:55;}">
                <Coords points="1664,3720 2087,3715 2131,3743 2194,3713 2537,3717 2537,3688 2434,3665 1664,3681"/>
                <Baseline points="1669,3712 1712,3713 1755,3713 1798,3713 1841,3713 1884,3713 1927,3712 1971,3711 2014,3711 2057,3709 2100,3709 2143,3708 2186,3707 2229,3707 2273,3706 2316,3706 2359,3706 2402,3706 2445,3707 2488,3708 2532,3710"/>
                <TextEquiv>
                    <Unicode>lichen Stimme, wenigstens nicht etwa,</Unicode>
                </TextEquiv>
            </TextLine>
            <TextLine id="r3l57" custom="readingOrder {index:56;}">
                <Coords points="1675,3777 2177,3791 2435,3760 2511,3777 2526,3747 2455,3718 2343,3743 2275,3715 2132,3743 2058,3717 1674,3745"/>
                <Baseline points="1680,3775 1722,3774 1764,3774 1806,3773 1848,3772 1890,3772 1932,3771 1974,3770 2016,3769 2058,3768 2100,3768 2142,3767 2184,3766 2226,3766 2268,3765 2310,3764 2352,3764 2394,3764 2436,3763 2478,3763 2521,3763"/>
                <TextEquiv>
                    <Unicode>um potenzierte Kunstgefühle zu be¬</Unicode>
                </TextEquiv>
            </TextLine>
            <TextLine id="r3l58" custom="readingOrder {index:57;}">
                <Coords points="1668,3831 2433,3844 2525,3823 2525,3796 2342,3775 2295,3804 2235,3780 2022,3801 1949,3778 1879,3804 1759,3784 1668,3804"/>
                <Baseline points="1674,3830 1716,3831 1758,3832 1800,3833 1843,3833 1885,3832 1927,3832 1970,3831 2012,3830 2054,3829 2097,3827 2139,3826 2181,3825 2223,3824 2266,3823 2308,3823 2350,3823 2393,3823 2435,3824 2477,3825 2520,3828"/>
                <TextEquiv>
                    <Unicode>friedigen. Was der Film hier ge¬</Unicode>
                </TextEquiv>
            </TextLine>
            <TextLine id="r3l59" custom="readingOrder {index:58;}">
                <Coords points="1678,3900 2532,3888 2531,3847 2414,3833 2360,3856 2290,3835 2151,3860 2099,3840 1989,3865 1954,3839 1678,3858"/>
                <Baseline points="1684,3890 1726,3890 1768,3890 1810,3890 1852,3889 1894,3889 1936,3888 1978,3888 2020,3887 2062,3886 2105,3885 2147,3885 2189,3884 2231,3883 2273,3882 2315,3882 2357,3881 2399,3880 2441,3880 2483,3880 2526,3880"/>
                <TextEquiv>
                    <Unicode>schaffen hat, war bereits Kunst! Sie</Unicode>
                </TextEquiv>
            </TextLine>
            <TextLine id="r3l60" custom="readingOrder {index:59;}">
                <Coords points="1688,3959 2546,3959 2545,3903 2449,3890 2411,3914 2232,3891 1688,3922"/>
                <Baseline points="1694,3947 1736,3948 1778,3948 1820,3948 1863,3947 1905,3947 1947,3946 1990,3946 2032,3946 2074,3945 2117,3944 2159,3943 2201,3943 2243,3942 2286,3942 2328,3941 2370,3941 2413,3940 2455,3940 2497,3940 2540,3940"/>
                <TextEquiv>
                    <Unicode>sagen: Ja, Schnitzler! Ich kann aber</Unicode>
                </TextEquiv>
            </TextLine>
            <TextLine id="r3l61" custom="readingOrder {index:60;}">
                <Coords points="1693,4007 2014,4026 2380,3998 2453,4022 2556,4007 2556,3976 2234,3955 2159,3982 2015,3955 1829,3982 1692,3957"/>
                <Baseline points="1698,4005 1740,4006 1783,4006 1825,4005 1868,4005 1911,4004 1953,4004 1996,4003 2038,4003 2081,4002 2124,4001 2166,4000 2209,4000 2251,3999 2294,3999 2337,3998 2379,3998 2422,3998 2464,3999 2507,3999 2550,4000"/>
                <TextEquiv>
                    <Unicode>doch nicht glauben, daß das Alpha</Unicode>
                </TextEquiv>
            </TextLine>
            <TextLine id="r3l62" custom="readingOrder {index:61;}">
                <Coords points="1695,4078 2555,4064 2554,4031 2489,4012 2342,4037 2282,4011 2149,4036 1839,4016 1694,4037"/>
                <Baseline points="1700,4068 1742,4067 1784,4067 1827,4067 1869,4066 1912,4066 1954,4065 1997,4065 2039,4065 2082,4064 2124,4064 2166,4064 2209,4063 2251,4063 2294,4063 2336,4062 2379,4062 2421,4061 2464,4060 2506,4059 2549,4058"/>
                <TextEquiv>
                    <Unicode>der Kunst bei Hamlet ist. In der</Unicode>
                </TextEquiv>
            </TextLine>
            <TextLine id="r3l63" custom="readingOrder {index:62;}">
                <Coords points="1691,4133 2478,4137 2561,4124 2561,4084 1691,4092"/>
                <Baseline points="1697,4125 1742,4125 1787,4125 1832,4124 1877,4124 1923,4124 1968,4123 2013,4122 2058,4122 2103,4121 2149,4121 2194,4120 2239,4119 2284,4119 2329,4118 2375,4118 2420,4117 2465,4117 2510,4117 2556,4117"/>
                <TextEquiv>
                    <Unicode>Kunst gibt’s auch Potenzierung, aber</Unicode>
                </TextEquiv>
            </TextLine>
            <TextEquiv>
                <Unicode>Daß diese Behauptung übertrieben
ist, will ich nur an einem Beispiel
zeigen. In diesem Tagen ist Schnitz¬
lers „Liebelei“ zur Aufführung ge¬
kommen; dieser Film ist deshalb sehr
geeignet (ganz zufällig), obige Be¬
hauptungen zu widerlegen, weil ge¬
rade „Liebelei“ ein Drama ist, wo auf
der Bühne nur die Schnitzlersche
Dramatisierung das Kunstinteresse
erweckt. Handlung ist eigentlich gar
wenig. Und siehe da! Der verpönte
Film bringt uns einen subtil spannen¬
den Stoff; gerade der Film „Liebelei“
steigert uns gegen den Schluß der¬
maßen zu einer dramatischen Stim¬
mung, welche wir in der Sprechbühne
nur sehr selten erlebt haben. Soll ich
noch weiter gehen? — Welche wir
bei dem Original Schnitzler nie und
nirgends gefühlt haben. Und nich!
etwa bombastische Mittel, Sensations¬
sang und Klang, eine einfache Staf¬
fage-Parade, ein einfaches Stim¬
mungsbild der Trauerszene, ohne die
mystische Draperie,ohne die in ge¬
heimnisvollem Schattentanz schwel¬
genden, flackernden Fackel-Requi¬
siten, Tränen-Pumpen und vibrie¬
rende Bariton frisch „aufgewärmt“.
wurde ad oculos demonstriert,
doch nicht, wenigstens nicht das
ige „stärkste Instrument der seeli¬
schen Wirkung die menschliche
S’imme ist. Gerade die zarteste see¬
lische Wirkung hat ein noch zärteres
Instrument zur Verkündigung, zur
Mitresonnanz — die Musik! Einige
ebenso zarte (vielleicht auch noch
zartere Harmoniumakkorde haben
uns nahe dazu gebracht, daß wir,
nicht etwa wegen eines überstarken
„Flimmerns“ die Taschentücher her¬
ausziehen mußten. Dieser Leier¬
kasten wird morgen und übermorgen
genau so sterotyp die Taschentücher
herausdrehen, ohne daß er auch ein
einzigesmal improvisiert. Nein, Herr
Engel, einer von diesen so verdamm¬
ten nichtsnützigen Films wie die
Liebelei (trotz der veralteten, unaus¬
stehlichen Kino-Mondsüchterei Psy¬
landers) wecken in mir keine Sehn¬
sucht, das Original zu sehen, keinen
Wunsch nach der zartesten mensch¬
lichen Stimme, wenigstens nicht etwa,
um potenzierte Kunstgefühle zu be¬
friedigen. Was der Film hier ge¬
schaffen hat, war bereits Kunst! Sie
sagen: Ja, Schnitzler! Ich kann aber
doch nicht glauben, daß das Alpha
der Kunst bei Hamlet ist. In der
Kunst gibt’s auch Potenzierung, aber</Unicode>
            </TextEquiv>
        </TextRegion>
        <TextRegion orientation="0.0" id="r4" custom="readingOrder {index:3;}">
            <Coords points="2761,458 2761,4152 3354,4152 3354,458"/>
            <TextLine id="r4l1" custom="readingOrder {index:0;}">
                <Coords points="2772,474 2817,502 2894,489 3136,512 3170,490 3221,507 3315,501 3316,464 3238,441 3035,458 2977,434 2937,453 2773,442"/>
                <Baseline points="2778,485 2804,486 2831,487 2857,488 2884,488 2911,489 2937,490 2964,490 2990,491 3017,491 3044,492 3070,493 3097,493 3123,494 3150,494 3177,495 3203,495 3230,495 3256,496 3283,496 3310,496"/>
                <TextEquiv>
                    <Unicode>das erste Glied heißt</Unicode>
                </TextEquiv>
            </TextLine>
            <TextLine id="r4l2" custom="readingOrder {index:1;}">
                <Coords points="2782,555 2960,548 3020,569 3286,557 3335,581 3337,518 2783,512"/>
                <Baseline points="2788,543 2815,543 2842,544 2869,545 2896,545 2923,546 2950,546 2977,548 3004,548 3031,549 3059,550 3086,550 3113,551 3140,551 3167,552 3194,553 3221,553 3248,554 3275,554 3302,554 3330,554"/>
                <TextEquiv>
                    <Unicode>Kunst. Und Gott nehm</Unicode>
                </TextEquiv>
            </TextLine>
            <TextLine id="r4l3" custom="readingOrder {index:2;}">
                <Coords points="2776,615 2980,627 3143,609 3271,621 3326,648 3328,564 3087,584 2909,580 2882,564 2860,577 2838,559 2777,582"/>
                <Baseline points="2782,601 2810,603 2838,604 2867,606 2895,606 2923,607 2952,608 2980,608 3008,609 3037,609 3065,609 3094,609 3122,609 3150,610 3179,610 3207,610 3235,610 3264,611 3292,611 3321,612"/>
                <TextEquiv>
                    <Unicode>übel, wenn es der Fal</Unicode>
                </TextEquiv>
            </TextLine>
            <TextLine id="r4l4" custom="readingOrder {index:3;}">
                <Coords points="2762,646 2806,671 2995,688 3329,678 3329,648 3287,627 3254,642 3149,640 3126,621 2870,635 2763,616"/>
                <Baseline points="2767,658 2794,660 2822,662 2850,664 2878,665 2906,667 2933,667 2961,668 2989,668 3017,668 3045,668 3072,668 3100,668 3128,668 3156,668 3184,668 3211,668 3239,668 3267,669 3295,669 3323,671"/>
                <TextEquiv>
                    <Unicode>Kino tatsächlich zum Au</Unicode>
                </TextEquiv>
            </TextLine>
            <TextLine id="r4l5" custom="readingOrder {index:4;}">
                <Coords points="2768,711 2898,747 3015,725 3199,745 3308,745 3341,728 3341,703 3276,690 3247,704 3200,679 3138,709 3091,694 3036,717 2912,675 2769,687"/>
                <Baseline points="2774,714 2802,717 2830,720 2858,723 2886,724 2914,726 2942,726 2970,727 2998,728 3026,728 3054,728 3082,728 3110,728 3138,727 3166,727 3194,727 3222,727 3250,727 3278,727 3306,728 3335,728"/>
                <TextEquiv>
                    <Unicode>Originals, zu Kunsta</Unicode>
                </TextEquiv>
            </TextLine>
            <TextLine id="r4l6" custom="readingOrder {index:5;}">
                <Coords points="2766,790 2834,786 2868,799 2926,782 2958,798 2984,790 3011,800 3047,787 3095,798 3096,738 3021,744 3001,756 2943,739 2930,752 2889,743 2850,758 2767,753"/>
                <Baseline points="2772,775 2798,778 2825,779 2851,781 2878,782 2904,783 2931,783 2957,783 2984,784 3010,784 3037,784 3063,784 3090,785"/>
                <TextEquiv>
                    <Unicode>reizt, dann hi</Unicode>
                </TextEquiv>
            </TextLine>
            <TextLine id="r4l7" custom="readingOrder {index:6;}">
                <Coords points="3113,790 3170,797 3205,791 3245,803 3277,789 3301,800 3317,793 3331,797 3332,741 3295,743 3268,759 3243,758 3220,741 3161,759 3138,746 3114,746"/>
                <Baseline points="3119,784 3144,785 3170,785 3196,786 3222,787 3248,788 3274,788 3300,788 3326,787"/>
                <TextEquiv>
                    <Unicode>tte der Fi</Unicode>
                </TextEquiv>
            </TextLine>
            <TextLine id="r4l8" custom="readingOrder {index:7;}">
                <Coords points="2770,834 2827,854 2844,844 2861,851 2900,845 2921,855 2958,851 2973,861 2998,852 3016,858 3016,800 2983,818 2954,794 2930,801 2914,791 2883,811 2834,787 2820,798 2771,807"/>
                <Baseline points="2776,835 2802,838 2828,840 2854,841 2880,841 2906,841 2932,841 2958,841 2984,840 3010,841"/>
                <TextEquiv>
                    <Unicode>edle Missi</Unicode>
                </TextEquiv>
            </TextLine>
            <TextLine id="r4l9" custom="readingOrder {index:8;}">
                <Coords points="3046,870 3052,871 3059,866 3066,868 3073,866 3081,867 3085,823 3078,822 3076,824 3072,824 3062,813 3057,815 3052,814"/>
                <Baseline points="3055,841 3078,843"/>
                <TextEquiv>
                    <Unicode>n</Unicode>
                </TextEquiv>
            </TextLine>
            <TextLine id="r4l10" custom="readingOrder {index:9;}">
                <Coords points="3244,856 3264,852 3267,855 3278,849 3304,874 3312,875 3316,871 3325,878 3333,878 3334,801 3322,806 3314,804 3283,816 3270,813 3259,820 3245,819"/>
                <Baseline points="3250,845 3276,845 3302,845 3328,847"/>
                <TextEquiv>
                    <Unicode>al</Unicode>
                </TextEquiv>
            </TextLine>
            <TextLine id="r4l11" custom="readingOrder {index:10;}">
                <Coords points="2786,914 2795,913 2805,917 2809,914 2813,917 2818,916 2821,913 2825,916 2833,913 2840,916 2853,914 2855,866 2829,871 2815,866 2810,870 2788,862"/>
                <Baseline points="2792,893 2820,895 2848,895"/>
                <TextEquiv>
                    <Unicode>zu</Unicode>
                </TextEquiv>
            </TextLine>
            <TextLine id="r4l12" custom="readingOrder {index:11;}">
                <Coords points="2933,912 2945,908 2950,914 2960,915 2981,915 2992,908 2995,912 3003,908 3013,911 3014,866 3004,866 2981,874 2976,870 2972,873 2962,868 2951,868 2941,874 2934,873"/>
                <Baseline points="2938,895 2973,895 3008,897"/>
                <TextEquiv>
                    <Unicode>unst</Unicode>
                </TextEquiv>
            </TextLine>
            <TextLine id="r4l13" custom="readingOrder {index:12;}">
                <Coords points="3273,2432 3290,2436 3303,2430 3319,2445 3325,2444 3330,2449 3347,2454 3349,2394 3341,2393 3332,2385 3318,2393 3312,2386 3306,2386 3302,2382 3300,2384 3287,2375 3280,2381 3275,2381"/>
                <Baseline points="3279,2426 3311,2426 3343,2428"/>
                <TextEquiv>
                    <Unicode>ilm</Unicode>
                </TextEquiv>
            </TextLine>
            <TextLine id="r4l14" custom="readingOrder {index:13;}">
                <Coords points="2775,2494 2780,2492 2785,2495 2789,2494 2793,2496 2794,2494 2796,2495 2801,2493 2792,2455 2785,2456 2783,2459 2782,2458 2780,2459 2774,2465 2769,2466"/>
                <Baseline points="2778,2482 2792,2479"/>
                <TextEquiv>
                    <Unicode>4</Unicode>
                </TextEquiv>
            </TextLine>
            <TextLine id="r4l15" custom="readingOrder {index:14;}">
                <Coords points="3204,2491 3211,2491 3226,2502 3234,2493 3245,2490 3270,2498 3303,2470 3313,2468 3312,2447 3291,2446 3274,2439 3268,2440 3258,2452 3251,2450 3241,2458 3220,2441 3215,2445 3201,2445"/>
                <Baseline points="3210,2488 3242,2487 3275,2484 3308,2482"/>
                <TextEquiv>
                    <Unicode>hen“</Unicode>
                </TextEquiv>
            </TextLine>
            <TextLine id="r4l16" custom="readingOrder {index:15;}">
                <Coords points="2758,2540 2926,2563 3038,2545 3268,2562 3321,2544 3321,2500 3154,2509 3115,2491 3067,2521 3001,2499 2949,2525 2800,2492 2758,2517"/>
                <Baseline points="2764,2537 2791,2539 2819,2539 2846,2540 2874,2541 2901,2542 2929,2543 2956,2543 2984,2543 3011,2544 3039,2544 3067,2544 3094,2544 3122,2544 3149,2544 3177,2544 3204,2544 3232,2544 3259,2543 3287,2543 3315,2542"/>
                <TextEquiv>
                    <Unicode>Szenen in „Germinal“</Unicode>
                </TextEquiv>
            </TextLine>
            <TextLine id="r4l17" custom="readingOrder {index:16;}">
                <Coords points="2765,2595 2925,2620 2960,2602 3048,2621 3128,2605 3351,2622 3352,2568 2765,2558"/>
                <Baseline points="2770,2595 2798,2597 2827,2597 2856,2599 2885,2600 2914,2600 2942,2601 2971,2602 3000,2602 3029,2603 3058,2603 3086,2603 3115,2603 3144,2603 3173,2603 3202,2603 3230,2603 3259,2603 3288,2602 3317,2602 3346,2602"/>
                <TextEquiv>
                    <Unicode>kommt morgen ein ande</Unicode>
                </TextEquiv>
            </TextLine>
            <TextLine id="r4l18" custom="readingOrder {index:17;}">
                <Coords points="2766,2653 2912,2682 2931,2665 2983,2685 3012,2661 3139,2684 3261,2665 3333,2687 3343,2615 3204,2636 3139,2614 3084,2634 2848,2607 2766,2634"/>
                <Baseline points="2772,2655 2800,2656 2828,2657 2856,2658 2885,2658 2913,2659 2941,2660 2969,2661 2998,2662 3026,2662 3054,2663 3082,2663 3111,2664 3139,2664 3167,2664 3195,2664 3224,2664 3252,2664 3280,2663 3308,2663 3337,2662"/>
                <TextEquiv>
                    <Unicode>richtigen Anschlag von G</Unicode>
                </TextEquiv>
            </TextLine>
            <TextLine id="r4l19" custom="readingOrder {index:18;}">
                <Coords points="2768,2727 2995,2719 3098,2738 3147,2716 3354,2742 3355,2693 3262,2669 3189,2674 3149,2701 3099,2678 2987,2687 2931,2665 2769,2687"/>
                <Baseline points="2774,2715 2802,2716 2831,2716 2860,2716 2889,2717 2917,2717 2946,2718 2975,2719 3004,2719 3032,2720 3061,2721 3090,2721 3119,2722 3147,2722 3176,2723 3205,2723 3234,2724 3262,2724 3291,2724 3320,2723 3349,2723"/>
                <TextEquiv>
                    <Unicode>zustande bringt. Und ge</Unicode>
                </TextEquiv>
            </TextLine>
            <TextLine id="r4l20" custom="readingOrder {index:19;}">
                <Coords points="2756,2784 3310,2791 3348,2786 3349,2741 3164,2753 3033,2726 2889,2749 2813,2727 2756,2744"/>
                <Baseline points="2761,2772 2790,2774 2819,2775 2848,2777 2877,2778 2906,2778 2935,2779 2964,2780 2993,2780 3022,2780 3052,2780 3081,2781 3110,2781 3139,2781 3168,2781 3197,2781 3226,2781 3255,2781 3284,2781 3313,2782 3343,2782"/>
                <TextEquiv>
                    <Unicode>Film, der körper- und ze</Unicode>
                </TextEquiv>
            </TextLine>
            <TextLine id="r4l21" custom="readingOrder {index:20;}">
                <Coords points="2778,2841 2902,2855 3149,2841 3265,2867 3354,2838 3354,2815 3270,2790 3100,2807 3061,2794 3027,2810 2942,2787 2778,2806"/>
                <Baseline points="2783,2836 2811,2836 2839,2836 2867,2836 2896,2837 2924,2837 2952,2837 2980,2838 3009,2839 3037,2839 3065,2840 3093,2840 3122,2841 3150,2841 3178,2841 3206,2842 3235,2841 3263,2841 3291,2841 3319,2840 3348,2839"/>
                <TextEquiv>
                    <Unicode>geschaffen für die dichten</Unicode>
                </TextEquiv>
            </TextLine>
            <TextLine id="r4l22" custom="readingOrder {index:21;}">
                <Coords points="2783,2900 3345,2913 3346,2859 3286,2873 3243,2854 3211,2871 3165,2851 3112,2867 2999,2845 2960,2864 2922,2846 2875,2867 2783,2847"/>
                <Baseline points="2788,2896 2815,2895 2843,2894 2870,2894 2898,2893 2926,2893 2953,2893 2981,2893 3008,2894 3036,2894 3064,2894 3091,2895 3119,2895 3146,2896 3174,2896 3202,2897 3229,2897 3257,2898 3284,2898 3312,2898 3340,2899"/>
                <TextEquiv>
                    <Unicode>lose Freiheit. Glauben</Unicode>
                </TextEquiv>
            </TextLine>
            <TextLine id="r4l23" custom="readingOrder {index:22;}">
                <Coords points="2781,2957 2874,2975 3026,2953 3062,2972 3147,2959 3192,2985 3234,2964 3346,2976 3336,2909 3288,2924 3253,2907 3222,2928 2782,2902"/>
                <Baseline points="2787,2953 2814,2954 2842,2954 2870,2955 2897,2955 2925,2956 2953,2956 2980,2956 3008,2957 3036,2957 3064,2957 3091,2957 3119,2957 3147,2958 3174,2958 3202,2958 3230,2958 3257,2959 3285,2959 3313,2960 3341,2960"/>
                <TextEquiv>
                    <Unicode>Engel, die Poeten, die di</Unicode>
                </TextEquiv>
            </TextLine>
            <TextLine id="r4l24" custom="readingOrder {index:23;}">
                <Coords points="2775,3021 2874,3015 2952,3037 3034,3013 3053,3030 3135,3018 3199,3037 3224,3018 3288,3019 3351,3040 3351,2991 3288,2964 3176,2988 3134,2963 3062,2973 3025,2952 2999,2974 2912,2957 2845,2986 2776,2971"/>
                <Baseline points="2780,3011 2808,3011 2836,3012 2864,3012 2893,3013 2921,3013 2949,3014 2977,3015 3006,3015 3034,3016 3062,3016 3090,3017 3119,3017 3147,3018 3175,3018 3203,3018 3232,3018 3260,3018 3288,3018 3316,3018 3345,3018"/>
                <TextEquiv>
                    <Unicode>veredeln“ wollten, haben</Unicode>
                </TextEquiv>
            </TextLine>
            <TextLine id="r4l25" custom="readingOrder {index:24;}">
                <Coords points="2773,3076 2984,3096 3057,3077 3158,3103 3251,3077 3359,3105 3359,3045 3321,3032 3236,3031 3210,3049 3179,3031 3133,3043 3015,3022 2952,3037 2922,3021 2855,3045 2774,3035"/>
                <Baseline points="2779,3070 2807,3071 2836,3071 2865,3072 2894,3072 2922,3073 2951,3073 2980,3074 3009,3074 3037,3074 3066,3075 3095,3075 3124,3075 3152,3075 3181,3076 3210,3076 3239,3076 3267,3076 3296,3076 3325,3076 3354,3076"/>
                <TextEquiv>
                    <Unicode>nur den Schlossern Platz</Unicode>
                </TextEquiv>
            </TextLine>
            <TextLine id="r4l26" custom="readingOrder {index:25;}">
                <Coords points="2771,3139 2952,3147 2996,3132 3092,3148 3135,3127 3271,3155 3346,3144 3347,3107 3301,3089 3183,3106 3098,3083 3001,3104 2924,3082 2856,3095 2772,3080"/>
                <Baseline points="2777,3129 2805,3129 2833,3129 2861,3130 2889,3130 2918,3131 2946,3131 2974,3132 3002,3133 3030,3133 3059,3134 3087,3134 3115,3135 3143,3135 3171,3136 3200,3136 3228,3136 3256,3135 3284,3135 3312,3135 3341,3134"/>
                <TextEquiv>
                    <Unicode>die Leinwand erst für</Unicode>
                </TextEquiv>
            </TextLine>
            <TextLine id="r4l27" custom="readingOrder {index:26;}">
                <Coords points="2789,3194 2845,3189 2870,3209 2947,3187 3018,3205 3347,3206 3348,3161 3319,3154 3197,3148 3151,3165 3082,3143 2949,3158 2859,3135 2790,3150"/>
                <Baseline points="2795,3186 2822,3187 2849,3188 2877,3189 2904,3190 2931,3191 2959,3192 2986,3193 3013,3194 3041,3194 3068,3195 3095,3195 3123,3196 3150,3196 3177,3196 3205,3195 3232,3195 3259,3194 3287,3193 3314,3192 3342,3191"/>
                <TextEquiv>
                    <Unicode>rische Arbeit präparier</Unicode>
                </TextEquiv>
            </TextLine>
            <TextLine id="r4l28" custom="readingOrder {index:27;}">
                <Coords points="2789,3247 2980,3276 3093,3253 3354,3266 3354,3213 3204,3225 3124,3202 3108,3218 3036,3206 2950,3224 2841,3206 2789,3227"/>
                <Baseline points="2794,3249 2821,3249 2849,3249 2877,3249 2904,3250 2932,3250 2960,3250 2987,3250 3015,3250 3043,3251 3071,3251 3098,3251 3126,3252 3154,3252 3181,3252 3209,3252 3237,3253 3264,3253 3292,3253 3320,3253 3348,3253"/>
                <TextEquiv>
                    <Unicode>aber nachher kommen si</Unicode>
                </TextEquiv>
            </TextLine>
            <TextLine id="r4l29" custom="readingOrder {index:28;}">
                <Coords points="2789,3310 3350,3329 3350,3274 3307,3261 3234,3280 2790,3269"/>
                <Baseline points="2795,3306 2822,3307 2849,3307 2877,3307 2904,3308 2932,3308 2959,3308 2987,3309 3014,3309 3042,3310 3069,3310 3096,3310 3124,3311 3151,3311 3179,3311 3206,3311 3234,3311 3261,3311 3289,3310 3316,3310 3344,3309"/>
                <TextEquiv>
                    <Unicode>kommen ganz sicher. Di</Unicode>
                </TextEquiv>
            </TextLine>
            <TextLine id="r4l30" custom="readingOrder {index:29;}">
                <Coords points="2794,3372 3014,3370 3068,3388 3146,3370 3349,3398 3357,3345 3297,3321 3227,3339 3127,3314 3025,3339 2963,3321 2880,3340 2818,3316 2794,3325"/>
                <Baseline points="2799,3365 2826,3367 2854,3368 2881,3369 2909,3370 2937,3371 2964,3371 2992,3372 3019,3372 3047,3373 3075,3373 3102,3373 3130,3373 3157,3373 3185,3373 3213,3373 3240,3373 3268,3373 3295,3373 3323,3373 3351,3373"/>
                <TextEquiv>
                    <Unicode>lung“ ist zu früh gekon</Unicode>
                </TextEquiv>
            </TextLine>
            <TextLine id="r4l31" custom="readingOrder {index:30;}">
                <Coords points="2796,3418 3116,3450 3349,3437 3349,3385 3330,3380 3196,3397 3171,3384 3134,3401 3094,3383 3051,3398 2996,3382 2973,3396 2796,3388"/>
                <Baseline points="2801,3424 2828,3425 2855,3426 2882,3426 2909,3427 2936,3428 2963,3428 2990,3429 3017,3429 3044,3429 3072,3429 3099,3429 3126,3429 3153,3429 3180,3429 3207,3429 3234,3429 3261,3429 3288,3429 3315,3430 3343,3430"/>
                <TextEquiv>
                    <Unicode>wenn ich mit drastisch</Unicode>
                </TextEquiv>
            </TextLine>
            <TextLine id="r4l32" custom="readingOrder {index:31;}">
                <Coords points="2782,3486 3351,3500 3351,3456 3310,3440 3090,3460 3038,3436 2930,3458 2782,3437"/>
                <Baseline points="2787,3482 2814,3483 2842,3484 2870,3485 2898,3485 2926,3486 2954,3487 2982,3487 3010,3488 3038,3488 3066,3488 3093,3489 3121,3489 3149,3489 3177,3490 3205,3490 3233,3490 3261,3490 3289,3490 3317,3490 3345,3490"/>
                <TextEquiv>
                    <Unicode>dienen darf, so gescheh</Unicode>
                </TextEquiv>
            </TextLine>
            <TextLine id="r4l33" custom="readingOrder {index:32;}">
                <Coords points="2790,3549 2914,3549 2942,3568 3053,3547 3231,3552 3347,3577 3347,3517 3289,3499 3239,3519 3207,3498 3148,3519 3100,3497 3043,3517 2970,3502 2790,3513"/>
                <Baseline points="2795,3544 2822,3544 2849,3545 2877,3545 2904,3546 2931,3546 2959,3547 2986,3547 3013,3548 3041,3548 3068,3549 3095,3549 3123,3549 3150,3549 3177,3550 3205,3550 3232,3550 3259,3549 3287,3549 3314,3548 3342,3547"/>
                <TextEquiv>
                    <Unicode>man einen Säugling im</Unicode>
                </TextEquiv>
            </TextLine>
            <TextLine id="r4l34" custom="readingOrder {index:33;}">
                <Coords points="2788,3608 2869,3598 2947,3622 3099,3625 3298,3609 3350,3624 3350,3578 3314,3573 3189,3576 3153,3560 3012,3575 2965,3556 2903,3570 2838,3551 2788,3570"/>
                <Baseline points="2793,3602 2820,3602 2848,3602 2875,3602 2903,3602 2931,3602 2958,3602 2986,3602 3013,3602 3041,3603 3069,3603 3096,3603 3124,3603 3151,3603 3179,3603 3207,3603 3234,3603 3262,3604 3289,3604 3317,3604 3345,3605"/>
                <TextEquiv>
                    <Unicode>Meister präsentieren we</Unicode>
                </TextEquiv>
            </TextLine>
            <TextLine id="r4l35" custom="readingOrder {index:34;}">
                <Coords points="2791,3659 2874,3684 3032,3664 3321,3679 3360,3666 3360,3602 3250,3635 3161,3608 3088,3634 3042,3615 3008,3640 2968,3617 2791,3623"/>
                <Baseline points="2796,3661 2823,3661 2851,3661 2879,3662 2907,3662 2935,3662 2963,3662 2991,3662 3019,3662 3047,3662 3075,3662 3102,3662 3130,3661 3158,3661 3186,3662 3214,3662 3242,3662 3270,3662 3298,3662 3326,3662 3354,3663"/>
                <TextEquiv>
                    <Unicode>derkind. Der Kunstfral</Unicode>
                </TextEquiv>
            </TextLine>
            <TextLine id="r4l36" custom="readingOrder {index:35;}">
                <Coords points="2788,3713 2885,3738 2936,3715 2999,3738 3064,3721 3347,3729 3339,3677 3270,3696 3171,3696 3137,3675 3019,3695 2903,3676 2788,3684"/>
                <Baseline points="2793,3716 2820,3717 2847,3718 2875,3719 2902,3719 2930,3720 2957,3720 2984,3720 3012,3720 3039,3720 3067,3720 3094,3719 3121,3719 3149,3719 3176,3719 3204,3719 3231,3719 3258,3719 3286,3720 3313,3720 3341,3721"/>
                <TextEquiv>
                    <Unicode>dem, was wir von</Unicode>
                </TextEquiv>
            </TextLine>
            <TextLine id="r4l37" custom="readingOrder {index:36;}">
                <Coords points="2793,3776 3350,3790 3339,3731 3304,3747 3231,3723 3103,3746 2794,3737"/>
                <Baseline points="2798,3775 2825,3774 2852,3774 2880,3774 2907,3774 2934,3775 2962,3775 2989,3776 3016,3777 3044,3778 3071,3778 3098,3779 3126,3780 3153,3781 3180,3781 3208,3782 3235,3782 3262,3783 3290,3783 3317,3782 3345,3782"/>
                <TextEquiv>
                    <Unicode>haben, ist eben für besti</Unicode>
                </TextEquiv>
            </TextLine>
            <TextLine id="r4l38" custom="readingOrder {index:37;}">
                <Coords points="2795,3839 2975,3857 3004,3842 3132,3854 3175,3836 3244,3866 3278,3845 3350,3849 3351,3790 3281,3800 3231,3781 3081,3812 2796,3791"/>
                <Baseline points="2801,3835 2828,3835 2855,3835 2882,3835 2909,3835 2937,3836 2964,3836 2991,3836 3018,3837 3045,3837 3073,3838 3100,3838 3127,3839 3154,3840 3181,3840 3209,3840 3236,3841 3263,3841 3290,3841 3317,3841 3345,3841"/>
                <TextEquiv>
                    <Unicode>geschnitten, die Wickel</Unicode>
                </TextEquiv>
            </TextLine>
            <TextLine id="r4l39" custom="readingOrder {index:38;}">
                <Coords points="2796,3902 3096,3901 3194,3918 3243,3898 3265,3908 3266,3858 3229,3870 3117,3856 3078,3871 2961,3870 2931,3851 2797,3863"/>
                <Baseline points="2802,3889 2827,3890 2852,3890 2878,3891 2903,3891 2929,3892 2954,3893 2980,3894 3005,3894 3031,3895 3056,3896 3081,3897 3107,3898 3132,3898 3158,3899 3183,3899 3209,3899 3234,3900 3260,3900"/>
                <TextEquiv>
                    <Unicode>erst heranwachsen.</Unicode>
                </TextEquiv>
            </TextLine>
            <TextLine id="r4l40" custom="readingOrder {index:39;}">
                <Coords points="2857,3959 2913,3975 3130,3962 3157,3977 3272,3956 3354,3980 3355,3921 3276,3921 3252,3903 3155,3930 3000,3908 2965,3927 2931,3902 2858,3921"/>
                <Baseline points="2863,3956 2888,3954 2914,3954 2939,3953 2965,3952 2990,3952 3016,3952 3042,3953 3067,3953 3093,3954 3118,3955 3144,3955 3169,3956 3195,3957 3221,3959 3246,3959 3272,3960 3297,3961 3323,3961 3349,3962"/>
                <TextEquiv>
                    <Unicode>„Technischen Urspr</Unicode>
                </TextEquiv>
            </TextLine>
            <TextLine id="r4l41" custom="readingOrder {index:40;}">
                <Coords points="2787,4015 2920,4034 2952,4018 3235,4019 3293,4041 3351,4022 3351,3989 3277,3967 3217,3997 3138,3980 2997,3987 2945,3964 2841,3984 2788,3974"/>
                <Baseline points="2793,4008 2820,4008 2848,4009 2875,4009 2903,4010 2931,4010 2958,4011 2986,4011 3013,4012 3041,4013 3069,4013 3096,4014 3124,4014 3151,4015 3179,4015 3207,4016 3234,4016 3262,4017 3289,4017 3317,4018 3345,4018"/>
                <TextEquiv>
                    <Unicode>von Hause aus, wie</Unicode>
                </TextEquiv>
            </TextLine>
            <TextLine id="r4l42" custom="readingOrder {index:41;}">
                <Coords points="2788,4063 2906,4089 2949,4071 2991,4088 3121,4086 3178,4066 3336,4098 3349,4025 3178,4057 3012,4027 2942,4048 2898,4025 2789,4039"/>
                <Baseline points="2794,4062 2821,4065 2848,4067 2876,4069 2903,4070 2931,4072 2958,4072 2985,4073 3013,4073 3040,4074 3068,4074 3095,4074 3122,4074 3150,4074 3177,4074 3205,4075 3232,4075 3259,4075 3287,4076 3314,4076 3342,4077"/>
                <TextEquiv>
                    <Unicode>Geld machen wollen</Unicode>
                </TextEquiv>
            </TextLine>
            <TextLine id="r4l43" custom="readingOrder {index:42;}">
                <Coords points="2783,4146 2968,4135 3098,4166 3242,4139 3353,4183 3355,4108 3282,4078 3229,4106 3082,4083 2967,4101 2785,4091"/>
                <Baseline points="2789,4127 2817,4127 2845,4127 2873,4127 2901,4127 2929,4128 2957,4128 2985,4129 3013,4130 3041,4131 3069,4132 3097,4132 3125,4134 3153,4134 3181,4135 3209,4136 3237,4137 3265,4138 3293,4138 3321,4139 3349,4139"/>
                <TextEquiv>
                    <Unicode>Schöpfer haben den Teu</Unicode>
                </TextEquiv>
            </TextLine>
            <TextEquiv>
                <Unicode>das erste Glied heißt
Kunst. Und Gott nehm
übel, wenn es der Fal
Kino tatsächlich zum Au
Originals, zu Kunsta
reizt, dann hi
tte der Fi
edle Missi
n
al
zu
unst
ilm
4
hen“
Szenen in „Germinal“
kommt morgen ein ande
richtigen Anschlag von G
zustande bringt. Und ge
Film, der körper- und ze
geschaffen für die dichten
lose Freiheit. Glauben
Engel, die Poeten, die di
veredeln“ wollten, haben
nur den Schlossern Platz
die Leinwand erst für
rische Arbeit präparier
aber nachher kommen si
kommen ganz sicher. Di
lung“ ist zu früh gekon
wenn ich mit drastisch
dienen darf, so gescheh
man einen Säugling im
Meister präsentieren we
derkind. Der Kunstfral
dem, was wir von
haben, ist eben für besti
geschnitten, die Wickel
erst heranwachsen.
„Technischen Urspr
von Hause aus, wie
Geld machen wollen
Schöpfer haben den Teu</Unicode>
            </TextEquiv>
        </TextRegion>
    </Page>
</PcGts>
