3436 4256
190 232 822 319 5. Liebelei
378 294 674 337 —
895 225 1330 318 box 10/4
1897 152 2884 194 Berbachtungen, sowie einen photographischen Apparat. —
1753 164 1885 225 Mhirte
1894 184 2921 233 Uiebrigens ist schon eine stattliche Anzahl Briestauben nach
1762 210 1892 279 h da¬
1890 229 2916 279 dem höchsten Norden Norwegens abgegangen, um von dort
1762 264 2918 316 #rum= behufs Versuchs auf offener See aufgelassen zu werden. Der
1759 308 2923 351 erhal# Ballon führt 2100 kg Ballast, ein Boot, Kleider, Gewehre
1904 335 2926 389 und Munition für 1500 Schüsse mit sich. — Andrée sowohl
1781 362 2910 436 t#' wie seine Reisegenossen, der Meteorologe Nils-Eckholm und
1767 401 2915 455 achten 1 der Kavitän Palanger sind sich aller Gefahren wohl bewußt.
1757 444 1894 511 n ihn
1946 459 2918 497 Möge #s dem kühnen Mann, der durch eigene Energie
1902 495 2911 539 und die Opferwilligkeit seiner Landsleute, mis König Oskar
1777 492 1882 553 und
1904 528 2926 592 an der Spitze, einen so großartigen Plan ins Werk gesetzt
1750 536 1886 601 verhör
1906 562 2537 621 hat, gelingen, sein Ziel zu erreichen.
1757 589 1884 645 annte,
1962 603 2907 649 Das „Tivoli“ in andere Hände übergegangen.
1766 627 1891 689 Stoß
1896 639 2915 702 Eins der bekanntesten Grundstucke in unserer Stadt, das an
1743 673 1888 735 zerade
1896 686 2921 721 der Zeitzer Straße gelegene Vergnügungs =Etablissement
1901 723 2921 767 „Tivoli“, ist aus dem Besitze der Stolpe'schen Erben in den¬
1753 722 1876 781 Fhrend
1893 759 2916 799 jenigen des Herrn Rechtsanwalt Kretschmer übergegangen.
1745 771 1881 826 in der
1893 797 2915 836 Wie wir hören, brabsichtigt der neue Besitzer, einen Ausbau
1775 811 1889 876 ging
1905 829 2916 873 des genannten Etablissements vorzunehmen. So sollen auf
1749 863 1879 924 n, die
1895 867 2908 909 dem großen, nach der Straße gelegenen Hofe, der durch An¬
1895 908 2913 955 lagen eine schönere Gestaltung erfahren würde, zu beiden
1744 908 1881 973 ich sie
1892 939 2917 992 Seiten geräumige Kokonnaden errichtet werden. Ferner ist
1751 954 1884 1019 fmerk¬
1892 981 2911 1035 geplant, den Saal durch Hinzunahme der jetzigen Neben¬
1748 997 1883 1066 Weges
1893 1023 2907 1068 räumlichkeiten wesentlich zu vergrößern. Wie wir hören, soll
1745 1053 1876 1110 in der
1902 1054 2916 1112 die Leitung resp. Bewirthschaftung des Stadlissements Herr
1901 1090 2841 1133 Bertholy, der Direktor des „Sanssouci“, übernehmen.
1727 1095 1881 1159 gen zu
2146 1168 2647 1249 Theater-Allerlei.
1736 1186 1881 1257 uf dem
1734 1233 1892 1298 s jetzt
1948 1229 2909 1298 Altes Theater. Zum ersten Male: „Liebelei“
1758 1287 1882 1340 etwa
1890 1278 2917 1349 Schauspiel in drei Akten von Arthur Schnitzler, Vorher
1895 1327 2917 1384 „Gewitterschauer“, Lustspiel von Pailleron-Duncker.
1741 1328 1882 1390 n der¬
1929 1362 2914 1397 Die Aufführung der vorgenannten beiden Srücke wan
1747 1370 1881 1437 e nicht
1890 1399 2917 1461 eine der genußreichsten, wie sie dem Publikum seit lange
1748 1427 1885 1487 „Mitt¬
1888 1434 2921 1477 nicht geboten wurde. Erst kam der französische Bühnen¬
1896 1466 2920 1523 dichter zum Wort, der mit seinem Lustspiel einen zwiefach
1743 1472 1885 1540 kt und
1901 1518 2918 1561 vergifteten Pfeil von dem Bogen seiner Satyre schleudert
1747 1513 1885 1581 Jacket.
1897 1554 2919 1604 und damit geschickt den flüchtigen Wahn der Ehebrecher trifft,
1727 1566 1884 1625 ze und
1896 1585 2916 1635 den er sehr gut als Gewitterschauer charalterisirt. Frau
1753 1606 1854 1668 sen.
1895 1625 2922 1671 Jeanne von Thiais, die ihres Gatten überbrüssig ist, verliebt
1898 1661 2921 1708 sich in „einen Lassen mit unwiderstehlichen Kravatken“ (wie
1753 1656 1889 1724 seines
1897 1694 2931 1740 der empörte Gatte in „Cyprienne“ sagt) und beschließt, mit
1738 1707 1888 1761 erst in
1899 1739 2926 1778 ihm bei Nacht und Nebel durchzugehen. Ein Gewitter und
1740 1745 1890 1807 grischer
1902 1770 2925 1821 ein Schaden am Reisewagen nöthigen die verliebten Flüchtlinge
1739 1796 1879 1851 ab und
1894 1799 2916 1853 in einer Schmugglerherberge einzukehren. Dort holt sie eine
1908 1843 2923 1895 kühldenkende Freundin ein, hält ihnen das Unsiunige ihres Be¬
1757 1840 1882 1902 ügel,
1909 1877 2918 1933 ginnens vor und sagt ihnen auf den Kopf zu, daß ihre Liebe
1752 1888 1879 1958 Jahre
1903 1911 2902 1969 nur ein kurzer Rausch sei. Darob heftiger Widerspruch auf
1746 1936 1883 1996 ondere
1897 1952 2923 1997 beiden Seiten, bis später Gensdarmen kommen, die das Haus
1749 1987 1876 2043 enn er
1907 1993 2924 2042 umzingeln, weil sie Schmuggler darin zu finden hoffen. Der
1903 2028 2923 2079 Entführer glaubt aber im ersten Schreck, der betrogene Ge¬
1746 2022 1880 2087 r aber¬
1903 2063 2925 2106 mahl seiner Geliebten sende die Gensdarmen, und im Anblick
1746 2069 1877 2143 kommt.
1907 2108 2917 2153 der Gefahr, in flagranti ertappt zu werden, zerspringt die
1738 2125 1886 2190 ubjekte
1907 2143 2929 2190 schillernde Seifenblese seiner jämmerlichen Liebe zu Jeanne.
1740 2171 1888 2239 lich zu
1908 2178 2925 2244 Er ist nur um seine eigene Rettung besorgt und Jeanne be¬
1902 2219 2918 2266 ginnt endlich, nachdem der Schleier ihrer Illusionen zerrissen
1910 2259 2922 2301 ist, vollständig klar zu sehen. Wie gesagt, das Stück ist eine
1734 2253 1900 2323 #ler be¬
1905 2289 2924 2340 ganz reizende, graziöse Satyre und verdiente es nicht, daß
1741 2313 1899 2376 h indeß
1905 2324 2920 2373 nach Schluß das Publikum zum Theil recht energisch zischte.
1905 2374 2928 2418 Fräulein Rudolfi spielte die Entführte in allen Theilen
1902 2419 2933 2453 mit der richtigen Charakterisirung einer schönen, launischen
1746 2403 1892 2465 len an
1900 2441 2936 2484 Frau, und Herr Stephany kontrastirte daneben sehr gut
1757 2449 1888 2498 Thier¬
1899 2477 2920 2523 als Geck. Wenn er gegen das Ende hin in den gar nicht
1745 2487 1881 2535 Gens¬
1910 2512 2923 2562 zu motivirenden weinerlichen Ton verfiel, so machte dies
1744 2525 1890 2575 eipziger
1913 2556 2926 2601 seinem Geschmack wenig Ehre. Fräulein Mancke spielte die
1728 2562 1887 2611 igen ge¬
1912 2587 2936 2641 Frau von Castelli, die nüchterne, erfahrene Freundin, mit
1736 2592 1890 2646 er hier¬
1913 2626 2929 2673 bestem Erfolg. Eine schöne, abgerundete Leistung bot auch
1743 2633 1888 2690 ein bei
1909 2665 2928 2717 Frä##ein Dalldorf als die anmuthige Wirthin der Schmuggler¬
1735 2674 1898 2726 zen zu
1904 2706 2934 2752 herberge. Die genannte Dame erwirbt sich mit jeder neuen
1763 2713 1890 2762 wenn
1901 2740 2934 2787 Rolle ein höheres Maß von Gunst beim hiesigen Publikum.
1744 2746 1898 2794 Hunde¬
1904 2776 2934 2826 Das Hauptereigniß des Sonntag=Abends war natürlich die
1737 2785 1891 2832 ch kräf¬
1906 2812 2931 2866 auf den Einakter folgende Erstaufführung des Arthur Schnitz¬
1732 2819 1884 2876 ichlichen
1903 2850 2935 2908 ler'schen modernen Dramas „Liebelei.“ Der Autor, ein
1741 2862 1884 2910 m wird
1906 2888 2934 2936 Wiener Arzt, dem man ein riesiges Glück bei den Frauen
1729 2895 1888 2948 mt des¬
1913 2925 2932 2978 nachsagt, ist ein feiner Beobachter und Kenner des mensch¬
1742 2936 1898 2987 dagegen
1902 2958 2937 3004 lichen Gemüths. Er kennt die Wienerinnen von Grund auf,
1737 2973 1893 3022 fahrern,
1909 2998 2935 3045 die lachenden und die weinenden, und er hat uns in seinem
1728 3011 1891 3059 nug be¬
1908 3037 2924 3097 Schauspiel ein Stück Wiener Leben vorgeführt, wie es nicht
1728 3044 1898 3101 rderung
1911 3074 2931 3123 lustiger und andererseits auch nicht trauriger gedacht werden
1832 3092 1895 3131 den
1915 3111 2929 3163 kann. Fritz und Theodor, zwei „junge Leute“, wie sie der
1906 3145 2926 3192 Autor nennt, haben zwei blühende junge Mädchen an sich
1915 3191 2935 3243 gefesselt, Mizi und Christine heißen sie, von denen die
1838 3196 1898 3248 igt
1916 3233 2936 3279 erste ein leichtlebiges, skrupelloses Ding ist, das nicht an
1834 3242 1897 3281 den
1919 3267 2936 3314 morgen denkt, während Christine eine tief angelegte Natur ist,
1911 3299 2944 3352 welche ihren Theodor mit aller Kraft ihrer reinen Seele liebt.
1753 3307 1890 3369 Rhode¬
1907 3342 2925 3389 Und dieser Theodor, der es nicht gern hat. wenn Christine
1917 3370 2910 3423 ihn fragt, wenn sie liebevoll in seinem Innern forscht —
1781 3377 1891 3434 es ge¬
1914 3404 2927 3463 dieser Theodor hat inzwischen auch noch ein Techtelmechtel
1747 3420 1892 3469 #ß und
1905 3450 2932 3508 mit einer verheiratheten Frau. Der Gatte dieser Frau kommt
1748 3458 1891 3514 schäft in
1908 3491 2934 3534 dahinter und fordert Theodor zum Duell. Und während
1748 3497 1898 3542 en der¬
1918 3532 2922 3576 Christine zwei — drei Tage seiner Rückkunft von einer ihr
1735 3527 1890 3581 #nbruch
1909 3568 2939 3611 vorgeredeten Reise harrt, bettet man den im Duell gefallenen
1910 3600 2924 3654 jungen Mann bereits ins kühle Grab. Die Wirkung der im
1855 3609 1900 3657 er
1908 3628 2931 3693 dritten Akt folgenden Enthüllung ist eine gewaltige, tief¬
1908 3672 2924 3717 erschütternde, die den krassesten Gefühlsleugner mit sich fort¬
1919 3714 2933 3761 reißt. Kein übertriebenes Pathos, kein sentimentales Jam¬
1914 3756 2937 3807 mern stört das Ebenmaß der dramatischen Vorgänge; nur
1782 3759 1897 3805 er drei
1918 3786 2930 3828 reine Naturlaute find es, die uns der feinsinnige Dichter zu
1745 3794 1893 3845 huldigt,
1913 3819 2941 3873 Gehör bringt, sei es im lustigen ersten oder im tragischen
1738 3834 1902 3886 haben,
1739 3866 2135 3919 i#e woh= dritten Akt.
1992 3872 2923 3962 Unsere Darsteller übertrafen bei Weitem meine Erwar.
1744 3900 1917 3957 gnet es
