3436 4352
631 149 772 230 lei
411 153 607 232 Liebe
214 125 1330 259 5. Lieselel box 10/1
1660 955 3321 1031 sSchrene er selost in der Tonhaule u.) ähnlichen Localen fjüdischen Wucherers vern
481 996 3327 1070 winden will, nur des Anstandes halber, nur zögernd und  den Antisemitismus predigte, trieb Hammerstein im Namen] der sich mit Hammerste
1670 1115 3328 1182 weiß, der Schwanengesang der Liebe. Ihr Geliebter kehrt liefert sie ihm auch ih
481 1125 1671 1191 mit der Fritz ein Verhältniß unterhalten. Er verlangt die
1669 1168 2846 1228 nicht wieder; er ist im Duell gefallen, er ist schon begraben,
2836 1164 3322 1237 „Ich liebe meinen Ma
490 1171 1688 1245 Briefe seiner Frau zurück, Fritz muß sich morgen mit ihm
2844 1206 3325 1286 mich nicht.“ Ihre Un
1676 1190 2853 1274 als sie wieder von ihm hört. Schon bei ihrem Abschiede von
493 1223 1674 1309 schlagen, und die Mädchen erfahren nichts von dem bedenk¬
2848 1258 3291 1330 erfährt Paul zufällig,
1674 1263 2844 1331 ihm hat sie ihrer leidenschaftlichen, sie ganz erfüllenden und
493 1265 900 1347 lichen Zwischenfall.
1676 1301 2853 1374 beherrschenden Liebe den ergreifendsten und herbsten Aus¬
2843 1303 3321 1380 da Ludwig sie nach lä
582 1298 1681 1385 Nun als Gegensatz die Wohnung Christinens. Katha¬
2850 1354 3303 1429 schleunig abgereist sei.
1672 1359 2849 1417 druck geliehen: „Du bist ja frei, kannst mich verlassen, wie
483 1349 1674 1427 rina Binder, die Frau eines Strumpfwirkers, kommt zu
2840 1398 3321 1471 war ja eine Flucht
1673 1403 2850 1470 du willst! Du hast mir nichts versprochen, und ich hab' von
489 1414 1669 1476 dem Mädchen auf Besuch, um sie zu einer Gartenmusik
1665 1449 2849 1530 dir nichts verlangt. Was dann aus mir wird, es ist ganz
2849 1443 3334 1521 fern, aber man flie
485 1461 1675 1528 einzuladen, da auch ein junger Mann mitgehe, der sich für
2847 1491 3328 1564 Anna, er quält, er folt
1665 1493 2856 1569 einerlei, ich bin doch einmal glücklich gewesen, mehr will ich
497 1501 1681 1565 sie interessire — ein respectabler Mann, der schon eine
2839 1542 3338 1613 an sich halten. Sie brich
1676 1536 2850 1614 ja vom Leben nicht. Ich möchte nur, daß du das weißt und
482 1551 1680 1621 feste Anstellung habe. Christine dankt für die gute Absicht
2853 1590 3327 1657 und liebe ihn noch. um
1680 1597 2843 1670 mir glaubst, daß ich Keinen lieb gehabt vor dir und daß ich
496 1608 1676 1661 der Frau, natürlich ohne die Einladung anzunehmen. Frau
2839 1633 3325 1701 und — es ist ein stark
1669 1639 2829 1706 Keinen lieb haben werde, wenn du mich nimmer willst....“
486 1646 1681 1707 Binder schilt über die heutige Jugend mit ihrem Mangel
2844 1686 3329 1748 empfinde nun Reue üb
1681 1694 2851 1757 Und nun, da sie von seinem Tode hören muß,
500 1696 1680 1761 an solidem Ernst und spinnt dieses Thema weiter als der
2849 1735 3327 1791 Schuld auf ihren Gatte
1672 1721 2856 1806 braust ihr Zorn und ihre Verzweiflung über alle Dämme:
502 1727 1683 1799 Vater Christinens in die Stube tritt. Der alte Geiger ist
2854 1778 3329 1849 seinen Hausfrieden vert
1678 1802 2852 1848 „Und ich hab' ihn angebetet. Hat er denn das nicht gewußt,
502 1787 1686 1850 von den Ansichten der Frau Binder nicht sehr erbaut. Er
2842 1827 3302 1897 Sie habe keine Stütze
1671 1834 2851 1893 daß ich ihm Alles hingegeben hab', was ich ihm hab’ geben
496 1837 1684 1897 denkt über die Freiheit der Jugend, über ihr Recht auf
2848 1870 3322 1945 geschlafen und nicht be
1670 1877 2850 1950 können, daß ich für ihn gestorben wäre; daß er mein Herr¬
488 1884 1676 1951 Lebensgenuß sehr liberal. Seine Schwester, die als bejahrte
2842 1924 3328 1994 in ihr Kissen gebissen ha
1670 1935 2854 1998 gott gewesen und meine Seligkeit, hat er denn das gar
489 1933 1673 2000 Jungfer gestorben, habe sich ganz für ihn geopfert, ohne
2843 1968 3300 2036 Erklärung verläßt sie
1666 1969 2854 2037 nicht bemerkt? Er hat von mir fortgehen können mit einem
492 1972 1672 2042 vom Leben etwas zu genießen. „O, ich hätt' mich am
2855 2014 3322 2081 für immer. Er ist der
1670 2010 2854 2091 Lächeln, fortgehen aus dem Zimmer und sich für eine Andere
490 2024 1684 2087 liebsten vor ihr auf die Knie niedergeworfen, sie um Ver¬
2850 2061 3316 2120 seinen schwankenden 2
1670 2067 2717 2126 niederschießen lassen. Vater, Vater, verstehst du das?“
498 2066 1686 2139 zeihung zu bitten, daß ich sie so gut behütet hab' vor allen
2851 2107 3325 2177 Seinen sachlichen Recht
1766 2102 2845 2179 Solche herrliche Accente der Leidenschaft hat man auf
503 2115 1683 2177 Gefahren — und vor allem Glück!“ Dann zu Frau Binder
2844 2154 3319 2226 Rechte der Seele in A
1676 2158 2849 2218 der deutschen Bühne lange nicht vernommen. Fräulein
500 2171 1677 2231 gewendet: „Was hat denn so ein armes Geschöpf schließlich
1679 2215 2846 2271 Adele Sandrock hat sie auch im dritten Acte ergreifend
2847 2201 3287 2273 hat den Körper nach
491 2224 1675 2276 von dem ganzen großartigen Bewußtsein seiner Tugend,
2840 2254 3318 2328 gödien, die in der Ehe
1670 2254 2854 2325 zum Ausdruck gebracht und in den vorhergehenden Acten
495 2259 1682 2340 wenn schon, nach jahrelangem Warten, richtig der Strumpf¬
1678 2298 2855 2368 künstlerisch vorbereitet. Die beiden jungen Männer, die von
2849 2297 3309 2374 zu Tage kommen, am
503 2293 1680 2371 wirker kommt?“ Der Alte weiß wohl, daß die Strumpf¬
2845 2347 3309 2414 erörtert werden. Mit
1682 2349 2859 2419 den Herren Kutschera und Zeska gegeben wurden,
496 2354 1680 2424 wirkerin in ihrer Mädchenzeit nicht übertrieben tugendhaft
2856 2390 3324 2466 Fall behandelt, er wir
1681 2394 2858 2461 hätten in den ersten Aufzug etwas mehr Heiterkeit bringen
491 2407 1686 2481 gewesen, was die Frau auch reumüthig eingesteht. Reue ist
1682 2450 2852 2507 können. Fräulein Kallina und Fräulein Walbeck
2845 2435 3334 2508 Hoffnung hin und wied
491 2441 1286 2524 ein fremder Gast in dieser Umgebung.
2845 2487 3316 2556 hat das kleine Stück nc
1673 2488 2860 2546 haben die Mizi und die Strumpfwirkerin gut im Wiener
592 2477 1681 2558 Bevor sich Fritz schlägt, macht er einen Besuch bei
2832 2526 3324 2610 den gequälten und quä
1681 2541 2850 2610 Localton gehalten. Die Mizi ist Fräulein Kallina's Julia.
491 2544 1681 2604 Christine, um ihr zu sagen, daß er auf einige Tage ver¬
2853 2577 3331 2651 Kraft eines Erlebnisses.
1765 2587 2850 2647 Vor der „Liebelei“ wurde das einactige Schauspiel
494 2595 1682 2652 reisen müsse. Er ist entzückt von dem guten Mädchen und
2849 2627 3327 2700 Man konnte schon, bevch
1688 2631 2850 2694 „Rechte der Seeie“ von Giacosa gegeben. Das Stück ar¬
493 2640 1680 2696 von Allem, was sie umgibt. Hier ist wieder eine solche hoch
2845 2680 3320 2746 ablesen, aus ihren Bewe
1679 2677 2852 2740 beitet nur mit Vornamen. Also Paul muß erfahren, daß
507 2692 1688 2749 in die Luft hinaufgebaute Stube, mit der Aussicht über die
2853 2727 3310 2791 Energie ohnegleichen hie
1680 2725 2853 2800 sich Ludwig, ein Freund des Hauses, aus Liebe zu Paul's¬
496 2730 1680 2801 Dächer und ganz im Hintergrunde der Kahlenberg. Ge¬
2845 2765 3326 2850 ihren Fingern. Das Ge
1682 2776 2855 2853 Gattin, die Anna heißt, erschossen habe. Paul grübelt über
504 2775 1688 2837 malte Wände, alte Kupferstiche, die Hängelampe, selbst einige
2842 2816 3313 2887 bevor es unter Blitz
1674 2812 2855 2881 die Sache nach und arbeitet an dem Zweifel herum, ob
504 2835 1684 2888 Bücher, darunter natürlich Schiller's Gedichte, auch ein
2845 2870 3331 2936 niederging. Man könn
1675 2870 2855 2930 nicht seine Frau den Verstorbenen geliebt habe. Er hat einen
505 2878 1682 2939 Conversations=Lexikon, das bis zum Buchstaben G reicht.
2842 2914 3321 2994 besser gespielt; aber der
502 2903 2849 2968 Und was hat sie ihm Alles zu sagen, was Jnniges, Süßes, Brief Anna's an Ludwig in seinen Händen, aus dem hervor¬
501 2965 3220 3044 in seiner Einfachheit so Rührendes! Es ist, ohne daß sie es zugehen scheint, daß sie unschuldig sei. Auf sein Andringen1längst verbraucht.
