3436 4192
421 114 814 194 Liebelei
262 117 816 235 5. Jnesenenschentnch
962 117 1389 222 box 12/5
928 1190 2627 1311 zusammen. — Es sind nur Theodor, Mizzi und Christine, die ein kleines
926 1269 2625 1375 Abendbrot mitbringen und die bei Fritz lustig sein wollen, lustig und ausgelassen,
930 1344 2628 1418 wie es eben nur verliebte Leute sind. Theodor und Mlizzi tollen schon herum,
926 1398 2630 1499 lachen und spielen, wie Kinderchen. Christine möchte vielleicht gerne mitmachen,
914 1455 2617 1531 aber etwas sagt ihr — sie sieht es auch — daß Fritz heute für so kindliche
911 1515 2623 1608 Scherze nicht aufgelegt ist. Sie schmiegt sich an ihn. Ihr warmer Blick bittet
923 1580 2630 1661 um Liebe. Die beiden Fidelen bringen Fritz schon in Laune, und das kleine
908 1645 2616 1729 Souper geht dahin unter vergnügtem Plaudern und allerlei Neckereien. Dann
915 1696 2614 1793 muß Fritz Klavier spielen. Einen rechten Hotten Walzer wollen sie tanzen.
904 1733 2626 1832 Fritz spielt, spielt, Christine sieht ihm zu. Und Theodor und Mizzi tanzen,
915 1811 2623 1900 als ob die Welt zerbrechen sollte. Klingelte es nicht? Theodor, der schon weiß,
916 1874 2619 1960 was für Sorgen Fritz bedrücken, hat nichts gehört. Immer spielen, spielen! Viel
914 1938 2611 2024 Lärm machen! Jetzt hat es aber geklingelt. Fritz springt auf und geht hinaus.
914 1990 2615 2067 Blaß kommt er wieder. Ein Blick verständigt Theodor, wer es ist. Die Mädchen
904 2064 2610 2133 und er müssen ins Nebenzimmer. — Herr Fabrikbesitzer Schrolle tritt ein, ein
907 2119 2609 2197 zorniger und entschlossener Mann. Man setzt sich und ein peinliches Schweigen
907 2176 2615 2255 entsteht. Schroll nimmt einen Brief aus der Tasche. Fritz erkennt seine Schrift,
895 2227 2617 2333 er weib an wen er gerichtet ist. — — Er leugnet, Vielleicht ist noch gut zu
897 2290 2601 2364 machen — da wirkt Schroll ein Paketchen auf den Tisch — alles Briefe!! Die
903 2329 2613 2434 beiden Männer sehen sich fest in die Augen. Viel zu sagen ist da nicht mehr
983 2395 1492 2475 hier heißt es handeln!
1014 2456 2608 2557 Theoder versucht zwar seinem Freunle die Gefahr, die dieser Z##ikampf
895 2514 2608 2624 mit sich bringen könnte, auszureden. Fritz Lobheimer weiß aber, dab dieser
890 2584 2604 2683 entschlossene Mann keine Kugel in den Lauf seiner Pistoie schieben wird, ohne
891 2652 1858 2718 sie für seines Rivalen Herz zu bestimmen.
1011 2706 2594 2774 Das so froh begonnene Souper endet für die Mädels ganz unverständlich
892 2766 2593 2833 traurig. Fritz bittet sie zu gehen. Er will allein sein. Mizzi schmollt natürlich.
895 2816 2592 2911 Christine aber hat das Gefühl, als ob ihrem Geliebten etwas zugestoben ist.
878 2868 2609 2984 Sie sieht ihn mir angstvollen Auger an. Dann geht sie, ohne Widerrede. Am
889 2923 1715 3014 anderen Tag wollen sie sich treffen.
