<?xml version="1.0" encoding="UTF-8" standalone="yes"?>
<PcGts xmlns="http://schema.primaresearch.org/PAGE/gts/pagecontent/2013-07-15" xmlns:xsi="http://www.w3.org/2001/XMLSchema-instance" xsi:schemaLocation="http://schema.primaresearch.org/PAGE/gts/pagecontent/2013-07-15 http://schema.primaresearch.org/PAGE/gts/pagecontent/2013-07-15/pagecontent.xsd">
    <Metadata>
        <Creator>prov=University of Rostock/Institute of Mathematics/CITlab/Gundram Leifert/gundram.leifert@uni-rostock.de:name=ONB_Newseye_GT_M1+(htr_id=10810)::::v=2.4.2
prov=University of Rostock/Institute of Mathematics/CITlab/Tobias Gruening/tobias.gruening@uni-rostock.de:name=de.uros.citlab.module.baseline2polygon.B2PSeamMultiOriented:v=2.4.2
prov=University of Rostock/Institute of Mathematics/CITlab/Tobias Gruening/tobias.gruening@uni-rostock.de:name=/mnt/transkribus/LA/DEA/URO/LA_news_onb_att.pb:de.uros.citlab.segmentation.CITlab_LA_ML:v=2.4.2
Transkribus</Creator>
        <Created>2019-10-07T12:03:39.644+02:00</Created>
        <LastChange>2019-10-09T19:14:57.967+02:00</LastChange>
        <TranskribusMetadata docId="223992" pageId="9509974" pageNr="1781" tsid="16683909" status="IN_PROGRESS" userId="40391" imgUrl="https://files.transkribus.eu/Get?id=TBJPXKJOKNHHTVUUMFGBIUGG&amp;fileType=view" xmlUrl="https://files.transkribus.eu/Get?id=FHSFREYIAUEXSSUBRKLYPLGG" imageId="6198676"/>
    </Metadata>
    <Page imageFilename="223992_1781.jpeg" imageWidth="3484" imageHeight="4256">
        <ReadingOrder>
            <OrderedGroup id="ro_1711446466586" caption="Regions reading order">
                <RegionRefIndexed index="0" regionRef="r1"/>
                <RegionRefIndexed index="1" regionRef="r2"/>
                <RegionRefIndexed index="2" regionRef="r3"/>
            </OrderedGroup>
        </ReadingOrder>
        <TextRegion orientation="0.0" id="r1" custom="readingOrder {index:0;}">
            <Coords points="365,183 365,3683 1363,3683 1363,183"/>
            <TextLine id="r1l1" custom="readingOrder {index:0;}">
                <Coords points="371,214 640,224 776,213 767,148 693,173 644,149 609,176 503,150 410,155 371,171"/>
                <Baseline points="377,211 403,211 429,211 455,210 481,210 507,210 533,209 559,209 586,209 612,208 638,208 664,208 690,208 716,209 742,209 769,210"/>
                <TextEquiv>
                    <Unicode>Liebeiei</Unicode>
                </TextEquiv>
            </TextLine>
            <TextLine id="r1l2" custom="readingOrder {index:1;}">
                <Coords points="929,221 1322,228 1357,211 1358,164 1207,151 1146,157 1115,185 1084,166 1035,177 930,148"/>
                <Baseline points="935,208 961,207 987,207 1013,208 1039,209 1065,210 1091,210 1117,211 1143,213 1169,214 1195,215 1221,215 1247,215 1273,215 1299,214 1325,214 1351,212"/>
                <TextEquiv>
                    <Unicode>box 13/4</Unicode>
                </TextEquiv>
            </TextLine>
            <TextLine id="r1l3" custom="readingOrder {index:2;}">
                <Coords points="359,250 407,242 482,262 553,244 703,239 746,257 794,228 784,211 553,224 359,210"/>
                <Baseline points="365,230 391,232 417,233 444,234 470,235 497,235 523,236 550,236 576,236 602,236 629,235 655,235 682,234 708,234 735,232 761,232 788,231"/>
                <TextEquiv>
                    <Unicode></Unicode>
                </TextEquiv>
            </TextLine>
            <TextLine id="r1l4" custom="readingOrder {index:3;}">
                <Coords points="652,736 717,732 733,744 763,725 813,753 1036,750 1034,671 820,673 782,689 751,670 724,682 650,678"/>
                <Baseline points="658,729 684,729 711,728 737,726 764,725 790,723 817,722 843,720 870,719 896,718 923,718 949,718 976,720 1002,722 1029,725"/>
                <TextEquiv>
                    <Unicode>N. e Mrsestehe</Unicode>
                </TextEquiv>
            </TextLine>
            <TextLine id="r1l5" custom="readingOrder {index:4;}">
                <Coords points="362,917 767,936 835,910 1353,909 1192,846 993,896 362,866"/>
                <Baseline points="368,918 419,917 471,916 522,915 574,914 625,912 677,911 728,911 780,910 831,909 883,908 934,908 986,907 1037,907 1089,906 1140,906 1192,906 1243,906 1295,906 1347,906"/>
                <TextEquiv>
                    <Unicode>PeriödicO. ARARRessSeRsRsssseretassAeessesseateeeRestereeeeeeeeee</Unicode>
                </TextEquiv>
            </TextLine>
            <TextLine id="r1l6" custom="readingOrder {index:5;}">
                <Coords points="365,1052 1344,1050 1343,1003 1053,1023 969,993 436,995 365,1029"/>
                <Baseline points="371,1048 419,1046 467,1045 515,1043 564,1042 612,1041 660,1040 709,1040 757,1039 805,1039 854,1038 902,1038 950,1038 998,1037 1047,1037 1095,1037 1143,1036 1192,1036 1240,1036 1288,1035 1337,1034"/>
                <TextEquiv>
                    <Unicode>Ciudad sgeestesesssstasesesssssstrsterstesschgrgessuazeeeeeeee</Unicode>
                </TextEquiv>
            </TextLine>
            <TextLine id="r1l7" custom="readingOrder {index:6;}">
                <Coords points="365,1167 774,1195 882,1167 1354,1172 1353,1128 1018,1147 712,1106 568,1135 493,1107 365,1148"/>
                <Baseline points="371,1170 419,1170 468,1169 517,1169 566,1168 615,1167 663,1166 712,1166 761,1165 810,1164 859,1163 907,1163 956,1162 1005,1162 1054,1162 1103,1161 1151,1161 1200,1161 1249,1161 1298,1162 1347,1162"/>
                <TextEquiv>
                    <Unicode>Fechdesedeaaeet tensenteeeneies tatseesereseteere ee eeee</Unicode>
                </TextEquiv>
            </TextLine>
            <TextLine id="r1l8" custom="readingOrder {index:7;}">
                <Coords points="572,1261 1331,1290 1369,1282 1370,1245 1061,1243 988,1208 811,1200 573,1224"/>
                <Baseline points="578,1259 617,1259 656,1258 695,1258 735,1259 774,1259 813,1260 852,1261 892,1262 931,1263 970,1264 1009,1265 1049,1267 1088,1268 1127,1269 1166,1270 1206,1271 1245,1272 1284,1273 1323,1273 1363,1274"/>
                <TextEquiv>
                    <Unicode>EL MILAERO DE UNA GANCION DE</Unicode>
                </TextEquiv>
            </TextLine>
            <TextLine id="r1l9" custom="readingOrder {index:8;}">
                <Coords points="884,1305 907,1304 924,1318 978,1307 1005,1323 1016,1315 1040,1327 1058,1325 1059,1296 1043,1293 1028,1280 973,1279 964,1272 937,1279 925,1276 909,1290 884,1287"/>
                <Baseline points="890,1309 917,1310 944,1309 971,1310 998,1310 1025,1312 1052,1315"/>
                <TextEquiv>
                    <Unicode>AMOR</Unicode>
                </TextEquiv>
            </TextLine>
            <TextLine id="r1l10" custom="readingOrder {index:9;}">
                <Coords points="579,1446 641,1476 675,1455 1223,1454 1320,1480 1355,1469 1357,1399 1311,1415 1234,1371 958,1381 809,1307 715,1336 674,1309 581,1350"/>
                <Baseline points="585,1437 623,1442 661,1446 699,1449 737,1452 776,1454 814,1456 852,1458 890,1459 928,1460 967,1461 1005,1461 1043,1462 1081,1462 1119,1462 1158,1462 1196,1462 1234,1463 1272,1463 1310,1464 1349,1465"/>
                <TextEquiv>
                    <Unicode>AIEBELEI,</Unicode>
                </TextEquiv>
            </TextLine>
            <TextLine id="r1l11" custom="readingOrder {index:10;}">
                <Coords points="740,1571 878,1546 984,1556 1038,1543 1051,1556 1072,1545 1146,1565 1157,1563 1158,1514 1023,1503 969,1516 888,1505 871,1518 827,1494 770,1520 741,1515"/>
                <Baseline points="746,1545 771,1543 796,1542 821,1542 847,1541 872,1541 897,1542 923,1542 948,1543 973,1543 999,1544 1024,1545 1049,1547 1075,1547 1100,1549 1125,1549 1151,1550"/>
                <TextEquiv>
                    <Unicode>(Amorios)</Unicode>
                </TextEquiv>
            </TextLine>
            <TextLine id="r1l12" custom="readingOrder {index:11;}">
                <Coords points="601,1629 1354,1638 1354,1595 1277,1586 1159,1610 939,1577 833,1604 602,1588"/>
                <Baseline points="608,1620 646,1622 685,1623 724,1623 763,1624 802,1625 841,1626 880,1626 919,1627 958,1628 996,1628 1035,1629 1074,1630 1113,1630 1152,1631 1191,1632 1230,1632 1269,1633 1308,1634 1347,1635"/>
                <TextEquiv>
                    <Unicode>El genio que circula a través de las</Unicode>
                </TextEquiv>
            </TextLine>
            <TextLine id="r1l13" custom="readingOrder {index:12;}">
                <Coords points="564,1665 1214,1689 1361,1678 1362,1656 565,1622"/>
                <Baseline points="570,1662 609,1662 648,1663 687,1664 727,1664 766,1665 805,1666 844,1667 884,1668 923,1668 962,1670 1001,1670 1041,1671 1080,1672 1119,1672 1158,1673 1198,1673 1237,1673 1276,1674 1315,1674 1355,1674"/>
                <TextEquiv>
                    <Unicode>imägenes, movimientos, las expresiones</Unicode>
                </TextEquiv>
            </TextLine>
            <TextLine id="r1l14" custom="readingOrder {index:13;}">
                <Coords points="573,1699 651,1721 1363,1720 1364,1685 1328,1682 574,1666"/>
                <Baseline points="579,1702 617,1702 656,1704 695,1704 734,1705 773,1706 812,1706 851,1706 890,1707 929,1707 968,1707 1006,1708 1045,1708 1084,1709 1123,1709 1162,1709 1201,1710 1240,1711 1279,1712 1318,1713 1357,1714"/>
                <TextEquiv>
                    <Unicode>plästicas y sonoras de (Liebeleis, tienen</Unicode>
                </TextEquiv>
            </TextLine>
            <TextLine id="r1l15" custom="readingOrder {index:14;}">
                <Coords points="574,1748 1273,1765 1355,1760 1356,1728 574,1717"/>
                <Baseline points="580,1739 618,1740 656,1741 695,1743 733,1744 772,1745 810,1745 849,1746 887,1747 926,1747 964,1748 1002,1748 1041,1748 1079,1748 1118,1749 1156,1749 1195,1749 1233,1749 1272,1749 1310,1749 1349,1750"/>
                <TextEquiv>
                    <Unicode>da suprema virtud de impresionar vi¬</Unicode>
                </TextEquiv>
            </TextLine>
            <TextLine id="r1l16" custom="readingOrder {index:15;}">
                <Coords points="579,1786 1311,1802 1354,1799 1355,1760 579,1750"/>
                <Baseline points="585,1776 623,1777 661,1778 699,1780 737,1781 775,1782 813,1783 852,1784 890,1785 928,1786 966,1786 1004,1787 1042,1787 1080,1788 1119,1788 1157,1789 1195,1789 1233,1790 1271,1790 1309,1791 1348,1791"/>
                <TextEquiv>
                    <Unicode>vamente el espiritu. A la vez, alcanza</Unicode>
                </TextEquiv>
            </TextLine>
            <TextLine id="r1l17" custom="readingOrder {index:16;}">
                <Coords points="581,1818 1261,1845 1310,1840 1311,1801 581,1785"/>
                <Baseline points="587,1814 622,1815 658,1816 694,1817 730,1818 766,1820 802,1821 837,1822 873,1823 909,1824 945,1824 981,1825 1017,1826 1053,1827 1088,1827 1124,1828 1160,1828 1196,1828 1232,1828 1268,1828 1304,1828"/>
                <TextEquiv>
                    <Unicode>una eficacia casi divina de creaciön.</Unicode>
                </TextEquiv>
            </TextLine>
            <TextLine id="r1l18" custom="readingOrder {index:17;}">
                <Coords points="608,1860 699,1881 1355,1883 1355,1853 1277,1836 608,1831"/>
                <Baseline points="614,1861 650,1862 687,1863 724,1865 761,1866 797,1867 834,1867 871,1868 908,1869 944,1870 981,1870 1018,1871 1055,1871 1091,1871 1128,1872 1165,1872 1202,1872 1238,1872 1275,1872 1312,1873 1349,1873"/>
                <TextEquiv>
                    <Unicode>Los seres oeupan la pantalla mien¬</Unicode>
                </TextEquiv>
            </TextLine>
            <TextLine id="r1l19" custom="readingOrder {index:18;}">
                <Coords points="571,1911 1029,1924 1059,1906 1268,1929 1341,1915 1356,1881 663,1881 572,1861"/>
                <Baseline points="577,1901 615,1901 654,1902 692,1902 731,1903 770,1904 808,1905 847,1905 885,1906 924,1907 963,1908 1001,1909 1040,1910 1078,1910 1117,1911 1156,1912 1194,1912 1233,1913 1271,1913 1310,1913 1349,1913"/>
                <TextEquiv>
                    <Unicode>tras se desarrolla la mäs sencilla y más</Unicode>
                </TextEquiv>
            </TextLine>
            <TextLine id="r1l20" custom="readingOrder {index:19;}">
                <Coords points="573,1940 1352,1956 1352,1928 1250,1918 574,1911"/>
                <Baseline points="579,1944 617,1943 655,1943 694,1943 732,1943 770,1943 809,1944 847,1945 885,1945 924,1946 962,1947 1000,1947 1039,1948 1077,1949 1115,1949 1154,1950 1192,1950 1230,1951 1269,1951 1307,1951 1346,1951"/>
                <TextEquiv>
                    <Unicode>humana acciön; parece inadmisible que</Unicode>
                </TextEquiv>
            </TextLine>
            <TextLine id="r1l21" custom="readingOrder {index:20;}">
                <Coords points="562,1994 738,1979 1352,2007 1353,1963 563,1948"/>
                <Baseline points="568,1982 606,1981 645,1981 684,1981 723,1982 762,1982 801,1983 840,1983 879,1984 918,1985 957,1985 995,1986 1034,1987 1073,1987 1112,1988 1151,1988 1190,1988 1229,1989 1268,1988 1307,1988 1346,1987"/>
                <TextEquiv>
                    <Unicode>puedan ser actores, es decir, hombres</Unicode>
                </TextEquiv>
            </TextLine>
            <TextLine id="r1l22" custom="readingOrder {index:21;}">
                <Coords points="561,2042 1348,2035 1348,2003 1322,1998 562,1993"/>
                <Baseline points="568,2020 606,2020 645,2020 684,2021 722,2021 761,2022 800,2022 838,2023 877,2023 916,2024 955,2025 993,2026 1032,2026 1071,2027 1109,2027 1148,2027 1187,2027 1225,2027 1264,2027 1303,2026 1342,2025"/>
                <TextEquiv>
                    <Unicode>y mujeres reunidos para un fin concer¬</Unicode>
                </TextEquiv>
            </TextLine>
            <TextLine id="r1l23" custom="readingOrder {index:22;}">
                <Coords points="562,2099 589,2095 612,2111 641,2098 649,2104 658,2098 674,2102 691,2115 712,2108 728,2111 729,2054 697,2050 659,2065 637,2053 619,2057 609,2052 595,2061 580,2054 563,2057"/>
                <Baseline points="569,2086 594,2085 620,2086 645,2086 671,2087 696,2088 722,2087"/>
                <TextEquiv>
                    <Unicode></Unicode>
                </TextEquiv>
            </TextLine>
            <TextLine id="r1l24" custom="readingOrder {index:23;}">
                <Coords points="652,2210 1306,2213 1306,2173 1213,2163 1107,2184 1082,2166 944,2177 853,2154 652,2162"/>
                <Baseline points="658,2192 690,2191 722,2191 754,2191 786,2191 818,2191 850,2191 882,2192 914,2193 946,2194 979,2194 1011,2195 1043,2196 1075,2197 1107,2197 1139,2197 1171,2198 1203,2198 1235,2198 1267,2198 1300,2197"/>
                <TextEquiv>
                    <Unicode>zQuiere reir? — zQuiere ser fellz?</Unicode>
                </TextEquiv>
            </TextLine>
            <TextLine id="r1l25" custom="readingOrder {index:24;}">
                <Coords points="622,2313 1273,2335 1314,2323 1315,2247 1245,2217 1051,2240 833,2215 756,2237 623,2209"/>
                <Baseline points="628,2307 662,2308 696,2310 730,2311 764,2312 798,2313 832,2313 866,2314 900,2314 934,2314 968,2314 1002,2315 1036,2315 1070,2315 1104,2315 1138,2315 1172,2315 1206,2315 1240,2316 1274,2316 1308,2316"/>
                <TextEquiv>
                    <Unicode>RAPTEME USTED</Unicode>
                </TextEquiv>
            </TextLine>
            <TextLine id="r1l26" custom="readingOrder {index:25;}">
                <Coords points="600,2417 636,2412 658,2426 713,2431 775,2419 827,2431 863,2415 940,2434 941,2378 867,2384 806,2365 748,2385 732,2370 686,2382 600,2378"/>
                <Baseline points="606,2405 631,2407 656,2408 681,2408 706,2410 732,2410 757,2411 782,2411 807,2412 833,2412 858,2412 883,2412 908,2412 934,2411"/>
                <TextEquiv>
                    <Unicode></Unicode>
                </TextEquiv>
            </TextLine>
            <TextLine id="r1l27" custom="readingOrder {index:26;}">
                <Coords points="1118,2421 1136,2423 1142,2418 1156,2427 1170,2427 1177,2434 1220,2419 1232,2419 1241,2426 1251,2424 1251,2385 1224,2391 1215,2384 1197,2383 1187,2391 1170,2391 1152,2384 1133,2388 1127,2381 1118,2381"/>
                <Baseline points="1125,2413 1155,2414 1185,2415 1215,2414 1245,2413"/>
                <TextEquiv>
                    <Unicode></Unicode>
                </TextEquiv>
            </TextLine>
            <TextLine id="r1l28" custom="readingOrder {index:27;}">
                <Coords points="567,2481 1097,2504 1181,2485 1346,2509 1346,2466 1296,2447 1188,2468 1047,2426 1000,2446 805,2427 763,2452 568,2429"/>
                <Baseline points="573,2476 611,2476 649,2476 688,2477 726,2477 764,2477 803,2478 841,2479 879,2480 918,2480 956,2481 994,2482 1033,2482 1071,2483 1109,2483 1148,2483 1186,2483 1224,2483 1263,2483 1301,2482 1340,2481"/>
                <TextEquiv>
                    <Unicode>tado, impulsados, doblegados a un jue¬</Unicode>
                </TextEquiv>
            </TextLine>
            <TextLine id="r1l29" custom="readingOrder {index:28;}">
                <Coords points="561,2527 577,2525 601,2541 620,2524 638,2534 709,2514 729,2526 756,2518 791,2534 811,2520 838,2526 838,2502 778,2484 747,2490 732,2481 689,2492 648,2479 595,2487 561,2474"/>
                <Baseline points="567,2518 593,2517 619,2517 646,2517 672,2518 699,2518 725,2518 751,2519 778,2519 804,2519 831,2520"/>
                <TextEquiv>
                    <Unicode>go previsto.</Unicode>
                </TextEquiv>
            </TextLine>
            <TextLine id="r1l30" custom="readingOrder {index:29;}">
                <Coords points="589,2560 696,2585 744,2563 1335,2579 1335,2530 1311,2528 1269,2548 1083,2525 589,2539"/>
                <Baseline points="595,2561 631,2562 668,2563 705,2564 741,2565 778,2566 815,2567 851,2567 888,2568 925,2568 962,2569 998,2569 1035,2569 1072,2570 1108,2570 1145,2570 1182,2570 1218,2570 1255,2570 1292,2569 1329,2569"/>
                <TextEquiv>
                    <Unicode>Llenan la sala de una vida tan pro¬</Unicode>
                </TextEquiv>
            </TextLine>
            <TextLine id="r1l31" custom="readingOrder {index:30;}">
                <Coords points="562,2602 1344,2616 1344,2577 563,2567"/>
                <Baseline points="569,2605 607,2605 645,2604 684,2604 722,2604 761,2605 799,2605 838,2606 876,2606 915,2607 953,2608 991,2608 1030,2609 1068,2609 1107,2609 1145,2610 1184,2610 1222,2609 1261,2609 1299,2608 1338,2607"/>
                <TextEquiv>
                    <Unicode>funda y natural; van tan lejos y con</Unicode>
                </TextEquiv>
            </TextLine>
            <TextLine id="r1l32" custom="readingOrder {index:31;}">
                <Coords points="565,2643 921,2662 1067,2636 1335,2665 1343,2614 565,2615"/>
                <Baseline points="571,2642 609,2642 647,2643 685,2644 724,2644 762,2645 800,2646 838,2647 877,2647 915,2648 953,2648 991,2649 1030,2649 1068,2649 1106,2649 1144,2649 1183,2648 1221,2647 1259,2646 1297,2645 1336,2643"/>
                <TextEquiv>
                    <Unicode>tanta facilidad al fondo de los senti¬</Unicode>
                </TextEquiv>
            </TextLine>
            <TextLine id="r1l33" custom="readingOrder {index:32;}">
                <Coords points="554,2665 684,2694 1334,2701 1334,2662 1303,2655 554,2649"/>
                <Baseline points="560,2678 598,2679 636,2681 675,2682 713,2683 752,2684 790,2685 828,2685 867,2686 905,2686 944,2686 982,2687 1020,2687 1059,2687 1097,2687 1136,2687 1174,2687 1212,2687 1251,2686 1289,2686 1328,2686"/>
                <TextEquiv>
                    <Unicode>mientos, al fondo del dominio carnaly</Unicode>
                </TextEquiv>
            </TextLine>
            <TextLine id="r1l34" custom="readingOrder {index:33;}">
                <Coords points="556,2729 1337,2725 1337,2698 1228,2685 556,2696"/>
                <Baseline points="563,2719 601,2720 639,2720 678,2721 716,2722 755,2723 793,2723 831,2724 870,2725 908,2725 947,2726 985,2726 1023,2726 1062,2726 1100,2726 1139,2725 1177,2725 1215,2724 1254,2723 1292,2721 1331,2719"/>
                <TextEquiv>
                    <Unicode>del fuego espiritual; pasan tan sincera¬</Unicode>
                </TextEquiv>
            </TextLine>
            <TextLine id="r1l35" custom="readingOrder {index:34;}">
                <Coords points="562,2760 1334,2772 1334,2734 1311,2729 563,2727"/>
                <Baseline points="569,2756 608,2757 648,2758 688,2759 728,2760 768,2760 808,2761 848,2762 888,2762 928,2763 968,2764 1008,2764 1048,2764 1088,2764 1128,2765 1168,2764 1208,2764 1248,2764 1288,2764 1328,2763"/>
                <TextEquiv>
                    <Unicode>mente de la alegria al sufrimiento, de</Unicode>
                </TextEquiv>
            </TextLine>
            <TextLine id="r1l36" custom="readingOrder {index:35;}">
                <Coords points="562,2787 600,2810 846,2819 1340,2806 1340,2775 1298,2768 562,2766"/>
                <Baseline points="568,2795 606,2796 644,2796 682,2797 721,2798 759,2799 797,2800 836,2800 874,2801 912,2802 951,2802 989,2803 1027,2803 1065,2803 1104,2803 1142,2803 1180,2803 1219,2802 1257,2802 1295,2800 1334,2799"/>
                <TextEquiv>
                    <Unicode>la ternura a la muerte; en suma, rexis¬</Unicode>
                </TextEquiv>
            </TextLine>
            <TextLine id="r1l37" custom="readingOrder {index:36;}">
                <Coords points="547,2820 829,2855 1341,2839 1341,2804 547,2805"/>
                <Baseline points="553,2832 592,2834 631,2835 670,2836 709,2837 748,2838 787,2839 826,2840 865,2840 904,2841 943,2841 982,2841 1021,2841 1060,2841 1099,2841 1138,2841 1177,2841 1216,2841 1255,2840 1294,2840 1334,2840"/>
                <TextEquiv>
                    <Unicode>tens hasta tal punto, que en aquel mo¬</Unicode>
                </TextEquiv>
            </TextLine>
            <TextLine id="r1l38" custom="readingOrder {index:37;}">
                <Coords points="559,2862 919,2892 1153,2873 1336,2903 1347,2852 559,2837"/>
                <Baseline points="565,2870 603,2871 642,2873 681,2874 720,2875 758,2875 797,2876 836,2877 875,2877 913,2877 952,2878 991,2878 1030,2878 1068,2878 1107,2879 1146,2879 1185,2879 1223,2880 1262,2880 1301,2881 1340,2882"/>
                <TextEquiv>
                    <Unicode>mento und se niega a concebir que sean</Unicode>
                </TextEquiv>
            </TextLine>
            <TextLine id="r1l39" custom="readingOrder {index:38;}">
                <Coords points="552,2904 646,2927 1342,2932 1342,2904 1263,2882 552,2886"/>
                <Baseline points="558,2907 596,2909 635,2910 674,2911 713,2911 752,2912 791,2913 830,2914 869,2914 908,2915 947,2915 985,2916 1024,2916 1063,2916 1102,2917 1141,2917 1180,2917 1219,2917 1258,2917 1297,2917 1336,2918"/>
                <TextEquiv>
                    <Unicode>distintos a como nos los muestra el dra¬</Unicode>
                </TextEquiv>
            </TextLine>
            <TextLine id="r1l40" custom="readingOrder {index:39;}">
                <Coords points="548,2939 619,2962 1218,2972 1339,2947 1222,2921 548,2923"/>
                <Baseline points="554,2948 595,2948 636,2949 677,2950 718,2950 759,2951 800,2952 841,2952 882,2953 923,2954 964,2954 1005,2954 1046,2955 1087,2955 1128,2955 1169,2955 1210,2955 1251,2955 1292,2954 1333,2954"/>
                <TextEquiv>
                    <Unicode>ma, que no esten allá donde les envuel¬</Unicode>
                </TextEquiv>
            </TextLine>
            <TextLine id="r1l41" custom="readingOrder {index:40;}">
                <Coords points="553,2968 608,2995 986,2985 1143,3011 1351,2985 1317,2959 554,2954"/>
                <Baseline points="559,2986 598,2987 637,2987 676,2988 716,2989 755,2989 794,2990 833,2990 873,2991 912,2992 951,2992 990,2992 1030,2993 1069,2993 1108,2994 1147,2994 1187,2994 1226,2994 1265,2994 1304,2994 1344,2994"/>
                <TextEquiv>
                    <Unicode>ve con sus delicadas redes, que tengan</Unicode>
                </TextEquiv>
            </TextLine>
            <TextLine id="r1l42" custom="readingOrder {index:41;}">
                <Coords points="552,3011 714,3043 1337,3044 1313,3001 552,2995"/>
                <Baseline points="558,3025 596,3025 635,3026 673,3027 712,3028 751,3029 789,3029 828,3030 867,3030 905,3031 944,3031 983,3032 1021,3032 1060,3032 1099,3033 1137,3033 1176,3034 1215,3034 1253,3035 1292,3035 1331,3035"/>
                <TextEquiv>
                    <Unicode>otra risa que la que uno espera, otros</Unicode>
                </TextEquiv>
            </TextLine>
            <TextLine id="r1l43" custom="readingOrder {index:42;}">
                <Coords points="557,3070 1218,3086 1313,3077 1337,3044 558,3032"/>
                <Baseline points="563,3066 601,3066 639,3065 678,3065 716,3066 754,3066 793,3067 831,3068 869,3068 908,3069 946,3070 984,3071 1023,3072 1061,3072 1099,3073 1138,3073 1176,3073 1214,3073 1253,3072 1291,3071 1330,3070"/>
                <TextEquiv>
                    <Unicode>dolores que aquellos con los cuales es¬</Unicode>
                </TextEquiv>
            </TextLine>
            <TextLine id="r1l44" custom="readingOrder {index:43;}">
                <Coords points="550,3110 1172,3129 1342,3098 1334,3059 1251,3086 551,3079"/>
                <Baseline points="556,3104 595,3104 634,3104 673,3104 712,3105 751,3105 790,3106 829,3107 868,3107 907,3108 946,3109 985,3109 1024,3110 1063,3110 1102,3111 1141,3111 1180,3111 1219,3111 1258,3111 1297,3110 1336,3109"/>
                <TextEquiv>
                    <Unicode>tan alimentados, emnbellecidos y tortu¬</Unicode>
                </TextEquiv>
            </TextLine>
            <TextLine id="r1l45" custom="readingOrder {index:44;}">
                <Coords points="549,3151 563,3148 577,3153 601,3143 625,3156 651,3155 674,3144 695,3148 710,3143 710,3115 651,3112 644,3105 621,3116 583,3115 575,3107 568,3112 550,3110"/>
                <Baseline points="556,3139 585,3140 615,3139 644,3139 674,3140 704,3141"/>
                <TextEquiv>
                    <Unicode>rados.</Unicode>
                </TextEquiv>
            </TextLine>
            <TextLine id="r1l46" custom="readingOrder {index:45;}">
                <Coords points="586,3200 726,3185 1322,3212 1336,3173 1213,3151 869,3171 840,3151 587,3149"/>
                <Baseline points="592,3186 628,3188 665,3189 702,3190 739,3192 776,3193 813,3193 849,3194 886,3196 923,3196 960,3197 997,3198 1034,3198 1071,3199 1107,3199 1144,3199 1181,3199 1218,3198 1255,3197 1292,3197 1329,3196"/>
                <TextEquiv>
                    <Unicode>Y, en cambio, nada tan diffell de lo¬</Unicode>
                </TextEquiv>
            </TextLine>
            <TextLine id="r1l47" custom="readingOrder {index:46;}">
                <Coords points="558,3239 953,3225 1011,3249 1342,3247 1342,3210 1255,3199 558,3206"/>
                <Baseline points="564,3231 602,3231 641,3231 679,3232 718,3232 757,3233 795,3233 834,3234 872,3234 911,3235 950,3235 988,3236 1027,3236 1065,3237 1104,3237 1143,3237 1181,3237 1220,3237 1258,3236 1297,3236 1336,3235"/>
                <TextEquiv>
                    <Unicode>grar. Este contagio imperioso, indiscu¬</Unicode>
                </TextEquiv>
            </TextLine>
            <TextLine id="r1l48" custom="readingOrder {index:47;}">
                <Coords points="553,3267 1307,3290 1335,3255 553,3241"/>
                <Baseline points="559,3270 597,3270 635,3270 674,3271 712,3271 751,3272 789,3272 828,3273 866,3274 905,3274 943,3275 981,3275 1020,3276 1058,3276 1097,3277 1135,3277 1174,3276 1212,3276 1251,3275 1289,3274 1328,3272"/>
                <TextEquiv>
                    <Unicode>tible, absoluto, de una flcciön; este po¬</Unicode>
                </TextEquiv>
            </TextLine>
            <TextLine id="r1l49" custom="readingOrder {index:48;}">
                <Coords points="560,3310 1328,3324 1321,3278 560,3280"/>
                <Baseline points="566,3308 603,3308 641,3308 679,3309 717,3309 755,3310 792,3311 830,3312 868,3312 906,3313 944,3314 981,3314 1019,3315 1057,3315 1095,3315 1133,3315 1170,3315 1208,3314 1246,3313 1284,3312 1322,3310"/>
                <TextEquiv>
                    <Unicode>der alucinante de un cuento, ya tan ra¬</Unicode>
                </TextEquiv>
            </TextLine>
            <TextLine id="r1l50" custom="readingOrder {index:49;}">
                <Coords points="547,3351 820,3345 949,3369 1211,3349 1292,3369 1337,3340 916,3307 547,3318"/>
                <Baseline points="553,3347 591,3348 630,3348 669,3348 708,3349 747,3349 786,3349 825,3350 864,3350 903,3350 942,3351 980,3351 1019,3351 1058,3351 1097,3351 1136,3351 1175,3351 1214,3351 1253,3350 1292,3350 1331,3349"/>
                <TextEquiv>
                    <Unicode>ros para lus obras en las que el asun¬</Unicode>
                </TextEquiv>
            </TextLine>
            <TextLine id="r1l51" custom="readingOrder {index:50;}">
                <Coords points="545,3386 1297,3404 1331,3402 1332,3367 545,3352"/>
                <Baseline points="551,3382 589,3384 628,3385 667,3385 706,3386 744,3387 783,3388 822,3388 861,3389 899,3389 938,3389 977,3390 1016,3390 1054,3390 1093,3390 1132,3391 1171,3391 1209,3391 1248,3392 1287,3393 1326,3393"/>
                <TextEquiv>
                    <Unicode>toy los personajes nos son familiares,</Unicode>
                </TextEquiv>
            </TextLine>
            <TextLine id="r1l52" custom="readingOrder {index:51;}">
                <Coords points="543,3421 1063,3426 1121,3447 1243,3425 1342,3449 1343,3400 543,3390"/>
                <Baseline points="549,3421 588,3423 627,3423 667,3424 706,3425 745,3426 785,3426 824,3426 863,3427 903,3427 942,3427 981,3427 1021,3428 1060,3428 1099,3428 1139,3428 1178,3429 1217,3429 1257,3430 1296,3430 1336,3431"/>
                <TextEquiv>
                    <Unicode>tenfan en zu contra en -Liebelei= los</Unicode>
                </TextEquiv>
            </TextLine>
            <TextLine id="r1l53" custom="readingOrder {index:52;}">
                <Coords points="548,3476 1331,3470 1331,3444 1266,3430 549,3433"/>
                <Baseline points="555,3459 593,3460 632,3461 670,3461 709,3462 747,3463 786,3463 824,3464 863,3464 901,3465 940,3466 978,3466 1017,3467 1055,3467 1094,3468 1132,3468 1171,3468 1209,3468 1248,3469 1286,3469 1325,3469"/>
                <TextEquiv>
                    <Unicode>vestidos, el znedio, unos usos y und sen¬</Unicode>
                </TextEquiv>
            </TextLine>
            <TextLine id="r1l54" custom="readingOrder {index:53;}">
                <Coords points="551,3498 1311,3521 1328,3477 551,3479"/>
                <Baseline points="557,3501 595,3500 633,3500 671,3500 709,3500 748,3500 786,3501 824,3501 862,3502 900,3503 939,3504 977,3505 1015,3506 1053,3506 1091,3507 1130,3508 1168,3508 1206,3508 1244,3509 1282,3508 1321,3508"/>
                <TextEquiv>
                    <Unicode>sibilidad sin relaciön, ni lazo, ni mnedi¬</Unicode>
                </TextEquiv>
            </TextLine>
            <TextLine id="r1l55" custom="readingOrder {index:54;}">
                <Coords points="552,3536 699,3557 1122,3548 1122,3514 1096,3525 1049,3507 553,3509"/>
                <Baseline points="558,3540 585,3540 613,3540 641,3539 669,3539 697,3540 725,3540 753,3540 781,3540 809,3541 837,3541 864,3542 892,3543 920,3543 948,3544 976,3544 1004,3544 1032,3545 1060,3545 1088,3545 1116,3545"/>
                <TextEquiv>
                    <Unicode>da comün con los nuestros.</Unicode>
                </TextEquiv>
            </TextLine>
            <TextLine id="r1l56" custom="readingOrder {index:55;}">
                <Coords points="573,3587 1252,3607 1309,3600 1339,3542 1147,3566 915,3542 573,3554"/>
                <Baseline points="579,3584 616,3584 654,3583 691,3584 729,3584 767,3585 804,3585 842,3586 880,3587 917,3588 955,3589 993,3590 1030,3591 1068,3591 1106,3592 1143,3593 1181,3593 1219,3593 1256,3593 1294,3592 1332,3592"/>
                <TextEquiv>
                    <Unicode>Estos oflciales austriacos de savant¬</Unicode>
                </TextEquiv>
            </TextLine>
            <TextLine id="r1l57" custom="readingOrder {index:56;}">
                <Coords points="548,3634 714,3615 919,3643 1339,3634 1339,3603 1300,3600 548,3593"/>
                <Baseline points="554,3625 595,3626 636,3627 677,3627 718,3628 759,3629 800,3629 841,3630 882,3630 923,3630 964,3630 1005,3631 1046,3631 1087,3631 1128,3631 1169,3632 1210,3632 1251,3633 1292,3633 1333,3634"/>
                <TextEquiv>
                    <Unicode>guerras esta Öpera de otra época, estos</Unicode>
                </TextEquiv>
            </TextLine>
            <TextLine id="r1l58" custom="readingOrder {index:57;}">
                <Coords points="552,3678 1335,3680 1328,3638 552,3636"/>
                <Baseline points="558,3665 596,3666 635,3666 673,3667 712,3667 750,3668 789,3668 827,3668 866,3668 904,3669 943,3669 981,3669 1020,3669 1058,3669 1097,3670 1135,3670 1174,3670 1212,3671 1251,3672 1289,3672 1328,3673"/>
                <TextEquiv>
                    <Unicode>amorfos odemodése, este baile de un re</Unicode>
                </TextEquiv>
            </TextLine>
            <TextEquiv>
                <Unicode>Liebeiei
box 13/4

N. e Mrsestehe
PeriödicO. ARARRessSeRsRsssseretassAeessesseateeeRestereeeeeeeeee
Ciudad sgeestesesssstasesesssssstrsterstesschgrgessuazeeeeeeee
Fechdesedeaaeet tensenteeeneies tatseesereseteere ee eeee
EL MILAERO DE UNA GANCION DE
AMOR
AIEBELEI,
(Amorios)
El genio que circula a través de las
imägenes, movimientos, las expresiones
plästicas y sonoras de (Liebeleis, tienen
da suprema virtud de impresionar vi¬
vamente el espiritu. A la vez, alcanza
una eficacia casi divina de creaciön.
Los seres oeupan la pantalla mien¬
tras se desarrolla la mäs sencilla y más
humana acciön; parece inadmisible que
puedan ser actores, es decir, hombres
y mujeres reunidos para un fin concer¬

zQuiere reir? — zQuiere ser fellz?
RAPTEME USTED


tado, impulsados, doblegados a un jue¬
go previsto.
Llenan la sala de una vida tan pro¬
funda y natural; van tan lejos y con
tanta facilidad al fondo de los senti¬
mientos, al fondo del dominio carnaly
del fuego espiritual; pasan tan sincera¬
mente de la alegria al sufrimiento, de
la ternura a la muerte; en suma, rexis¬
tens hasta tal punto, que en aquel mo¬
mento und se niega a concebir que sean
distintos a como nos los muestra el dra¬
ma, que no esten allá donde les envuel¬
ve con sus delicadas redes, que tengan
otra risa que la que uno espera, otros
dolores que aquellos con los cuales es¬
tan alimentados, emnbellecidos y tortu¬
rados.
Y, en cambio, nada tan diffell de lo¬
grar. Este contagio imperioso, indiscu¬
tible, absoluto, de una flcciön; este po¬
der alucinante de un cuento, ya tan ra¬
ros para lus obras en las que el asun¬
toy los personajes nos son familiares,
tenfan en zu contra en -Liebelei= los
vestidos, el znedio, unos usos y und sen¬
sibilidad sin relaciön, ni lazo, ni mnedi¬
da comün con los nuestros.
Estos oflciales austriacos de savant¬
guerras esta Öpera de otra época, estos
amorfos odemodése, este baile de un re</Unicode>
            </TextEquiv>
        </TextRegion>
        <TextRegion orientation="0.0" id="r2" custom="readingOrder {index:1;}">
            <Coords points="1385,1299 1385,2657 2178,2657 2178,1299"/>
            <TextLine id="r2l1" custom="readingOrder {index:0;}">
                <Coords points="1455,1348 1623,1333 1730,1361 1910,1331 2099,1348 2098,1266 1698,1305 1454,1289"/>
                <Baseline points="1461,1335 1492,1334 1524,1334 1555,1333 1587,1332 1619,1332 1650,1332 1682,1332 1713,1332 1745,1331 1777,1331 1808,1331 1840,1331 1871,1331 1903,1330 1935,1329 1966,1328 1998,1327 2029,1326 2061,1324 2093,1321"/>
                <TextEquiv>
                    <Unicode>H</Unicode>
                </TextEquiv>
            </TextLine>
            <TextLine id="r2l2" custom="readingOrder {index:1;}">
                <Coords points="1710,1427 1743,1414 1757,1418 1786,1409 1795,1414 1805,1404 1832,1400 1848,1391 1846,1351 1835,1352 1810,1375 1778,1366 1757,1368 1752,1375 1738,1376 1724,1389 1707,1394"/>
                <Baseline points="1715,1409 1740,1407 1766,1403 1791,1401 1817,1400 1843,1403"/>
                <TextEquiv>
                    <Unicode>por</Unicode>
                </TextEquiv>
            </TextLine>
            <TextLine id="r2l3" custom="readingOrder {index:2;}">
                <Coords points="1453,1531 1801,1510 2046,1527 2121,1509 2120,1446 1954,1446 1937,1464 1843,1448 1799,1482 1770,1468 1741,1487 1677,1451 1596,1477 1451,1455"/>
                <Baseline points="1459,1514 1491,1514 1524,1515 1557,1515 1590,1515 1623,1515 1655,1515 1688,1514 1721,1514 1754,1514 1787,1513 1819,1512 1852,1512 1885,1511 1918,1510 1950,1509 1983,1508 2016,1507 2049,1506 2082,1504 2115,1503"/>
                <TextEquiv>
                    <Unicode>MAUUA SCHNEIDER</Unicode>
                </TextEquiv>
            </TextLine>
            <TextLine id="r2l4" custom="readingOrder {index:3;}">
                <Coords points="1455,1637 1614,1622 1662,1644 1858,1618 1917,1641 1953,1620 2115,1618 2114,1558 2089,1552 1924,1555 1850,1600 1755,1563 1454,1567"/>
                <Baseline points="1460,1617 1492,1617 1524,1618 1557,1619 1589,1619 1622,1619 1654,1619 1687,1619 1719,1619 1752,1619 1784,1618 1816,1617 1849,1617 1881,1616 1914,1614 1946,1614 1979,1612 2011,1611 2044,1609 2076,1607 2109,1605"/>
                <TextEquiv>
                    <Unicode>Pröximamente., „Dönde?</Unicode>
                </TextEquiv>
            </TextLine>
            <TextLine id="r2l5" custom="readingOrder {index:4;}">
                <Coords points="1380,1778 1412,1761 1420,1767 1442,1754 1456,1758 1471,1754 1485,1762 1501,1753 1526,1755 1521,1694 1507,1701 1494,1692 1463,1695 1430,1726 1421,1719 1404,1738 1399,1733 1388,1746 1378,1748"/>
                <Baseline points="1385,1755 1411,1752 1438,1748 1465,1746 1492,1745 1519,1745"/>
                <TextEquiv>
                    <Unicode> eenen</Unicode>
                </TextEquiv>
            </TextLine>
            <TextLine id="r2l6" custom="readingOrder {index:5;}">
                <Coords points="1407,1819 1825,1827 2000,1799 2108,1818 2162,1809 2161,1776 1914,1758 1875,1784 1406,1796"/>
                <Baseline points="1413,1820 1450,1818 1487,1817 1524,1815 1561,1813 1598,1812 1635,1811 1672,1810 1709,1809 1746,1808 1784,1807 1821,1806 1858,1805 1895,1804 1932,1804 1969,1803 2006,1802 2043,1801 2080,1800 2117,1799 2155,1797"/>
                <TextEquiv>
                    <Unicode>gimiento desaparecido, estos barones,</Unicode>
                </TextEquiv>
            </TextLine>
            <TextLine id="r2l7" custom="readingOrder {index:6;}">
                <Coords points="1412,1855 2161,1852 2143,1808 1412,1823"/>
                <Baseline points="1419,1855 1455,1854 1492,1853 1529,1853 1566,1853 1603,1852 1639,1852 1676,1851 1713,1851 1750,1850 1787,1850 1823,1849 1860,1848 1897,1848 1934,1846 1971,1845 2007,1844 2044,1842 2081,1841 2118,1839 2155,1836"/>
                <TextEquiv>
                    <Unicode>este duelo, en fln, y esta joven muerta</Unicode>
                </TextEquiv>
            </TextLine>
            <TextLine id="r2l8" custom="readingOrder {index:7;}">
                <Coords points="1411,1907 2091,1900 2173,1876 2174,1855 1410,1870"/>
                <Baseline points="1417,1897 1454,1896 1492,1894 1529,1893 1567,1891 1604,1891 1642,1890 1679,1889 1717,1889 1754,1888 1792,1887 1830,1887 1867,1886 1905,1886 1942,1885 1980,1884 2017,1882 2055,1881 2092,1879 2130,1878 2168,1875"/>
                <TextEquiv>
                    <Unicode>por una pasiön, la fnocencia y la ne¬</Unicode>
                </TextEquiv>
            </TextLine>
            <TextLine id="r2l9" custom="readingOrder {index:8;}">
                <Coords points="1413,1947 2163,1923 2146,1887 1413,1908"/>
                <Baseline points="1419,1931 1455,1931 1492,1930 1529,1929 1566,1929 1603,1928 1640,1928 1676,1927 1713,1927 1750,1926 1787,1926 1824,1925 1861,1924 1898,1923 1934,1922 1971,1922 2008,1921 2045,1920 2082,1919 2119,1917 2156,1916"/>
                <TextEquiv>
                    <Unicode>cesidad de un amor eterno, zcömo po¬</Unicode>
                </TextEquiv>
            </TextLine>
            <TextLine id="r2l10" custom="readingOrder {index:9;}">
                <Coords points="1412,1973 2163,1969 2162,1927 1411,1948"/>
                <Baseline points="1417,1968 1455,1969 1494,1968 1533,1968 1572,1968 1611,1967 1650,1967 1689,1966 1728,1965 1767,1965 1805,1964 1844,1963 1883,1962 1922,1961 1961,1960 2000,1959 2039,1959 2078,1958 2117,1957 2156,1957"/>
                <TextEquiv>
                    <Unicode>dian emocionarnos de otra manera que</Unicode>
                </TextEquiv>
            </TextLine>
            <TextLine id="r2l11" custom="readingOrder {index:10;}">
                <Coords points="1417,2019 2147,2008 2166,1980 1833,1964 1416,1987"/>
                <Baseline points="1422,2009 1458,2007 1495,2006 1532,2006 1569,2005 1606,2005 1643,2004 1680,2004 1717,2004 1754,2003 1791,2003 1827,2003 1864,2002 1901,2002 1938,2001 1975,2000 2012,1999 2049,1998 2086,1997 2123,1994 2160,1993"/>
                <TextEquiv>
                    <Unicode>con las estampas, los grabados, las me¬</Unicode>
                </TextEquiv>
            </TextLine>
            <TextLine id="r2l12" custom="readingOrder {index:11;}">
                <Coords points="1427,2064 1982,2050 2027,2040 2027,2007 1427,2017"/>
                <Baseline points="1433,2045 1462,2044 1491,2043 1521,2043 1550,2042 1580,2042 1609,2041 1638,2041 1668,2041 1697,2041 1727,2041 1756,2040 1785,2040 1815,2040 1844,2039 1874,2039 1903,2038 1932,2037 1962,2036 1991,2035 2021,2033"/>
                <TextEquiv>
                    <Unicode>lodias de perdidas resonancias?</Unicode>
                </TextEquiv>
            </TextLine>
            <TextLine id="r2l13" custom="readingOrder {index:12;}">
                <Coords points="1444,2099 2057,2100 2169,2085 2169,2062 1991,2040 1912,2064 1851,2045 1811,2065 1444,2065"/>
                <Baseline points="1451,2096 1486,2095 1522,2093 1557,2092 1593,2091 1629,2090 1664,2090 1700,2090 1735,2089 1771,2089 1807,2089 1842,2089 1878,2088 1913,2088 1949,2087 1985,2086 2020,2085 2056,2083 2091,2081 2127,2079 2163,2075"/>
                <TextEquiv>
                    <Unicode>[Oué corriente directa, trémula, sen¬</Unicode>
                </TextEquiv>
            </TextLine>
            <TextLine id="r2l14" custom="readingOrder {index:13;}">
                <Coords points="1426,2142 2139,2134 2171,2129 2170,2087 1425,2103"/>
                <Baseline points="1432,2132 1468,2132 1505,2133 1541,2133 1578,2133 1615,2132 1651,2132 1688,2131 1724,2130 1761,2129 1798,2128 1834,2127 1871,2125 1907,2124 1944,2123 1981,2122 2017,2120 2054,2119 2090,2118 2127,2117 2164,2116"/>
                <TextEquiv>
                    <Unicode>sual y sensible podia establecerse con</Unicode>
                </TextEquiv>
            </TextLine>
            <TextLine id="r2l15" custom="readingOrder {index:14;}">
                <Coords points="1411,2187 1719,2166 2103,2180 2167,2158 2150,2125 1410,2151"/>
                <Baseline points="1417,2174 1454,2173 1491,2172 1528,2171 1565,2170 1603,2170 1640,2169 1677,2169 1714,2168 1751,2168 1789,2167 1826,2166 1863,2166 1900,2165 1937,2164 1975,2163 2012,2161 2049,2160 2086,2158 2123,2156 2161,2153"/>
                <TextEquiv>
                    <Unicode>nosotros, cugos sentimientos y sensibi¬</Unicode>
                </TextEquiv>
            </TextLine>
            <TextLine id="r2l16" custom="readingOrder {index:15;}">
                <Coords points="1422,2219 2135,2217 2169,2207 2169,2171 1421,2179"/>
                <Baseline points="1428,2211 1464,2209 1501,2209 1538,2208 1575,2207 1611,2207 1648,2207 1685,2207 1722,2207 1758,2207 1795,2206 1832,2206 1869,2206 1905,2205 1942,2204 1979,2203 2016,2201 2052,2199 2089,2197 2126,2194 2163,2191"/>
                <TextEquiv>
                    <Unicode>lidad han sido atroflados por las co¬</Unicode>
                </TextEquiv>
            </TextLine>
            <TextLine id="r2l17" custom="readingOrder {index:16;}">
                <Coords points="1421,2271 1448,2276 1510,2254 1583,2268 1684,2247 1730,2267 1783,2246 1831,2262 1838,2217 1748,2211 1729,2223 1704,2211 1666,2223 1637,2210 1420,2228"/>
                <Baseline points="1427,2248 1452,2248 1477,2247 1502,2247 1528,2246 1553,2246 1578,2245 1604,2245 1629,2245 1654,2244 1680,2244 1705,2243 1730,2243 1756,2243 1781,2242 1806,2242 1832,2242"/>
                <TextEquiv>
                    <Unicode>rrientes de la épocal</Unicode>
                </TextEquiv>
            </TextLine>
            <TextLine id="r2l18" custom="readingOrder {index:17;}">
                <Coords points="1444,2304 2121,2302 2166,2292 2165,2248 1991,2247 1888,2275 1823,2257 1803,2275 1763,2258 1443,2272"/>
                <Baseline points="1450,2297 1485,2297 1521,2296 1556,2296 1592,2295 1627,2295 1663,2294 1698,2293 1734,2292 1769,2292 1805,2291 1840,2290 1876,2289 1911,2288 1947,2287 1982,2286 2018,2285 2053,2284 2089,2283 2124,2282 2160,2281"/>
                <TextEquiv>
                    <Unicode>Las epopeyas de los agangsters, las</Unicode>
                </TextEquiv>
            </TextLine>
            <TextLine id="r2l19" custom="readingOrder {index:18;}">
                <Coords points="1413,2354 2173,2325 2172,2289 1412,2307"/>
                <Baseline points="1419,2336 1456,2336 1493,2335 1531,2335 1568,2334 1606,2334 1643,2334 1680,2333 1718,2332 1755,2332 1793,2331 1830,2330 1867,2329 1905,2328 1942,2327 1980,2326 2017,2325 2054,2324 2092,2322 2129,2321 2167,2319"/>
                <TextEquiv>
                    <Unicode>convulsiones de un doctor Jeckyll, un</Unicode>
                </TextEquiv>
            </TextLine>
            <TextLine id="r2l20" custom="readingOrder {index:19;}">
                <Coords points="1420,2373 1450,2391 1892,2361 2176,2376 2161,2326 1420,2352"/>
                <Baseline points="1426,2373 1463,2373 1500,2373 1537,2373 1574,2373 1612,2373 1649,2372 1686,2372 1723,2371 1760,2371 1798,2370 1835,2369 1872,2369 1909,2368 1946,2367 1984,2366 2021,2364 2058,2363 2095,2362 2132,2360 2170,2358"/>
                <TextEquiv>
                    <Unicode>sängel azule, una ópera de Quat Sous,</Unicode>
                </TextEquiv>
            </TextLine>
            <TextLine id="r2l21" custom="readingOrder {index:20;}">
                <Coords points="1419,2419 2169,2403 2156,2368 1419,2387"/>
                <Baseline points="1425,2414 1461,2414 1498,2413 1535,2412 1572,2411 1609,2410 1646,2410 1683,2409 1720,2409 1757,2408 1794,2408 1830,2407 1867,2406 1904,2406 1941,2404 1978,2404 2015,2402 2052,2401 2089,2400 2126,2398 2163,2395"/>
                <TextEquiv>
                    <Unicode>la cadena de las prisiones americanas,</Unicode>
                </TextEquiv>
            </TextLine>
            <TextLine id="r2l22" custom="readingOrder {index:21;}">
                <Coords points="1421,2460 2177,2442 2164,2403 1420,2421"/>
                <Baseline points="1427,2451 1464,2450 1501,2450 1538,2449 1575,2448 1612,2448 1649,2447 1687,2446 1724,2446 1761,2446 1798,2445 1835,2445 1872,2444 1909,2443 1947,2443 1984,2442 2021,2441 2058,2440 2095,2439 2132,2438 2170,2437"/>
                <TextEquiv>
                    <Unicode>he aqui lo unico que creiamos capaz de</Unicode>
                </TextEquiv>
            </TextLine>
            <TextLine id="r2l23" custom="readingOrder {index:22;}">
                <Coords points="1419,2501 2171,2485 2169,2442 1418,2462"/>
                <Baseline points="1425,2491 1463,2490 1502,2490 1541,2489 1580,2488 1619,2487 1658,2487 1697,2486 1736,2485 1775,2485 1813,2484 1852,2483 1891,2482 1930,2481 1969,2480 2008,2479 2047,2477 2086,2475 2125,2474 2164,2472"/>
                <TextEquiv>
                    <Unicode>crispar nuestros nervios y soliviantar</Unicode>
                </TextEquiv>
            </TextLine>
            <TextLine id="r2l24" custom="readingOrder {index:23;}">
                <Coords points="1431,2538 1751,2530 1750,2509 1702,2489 1615,2493 1584,2510 1527,2496 1508,2504 1431,2500"/>
                <Baseline points="1437,2529 1462,2528 1488,2527 1514,2526 1539,2525 1565,2525 1591,2525 1616,2525 1642,2524 1668,2524 1693,2524 1719,2524 1745,2523"/>
                <TextEquiv>
                    <Unicode>nuestro espiritu.</Unicode>
                </TextEquiv>
            </TextLine>
            <TextLine id="r2l25" custom="readingOrder {index:24;}">
                <Coords points="1456,2576 1966,2558 1965,2530 1887,2512 1815,2533 1794,2517 1756,2540 1693,2528 1455,2543"/>
                <Baseline points="1461,2566 1487,2566 1513,2565 1539,2565 1566,2565 1592,2564 1618,2564 1644,2563 1671,2562 1697,2562 1723,2561 1749,2561 1776,2560 1802,2559 1828,2558 1854,2557 1881,2556 1907,2555 1933,2554 1960,2552"/>
                <TextEquiv>
                    <Unicode>[Pe# eLiebeleis, Increible!</Unicode>
                </TextEquiv>
            </TextLine>
            <TextLine id="r2l26" custom="readingOrder {index:25;}">
                <Coords points="1450,2613 2181,2591 2180,2562 2145,2543 2113,2571 1449,2573"/>
                <Baseline points="1455,2602 1492,2603 1530,2603 1568,2604 1606,2604 1644,2604 1682,2603 1719,2603 1757,2602 1795,2601 1833,2600 1871,2599 1909,2598 1946,2597 1984,2594 2022,2593 2060,2591 2098,2590 2136,2588 2174,2586"/>
                <TextEquiv>
                    <Unicode>Y, ein embargo, asf sucede desde las</Unicode>
                </TextEquiv>
            </TextLine>
            <TextLine id="r2l27" custom="readingOrder {index:26;}">
                <Coords points="1424,2650 1672,2669 1853,2638 1922,2656 2184,2636 2167,2594 1824,2602 1779,2624 1423,2608"/>
                <Baseline points="1429,2647 1466,2645 1503,2644 1541,2643 1578,2642 1616,2642 1653,2641 1691,2641 1728,2640 1766,2640 1803,2639 1840,2639 1878,2638 1915,2638 1953,2636 1990,2635 2028,2633 2065,2632 2103,2629 2140,2626 2178,2623"/>
                <TextEquiv>
                    <Unicode>primeras escenas. Las personas, el de¬</Unicode>
                </TextEquiv>
            </TextLine>
            <TextEquiv>
                <Unicode>H
por
MAUUA SCHNEIDER
Pröximamente., „Dönde?
 eenen
gimiento desaparecido, estos barones,
este duelo, en fln, y esta joven muerta
por una pasiön, la fnocencia y la ne¬
cesidad de un amor eterno, zcömo po¬
dian emocionarnos de otra manera que
con las estampas, los grabados, las me¬
lodias de perdidas resonancias?
[Oué corriente directa, trémula, sen¬
sual y sensible podia establecerse con
nosotros, cugos sentimientos y sensibi¬
lidad han sido atroflados por las co¬
rrientes de la épocal
Las epopeyas de los agangsters, las
convulsiones de un doctor Jeckyll, un
sängel azule, una ópera de Quat Sous,
la cadena de las prisiones americanas,
he aqui lo unico que creiamos capaz de
crispar nuestros nervios y soliviantar
nuestro espiritu.
[Pe# eLiebeleis, Increible!
Y, ein embargo, asf sucede desde las
primeras escenas. Las personas, el de¬</Unicode>
            </TextEquiv>
        </TextRegion>
        <TextRegion orientation="0.0" id="r3" custom="readingOrder {index:2;}">
            <Coords points="2168,1359 2168,3409 2987,3409 2987,1359"/>
            <TextLine id="r3l1" custom="readingOrder {index:0;}">
                <Coords points="2163,1413 2921,1392 2934,1218 2814,1239 2746,1217 2479,1275 2159,1272"/>
                <Baseline points="2168,1397 2206,1396 2244,1394 2282,1392 2320,1391 2358,1390 2396,1389 2435,1388 2473,1387 2511,1386 2549,1385 2587,1384 2625,1384 2663,1383 2702,1382 2740,1382 2778,1381 2816,1381 2854,1380 2892,1380 2931,1379"/>
                <TextEquiv>
                    <Unicode>en n aenten un vernen</Unicode>
                </TextEquiv>
            </TextLine>
            <TextLine id="r3l2" custom="readingOrder {index:1;}">
                <Coords points="2180,1457 2235,1435 2267,1453 2311,1434 2449,1428 2490,1444 2673,1426 2672,1390 2655,1388 2179,1408"/>
                <Baseline points="2185,1431 2210,1431 2235,1432 2261,1432 2286,1432 2311,1432 2337,1431 2362,1431 2387,1431 2413,1430 2438,1430 2464,1429 2489,1428 2514,1428 2540,1427 2565,1427 2590,1426 2616,1426 2641,1425 2667,1425"/>
                <TextEquiv>
                    <Unicode>vivamente al espectador.</Unicode>
                </TextEquiv>
            </TextLine>
            <TextLine id="r3l3" custom="readingOrder {index:2;}">
                <Coords points="2187,1474 2910,1470 2933,1422 2478,1448 2327,1433 2267,1453 2235,1435 2186,1455"/>
                <Baseline points="2193,1471 2229,1471 2266,1471 2303,1471 2339,1471 2376,1470 2413,1470 2449,1469 2486,1469 2523,1468 2560,1467 2596,1466 2633,1465 2670,1464 2706,1463 2743,1461 2780,1460 2816,1458 2853,1456 2890,1454 2927,1452"/>
                <TextEquiv>
                    <Unicode>La comuniön espiritual entre los ac¬</Unicode>
                </TextEquiv>
            </TextLine>
            <TextLine id="r3l4" custom="readingOrder {index:3;}">
                <Coords points="2175,1515 2942,1506 2942,1459 2175,1482"/>
                <Baseline points="2181,1507 2218,1508 2256,1510 2294,1510 2332,1510 2369,1510 2407,1510 2445,1509 2483,1508 2520,1507 2558,1507 2596,1506 2634,1505 2671,1504 2709,1503 2747,1502 2785,1501 2822,1500 2860,1500 2898,1500 2936,1500"/>
                <TextEquiv>
                    <Unicode>tores y el espectador se establece in¬</Unicode>
                </TextEquiv>
            </TextLine>
            <TextLine id="r3l5" custom="readingOrder {index:4;}">
                <Coords points="2165,1563 2190,1567 2214,1553 2240,1566 2260,1556 2324,1569 2371,1561 2386,1570 2400,1559 2454,1561 2474,1552 2473,1529 2412,1512 2310,1523 2277,1512 2233,1514 2165,1534"/>
                <Baseline points="2171,1549 2197,1547 2224,1547 2251,1546 2278,1545 2305,1545 2332,1545 2359,1545 2386,1545 2413,1544 2440,1544 2467,1542"/>
                <TextEquiv>
                    <Unicode>mediatamente.</Unicode>
                </TextEquiv>
            </TextLine>
            <TextLine id="r3l6" custom="readingOrder {index:5;}">
                <Coords points="2188,1603 2898,1598 2942,1583 2941,1536 2825,1556 2660,1535 2552,1568 2469,1550 2335,1575 2219,1559 2188,1579"/>
                <Baseline points="2195,1594 2232,1594 2269,1594 2306,1594 2343,1594 2380,1594 2417,1594 2454,1594 2491,1593 2528,1593 2565,1592 2602,1591 2639,1591 2676,1589 2713,1588 2750,1587 2787,1586 2824,1584 2861,1582 2898,1579 2935,1577"/>
                <TextEquiv>
                    <Unicode>Hasta el minuto decisivo se sigue y</Unicode>
                </TextEquiv>
            </TextLine>
            <TextLine id="r3l7" custom="readingOrder {index:6;}">
                <Coords points="2175,1639 2885,1635 2949,1619 2948,1578 2174,1611"/>
                <Baseline points="2181,1634 2219,1634 2257,1634 2295,1634 2333,1634 2371,1634 2409,1634 2447,1634 2485,1634 2523,1633 2562,1633 2600,1632 2638,1631 2676,1630 2714,1629 2752,1629 2790,1627 2828,1626 2866,1624 2904,1622 2943,1620"/>
                <TextEquiv>
                    <Unicode>se aprecia el singular sentido artistico,</Unicode>
                </TextEquiv>
            </TextLine>
            <TextLine id="r3l8" custom="readingOrder {index:7;}">
                <Coords points="2231,1672 2305,1690 2768,1660 2845,1678 2958,1650 2957,1618 2803,1640 2231,1640"/>
                <Baseline points="2237,1671 2272,1672 2308,1673 2344,1673 2379,1674 2415,1674 2451,1674 2486,1674 2522,1673 2558,1673 2594,1672 2629,1671 2665,1670 2701,1669 2736,1667 2772,1666 2808,1665 2843,1663 2879,1662 2915,1660 2951,1658"/>
                <TextEquiv>
                    <Unicode>exquisita finura, la fuerza creadora</Unicode>
                </TextEquiv>
            </TextLine>
            <TextLine id="r3l9" custom="readingOrder {index:8;}">
                <Coords points="2173,1702 2179,1701 2191,1689 2201,1689 2208,1683 2213,1684 2215,1681 2226,1679 2221,1643 2211,1646 2202,1641 2192,1645 2186,1642 2181,1649 2177,1648 2175,1651 2166,1652"/>
                <Baseline points="2176,1678 2218,1672"/>
                <TextEquiv>
                    <Unicode>la</Unicode>
                </TextEquiv>
            </TextLine>
            <TextLine id="r3l10" custom="readingOrder {index:9;}">
                <Coords points="2215,1703 2309,1723 2416,1703 2504,1722 2844,1694 2879,1711 2947,1701 2946,1657 2214,1686"/>
                <Baseline points="2221,1707 2257,1708 2293,1709 2329,1710 2365,1710 2401,1710 2437,1711 2473,1710 2509,1710 2545,1710 2581,1709 2617,1708 2653,1707 2689,1706 2725,1705 2761,1702 2797,1701 2833,1699 2869,1697 2905,1694 2941,1692"/>
                <TextEquiv>
                    <Unicode>el genio del invisible maestro que¬</Unicode>
                </TextEquiv>
            </TextLine>
            <TextLine id="r3l11" custom="readingOrder {index:10;}">
                <Coords points="2171,1761 2941,1746 2959,1701 2843,1695 2794,1723 2760,1705 2170,1717"/>
                <Baseline points="2177,1745 2215,1746 2254,1746 2293,1747 2332,1747 2371,1747 2409,1747 2448,1746 2487,1746 2526,1745 2565,1745 2603,1744 2642,1743 2681,1742 2720,1740 2759,1739 2797,1737 2836,1735 2875,1733 2914,1732 2953,1730"/>
                <TextEquiv>
                    <Unicode>mueve los hilos mägicos de la trama.</Unicode>
                </TextEquiv>
            </TextLine>
            <TextLine id="r3l12" custom="readingOrder {index:11;}">
                <Coords points="2203,1796 2809,1777 2835,1796 2956,1773 2955,1745 2911,1739 2301,1770 2202,1754"/>
                <Baseline points="2208,1783 2245,1784 2282,1785 2319,1786 2356,1786 2393,1786 2430,1786 2467,1786 2504,1785 2541,1784 2578,1783 2615,1782 2652,1781 2689,1780 2726,1778 2763,1777 2800,1776 2837,1775 2874,1774 2911,1773 2949,1772"/>
                <TextEquiv>
                    <Unicode>Sus detalles hieren constantemente“</Unicode>
                </TextEquiv>
            </TextLine>
            <TextLine id="r3l13" custom="readingOrder {index:12;}">
                <Coords points="2180,1833 2776,1827 2799,1817 2799,1786 2543,1784 2488,1805 2437,1787 2234,1805 2179,1791"/>
                <Baseline points="2185,1822 2215,1823 2245,1823 2276,1823 2306,1823 2337,1823 2367,1823 2397,1823 2428,1823 2458,1823 2489,1822 2519,1822 2549,1821 2580,1820 2610,1820 2641,1819 2671,1817 2701,1816 2732,1815 2762,1813 2793,1811"/>
                <TextEquiv>
                    <Unicode>la sensibilidad del espectador.</Unicode>
                </TextEquiv>
            </TextLine>
            <TextLine id="r3l14" custom="readingOrder {index:13;}">
                <Coords points="2207,1870 2951,1853 2950,1827 2870,1797 2777,1826 2207,1838"/>
                <Baseline points="2213,1861 2249,1862 2286,1862 2322,1863 2359,1863 2395,1863 2432,1862 2468,1862 2505,1861 2541,1860 2578,1859 2615,1859 2651,1857 2688,1856 2724,1855 2761,1853 2797,1852 2834,1850 2870,1849 2907,1848 2944,1846"/>
                <TextEquiv>
                    <Unicode>Se apoya una y otra vez sobre el obs¬</Unicode>
                </TextEquiv>
            </TextLine>
            <TextLine id="r3l15" custom="readingOrder {index:14;}">
                <Coords points="2183,1906 2924,1895 2963,1854 2183,1869"/>
                <Baseline points="2189,1899 2227,1899 2265,1900 2304,1900 2342,1900 2381,1899 2419,1899 2457,1898 2496,1897 2534,1897 2573,1896 2611,1895 2649,1895 2688,1894 2726,1893 2765,1892 2803,1891 2841,1891 2880,1891 2918,1891 2957,1891"/>
                <TextEquiv>
                    <Unicode>curo teclado de la naturaleza humanal</Unicode>
                </TextEquiv>
            </TextLine>
            <TextLine id="r3l16" custom="readingOrder {index:15;}">
                <Coords points="2179,1945 2971,1935 2970,1882 2179,1916"/>
                <Baseline points="2185,1943 2226,1942 2267,1940 2308,1939 2349,1937 2390,1936 2431,1936 2472,1935 2513,1935 2554,1934 2595,1934 2636,1933 2677,1933 2718,1932 2759,1932 2800,1931 2841,1929 2882,1928 2923,1926 2964,1924"/>
                <TextEquiv>
                    <Unicode>y hace esponder maravillosamente ab</Unicode>
                </TextEquiv>
            </TextLine>
            <TextLine id="r3l17" custom="readingOrder {index:16;}">
                <Coords points="2191,1988 2350,1997 2560,1977 2734,1993 2769,1974 2769,1946 2726,1957 2693,1937 2559,1934 2437,1957 2333,1941 2191,1952"/>
                <Baseline points="2197,1978 2225,1978 2253,1977 2281,1977 2310,1976 2338,1976 2366,1976 2395,1976 2423,1976 2451,1976 2480,1976 2508,1976 2536,1976 2564,1975 2593,1975 2621,1975 2649,1975 2678,1974 2706,1973 2734,1973 2763,1972"/>
                <TextEquiv>
                    <Unicode>cada un de sus llamadas</Unicode>
                </TextEquiv>
            </TextLine>
            <TextLine id="r3l18" custom="readingOrder {index:17;}">
                <Coords points="2206,2028 2956,2025 2955,1981 2867,1975 2206,2004"/>
                <Baseline points="2212,2023 2248,2023 2285,2023 2322,2024 2359,2024 2396,2023 2433,2023 2469,2023 2506,2023 2543,2022 2580,2021 2617,2021 2654,2020 2691,2019 2727,2018 2764,2017 2801,2016 2838,2015 2875,2014 2912,2012 2949,2011"/>
                <TextEquiv>
                    <Unicode>Se admiran las luces, las imägenes,</Unicode>
                </TextEquiv>
            </TextLine>
            <TextLine id="r3l19" custom="readingOrder {index:18;}">
                <Coords points="2183,2074 2665,2073 2954,2042 2902,2019 2182,2026"/>
                <Baseline points="2189,2066 2228,2065 2268,2065 2308,2064 2348,2063 2388,2063 2428,2062 2468,2061 2508,2061 2548,2060 2588,2059 2628,2058 2668,2057 2708,2056 2748,2055 2788,2054 2828,2053 2868,2051 2908,2050 2948,2049"/>
                <TextEquiv>
                    <Unicode>la selecciön de rostros, su füerza emo¬</Unicode>
                </TextEquiv>
            </TextLine>
            <TextLine id="r3l20" custom="readingOrder {index:19;}">
                <Coords points="2191,2113 2852,2105 2946,2092 2946,2054 2190,2074"/>
                <Baseline points="2197,2105 2234,2104 2271,2103 2308,2102 2345,2102 2382,2102 2419,2101 2457,2101 2494,2101 2531,2100 2568,2100 2605,2100 2642,2099 2679,2098 2717,2097 2754,2096 2791,2095 2828,2094 2865,2092 2902,2090 2940,2087"/>
                <TextEquiv>
                    <Unicode>tiva. Se piensa en un romanticismo le¬</Unicode>
                </TextEquiv>
            </TextLine>
            <TextLine id="r3l21" custom="readingOrder {index:20;}">
                <Coords points="2189,2153 2910,2127 2946,2145 2961,2099 2188,2114"/>
                <Baseline points="2195,2144 2233,2143 2271,2141 2309,2140 2347,2139 2385,2139 2423,2138 2461,2138 2499,2138 2537,2138 2575,2138 2613,2138 2651,2138 2689,2137 2727,2136 2765,2135 2803,2134 2841,2131 2879,2129 2917,2127 2955,2123"/>
                <TextEquiv>
                    <Unicode>jano y decantado, en los poemas de Ler¬</Unicode>
                </TextEquiv>
            </TextLine>
            <TextLine id="r3l22" custom="readingOrder {index:21;}">
                <Coords points="2188,2180 2466,2197 2584,2175 2615,2194 2886,2161 2951,2179 2950,2141 2909,2127 2187,2153"/>
                <Baseline points="2194,2184 2231,2182 2269,2180 2306,2178 2344,2177 2381,2176 2419,2175 2456,2175 2494,2174 2531,2174 2569,2174 2606,2173 2644,2173 2681,2173 2719,2172 2756,2172 2794,2171 2831,2171 2869,2169 2906,2168 2944,2166"/>
                <TextEquiv>
                    <Unicode>montoff y en la eseneig melancölica de</Unicode>
                </TextEquiv>
            </TextLine>
            <TextLine id="r3l23" custom="readingOrder {index:22;}">
                <Coords points="2177,2212 2219,2237 2261,2227 2278,2235 2328,2235 2354,2218 2377,2232 2411,2223 2411,2192 2371,2194 2345,2179 2305,2192 2289,2187 2277,2194 2261,2186 2241,2197 2203,2187 2177,2169"/>
                <Baseline points="2184,2218 2211,2216 2239,2216 2266,2215 2294,2215 2322,2215 2349,2216 2377,2216 2405,2215"/>
                <TextEquiv>
                    <Unicode>sus cantos.</Unicode>
                </TextEquiv>
            </TextLine>
            <TextLine id="r3l24" custom="readingOrder {index:23;}">
                <Coords points="2219,2278 2888,2274 2962,2247 2962,2219 2218,2238"/>
                <Baseline points="2225,2262 2261,2263 2298,2264 2334,2264 2371,2264 2407,2264 2444,2264 2480,2264 2517,2263 2553,2263 2590,2262 2627,2261 2663,2260 2700,2259 2736,2259 2773,2258 2809,2257 2846,2256 2882,2256 2919,2255 2956,2255"/>
                <TextEquiv>
                    <Unicode>Pero, de pronto, esta intervenciön del</Unicode>
                </TextEquiv>
            </TextLine>
            <TextLine id="r3l25" custom="readingOrder {index:24;}">
                <Coords points="2196,2311 2946,2295 2934,2257 2884,2276 2769,2258 2195,2274"/>
                <Baseline points="2202,2304 2238,2304 2275,2303 2312,2303 2349,2303 2386,2303 2423,2302 2459,2302 2496,2301 2533,2301 2570,2300 2607,2299 2644,2299 2681,2298 2717,2297 2754,2296 2791,2295 2828,2294 2865,2293 2902,2292 2939,2291"/>
                <TextEquiv>
                    <Unicode>espfritu critico, este velo entre la ac¬</Unicode>
                </TextEquiv>
            </TextLine>
            <TextLine id="r3l26" custom="readingOrder {index:25;}">
                <Coords points="2193,2345 2958,2344 2942,2295 2424,2325 2193,2310"/>
                <Baseline points="2199,2340 2236,2340 2274,2340 2311,2341 2349,2341 2387,2341 2424,2341 2462,2342 2499,2341 2537,2341 2575,2341 2612,2340 2650,2340 2687,2339 2725,2338 2763,2336 2800,2335 2838,2333 2875,2331 2913,2329 2951,2326"/>
                <TextEquiv>
                    <Unicode>ción y uno mismo, se hacen polvo. V</Unicode>
                </TextEquiv>
            </TextLine>
            <TextLine id="r3l27" custom="readingOrder {index:26;}">
                <Coords points="2186,2383 2982,2379 2981,2334 2820,2335 2777,2361 2738,2335 2185,2342"/>
                <Baseline points="2192,2381 2231,2380 2270,2379 2309,2379 2348,2379 2388,2379 2427,2379 2466,2379 2505,2379 2544,2379 2584,2379 2623,2378 2662,2378 2701,2377 2740,2376 2780,2375 2819,2373 2858,2371 2897,2369 2936,2367 2976,2363"/>
                <TextEquiv>
                    <Unicode>reinan ünicamente en la sala silencio-</Unicode>
                </TextEquiv>
            </TextLine>
            <TextLine id="r3l28" custom="readingOrder {index:27;}">
                <Coords points="2195,2429 2960,2419 2959,2369 2937,2368 2195,2391"/>
                <Baseline points="2201,2419 2238,2419 2276,2419 2313,2418 2351,2418 2389,2418 2426,2417 2464,2417 2502,2416 2539,2416 2577,2415 2615,2415 2652,2414 2690,2413 2728,2412 2765,2411 2803,2410 2841,2409 2878,2408 2916,2407 2954,2406"/>
                <TextEquiv>
                    <Unicode>sa y sobre la mister osa superfleie lu¬</Unicode>
                </TextEquiv>
            </TextLine>
            <TextLine id="r3l29" custom="readingOrder {index:28;}">
                <Coords points="2198,2468 2957,2450 2956,2419 2885,2407 2197,2433"/>
                <Baseline points="2204,2460 2241,2459 2278,2459 2316,2459 2353,2458 2390,2457 2428,2456 2465,2455 2502,2454 2540,2453 2577,2452 2614,2452 2652,2451 2689,2450 2726,2449 2764,2449 2801,2448 2838,2448 2876,2448 2913,2448 2951,2449"/>
                <TextEquiv>
                    <Unicode>minosg la juventud de los dos tenientes,</Unicode>
                </TextEquiv>
            </TextLine>
            <TextLine id="r3l30" custom="readingOrder {index:29;}">
                <Coords points="2191,2501 2954,2487 2953,2457 2925,2451 2190,2471"/>
                <Baseline points="2197,2498 2234,2498 2272,2497 2309,2497 2347,2496 2384,2496 2422,2495 2459,2494 2497,2493 2534,2493 2572,2492 2609,2491 2647,2490 2684,2490 2722,2489 2759,2488 2797,2487 2834,2486 2872,2486 2909,2485 2947,2484"/>
                <TextEquiv>
                    <Unicode>la mirada del barön, en cuyos destellos</Unicode>
                </TextEquiv>
            </TextLine>
            <TextLine id="r3l31" custom="readingOrder {index:30;}">
                <Coords points="2183,2541 2935,2535 2959,2495 2182,2509"/>
                <Baseline points="2189,2535 2227,2535 2265,2535 2303,2534 2341,2534 2380,2533 2418,2533 2456,2532 2494,2531 2532,2531 2571,2530 2609,2529 2647,2528 2685,2527 2723,2526 2762,2525 2800,2524 2838,2523 2876,2522 2914,2520 2953,2519"/>
                <TextEquiv>
                    <Unicode>de brillo acerado asoma la luz del des¬</Unicode>
                </TextEquiv>
            </TextLine>
            <TextLine id="r3l32" custom="readingOrder {index:31;}">
                <Coords points="2185,2585 2910,2571 2962,2552 2962,2526 2184,2541"/>
                <Baseline points="2191,2572 2229,2573 2267,2573 2305,2573 2344,2573 2382,2572 2420,2572 2459,2571 2497,2570 2535,2569 2574,2567 2612,2566 2650,2565 2688,2563 2727,2562 2765,2561 2803,2560 2842,2559 2880,2559 2918,2559 2957,2559"/>
                <TextEquiv>
                    <Unicode>tino; la flgurá de Fritz, magnfflcay tan</Unicode>
                </TextEquiv>
            </TextLine>
            <TextLine id="r3l33" custom="readingOrder {index:32;}">
                <Coords points="2191,2611 2600,2621 2694,2598 2956,2619 2955,2573 2929,2565 2190,2582"/>
                <Baseline points="2197,2613 2234,2612 2272,2611 2309,2611 2347,2610 2385,2609 2422,2609 2460,2608 2497,2607 2535,2606 2573,2605 2610,2605 2648,2604 2685,2603 2723,2603 2761,2602 2798,2601 2836,2600 2873,2600 2911,2599 2949,2599"/>
                <TextEquiv>
                    <Unicode>tiernamente marcada por la muerte, y</Unicode>
                </TextEquiv>
            </TextLine>
            <TextLine id="r3l34" custom="readingOrder {index:33;}">
                <Coords points="2195,2673 2268,2648 2585,2640 2850,2658 2979,2635 2979,2601 2575,2628 2194,2614"/>
                <Baseline points="2201,2657 2239,2654 2278,2651 2316,2649 2355,2647 2394,2646 2432,2646 2471,2645 2509,2644 2548,2644 2587,2644 2625,2644 2664,2644 2702,2644 2741,2644 2780,2644 2818,2643 2857,2642 2895,2641 2934,2640 2973,2638"/>
                <TextEquiv>
                    <Unicode>Los labios cändidos, amorosos y dulces</Unicode>
                </TextEquiv>
            </TextLine>
            <TextLine id="r3l35" custom="readingOrder {index:34;}">
                <Coords points="2183,2716 2230,2712 2261,2689 2377,2707 2441,2689 2626,2696 2687,2683 2687,2666 2586,2640 2491,2662 2433,2649 2182,2658"/>
                <Baseline points="2189,2688 2214,2687 2240,2687 2266,2686 2292,2686 2318,2686 2344,2686 2370,2686 2396,2686 2422,2686 2447,2686 2473,2686 2499,2686 2525,2685 2551,2685 2577,2685 2603,2684 2629,2683 2655,2683 2681,2682"/>
                <TextEquiv>
                    <Unicode>Fde la pequesia Cristiana.</Unicode>
                </TextEquiv>
            </TextLine>
            <TextLine id="r3l36" custom="readingOrder {index:35;}">
                <Coords points="2230,2744 2957,2730 2956,2689 2890,2674 2713,2710 2661,2688 2230,2706"/>
                <Baseline points="2237,2730 2272,2731 2308,2731 2344,2732 2379,2732 2415,2732 2451,2732 2486,2732 2522,2731 2558,2731 2594,2730 2629,2730 2665,2729 2701,2728 2736,2728 2772,2727 2808,2726 2843,2725 2879,2724 2915,2723 2951,2721"/>
                <TextEquiv>
                    <Unicode>Y cuando el trineo pasa a través de</Unicode>
                </TextEquiv>
            </TextLine>
            <TextLine id="r3l37" custom="readingOrder {index:36;}">
                <Coords points="2179,2799 2207,2777 2959,2764 2958,2728 2178,2737"/>
                <Baseline points="2185,2774 2223,2773 2261,2772 2300,2772 2338,2772 2377,2771 2415,2771 2453,2770 2492,2770 2530,2770 2569,2769 2607,2768 2645,2768 2684,2767 2722,2766 2761,2766 2799,2765 2837,2764 2876,2762 2914,2761 2953,2759"/>
                <TextEquiv>
                    <Unicode>los árboles helados llevando la dulce y</Unicode>
                </TextEquiv>
            </TextLine>
            <TextLine id="r3l38" custom="readingOrder {index:37;}">
                <Coords points="2184,2800 2365,2824 2956,2810 2973,2756 2184,2792"/>
                <Baseline points="2191,2811 2229,2810 2268,2809 2307,2808 2346,2808 2385,2807 2423,2807 2462,2807 2501,2806 2540,2806 2579,2806 2617,2806 2656,2805 2695,2805 2734,2804 2773,2803 2811,2802 2850,2802 2889,2801 2928,2799 2967,2797"/>
                <TextEquiv>
                    <Unicode>terrible promesa de los amantes, en los</Unicode>
                </TextEquiv>
            </TextLine>
            <TextLine id="r3l39" custom="readingOrder {index:38;}">
                <Coords points="2197,2852 2491,2845 2593,2867 2882,2840 2966,2859 2965,2808 2935,2806 2197,2819"/>
                <Baseline points="2203,2851 2240,2849 2278,2848 2316,2847 2354,2846 2392,2846 2429,2846 2467,2845 2505,2845 2543,2845 2581,2845 2618,2845 2656,2845 2694,2845 2732,2844 2770,2844 2807,2843 2845,2842 2883,2840 2921,2839 2959,2836"/>
                <TextEquiv>
                    <Unicode>surcos nevados se marca la mancha trä¬</Unicode>
                </TextEquiv>
            </TextLine>
            <TextLine id="r3l40" custom="readingOrder {index:39;}">
                <Coords points="2199,2902 2538,2886 2635,2900 2635,2858 2599,2869 2540,2849 2199,2865"/>
                <Baseline points="2205,2890 2231,2889 2258,2888 2284,2887 2311,2887 2337,2886 2364,2885 2390,2885 2417,2884 2443,2884 2470,2884 2496,2883 2523,2883 2549,2883 2576,2882 2602,2882 2629,2881"/>
                <TextEquiv>
                    <Unicode>gica y desgarradora.</Unicode>
                </TextEquiv>
            </TextLine>
            <TextLine id="r3l41" custom="readingOrder {index:40;}">
                <Coords points="2227,2938 2973,2938 2972,2904 2898,2884 2226,2902"/>
                <Baseline points="2233,2934 2269,2934 2306,2934 2343,2934 2379,2934 2416,2934 2453,2933 2489,2933 2526,2933 2563,2932 2600,2932 2636,2931 2673,2930 2710,2930 2746,2929 2783,2928 2820,2927 2856,2926 2893,2925 2930,2925 2967,2924"/>
                <TextEquiv>
                    <Unicode>He sabido luego que el smetteur en</Unicode>
                </TextEquiv>
            </TextLine>
            <TextLine id="r3l42" custom="readingOrder {index:41;}">
                <Coords points="2201,2987 2965,2961 2964,2935 2925,2926 2633,2952 2572,2923 2494,2951 2200,2942"/>
                <Baseline points="2207,2972 2244,2973 2282,2973 2319,2973 2357,2973 2395,2973 2432,2973 2470,2973 2507,2972 2545,2972 2583,2972 2620,2971 2658,2970 2695,2969 2733,2969 2771,2968 2808,2967 2846,2966 2883,2965 2921,2964 2959,2963"/>
                <TextEquiv>
                    <Unicode>scènes era M. Ophuls, que el teniente</Unicode>
                </TextEquiv>
            </TextLine>
            <TextLine id="r3l43" custom="readingOrder {index:42;}">
                <Coords points="2201,3024 2821,3020 2975,2990 2965,2949 2849,2977 2201,2987"/>
                <Baseline points="2207,3016 2245,3015 2283,3014 2321,3014 2359,3013 2397,3013 2435,3013 2473,3013 2511,3013 2549,3012 2588,3012 2626,3012 2664,3011 2702,3011 2740,3010 2778,3009 2816,3008 2854,3006 2892,3004 2930,3002 2969,2999"/>
                <TextEquiv>
                    <Unicode>Fritz se llamaba en la vida real Wolf¬</Unicode>
                </TextEquiv>
            </TextLine>
            <TextLine id="r3l44" custom="readingOrder {index:43;}">
                <Coords points="2203,3062 2915,3054 2993,3039 2993,2994 2932,3018 2203,3031"/>
                <Baseline points="2209,3057 2247,3055 2286,3054 2325,3053 2364,3052 2403,3052 2442,3051 2481,3051 2520,3051 2559,3050 2598,3050 2636,3050 2675,3050 2714,3049 2753,3048 2792,3048 2831,3047 2870,3046 2909,3044 2948,3042 2987,3040"/>
                <TextEquiv>
                    <Unicode>geng Liebebener y eu prometida Madga</Unicode>
                </TextEquiv>
            </TextLine>
            <TextLine id="r3l45" custom="readingOrder {index:44;}">
                <Coords points="2203,3103 2887,3093 2975,3079 2975,3037 2202,3061"/>
                <Baseline points="2209,3092 2247,3092 2285,3092 2323,3092 2361,3091 2399,3091 2437,3091 2475,3090 2513,3090 2551,3090 2589,3089 2627,3088 2665,3088 2703,3087 2741,3086 2779,3085 2817,3083 2855,3082 2893,3080 2931,3079 2969,3077"/>
                <TextEquiv>
                    <Unicode>Schneider. Péro no quise pensar en</Unicode>
                </TextEquiv>
            </TextLine>
            <TextLine id="r3l46" custom="readingOrder {index:45;}">
                <Coords points="2207,3140 2967,3123 2966,3088 2939,3082 2206,3104"/>
                <Baseline points="2213,3130 2250,3130 2287,3130 2325,3130 2362,3129 2400,3129 2437,3128 2474,3128 2512,3127 2549,3126 2587,3125 2624,3124 2661,3123 2699,3122 2736,3121 2774,3121 2811,3119 2848,3118 2886,3117 2923,3117 2961,3115"/>
                <TextEquiv>
                    <Unicode>ellos mas que un instante, a fin de ex¬</Unicode>
                </TextEquiv>
            </TextLine>
            <TextLine id="r3l47" custom="readingOrder {index:46;}">
                <Coords points="2205,3183 2963,3168 2948,3124 2204,3137"/>
                <Baseline points="2211,3170 2248,3169 2285,3168 2322,3167 2360,3167 2397,3165 2434,3165 2472,3164 2509,3163 2546,3162 2584,3161 2621,3161 2658,3160 2695,3160 2733,3159 2770,3158 2807,3158 2845,3157 2882,3157 2919,3156 2957,3156"/>
                <TextEquiv>
                    <Unicode>presarles un reconocimiento profundo,</Unicode>
                </TextEquiv>
            </TextLine>
            <TextLine id="r3l48" custom="readingOrder {index:47;}">
                <Coords points="2207,3223 2918,3201 2917,3164 2206,3187"/>
                <Baseline points="2213,3205 2247,3205 2282,3205 2317,3204 2352,3204 2387,3204 2422,3203 2457,3203 2492,3202 2527,3202 2562,3201 2596,3200 2631,3199 2666,3198 2701,3197 2736,3195 2771,3194 2806,3193 2841,3191 2876,3188 2911,3186"/>
                <TextEquiv>
                    <Unicode>asi como a todos sus colaboradores.</Unicode>
                </TextEquiv>
            </TextLine>
            <TextLine id="r3l49" custom="readingOrder {index:48;}">
                <Coords points="2226,3259 2688,3250 2763,3227 2967,3247 2973,3195 2225,3213"/>
                <Baseline points="2231,3242 2267,3242 2304,3242 2341,3242 2378,3242 2415,3242 2451,3241 2488,3240 2525,3239 2562,3239 2599,3237 2635,3236 2672,3235 2709,3234 2746,3233 2783,3232 2819,3230 2856,3229 2893,3228 2930,3227 2967,3225"/>
                <TextEquiv>
                    <Unicode>El mejor elogio que puede hacèrseles</Unicode>
                </TextEquiv>
            </TextLine>
            <TextLine id="r3l50" custom="readingOrder {index:49;}">
                <Coords points="2195,3313 2272,3281 2532,3297 2612,3272 2691,3289 2964,3265 2963,3234 2194,3248"/>
                <Baseline points="2201,3281 2238,3282 2276,3283 2314,3283 2352,3283 2390,3282 2427,3282 2465,3281 2503,3280 2541,3278 2579,3276 2616,3275 2654,3274 2692,3272 2730,3271 2768,3270 2805,3269 2843,3268 2881,3267 2919,3267 2957,3267"/>
                <TextEquiv>
                    <Unicode>no es, por ventura, el olvidarles, port</Unicode>
                </TextEquiv>
            </TextLine>
            <TextLine id="r3l51" custom="readingOrder {index:50;}">
                <Coords points="2211,3342 2750,3305 2967,3332 2965,3265 2210,3294"/>
                <Baseline points="2217,3320 2254,3321 2291,3321 2328,3321 2365,3320 2403,3320 2440,3319 2477,3318 2514,3317 2551,3315 2589,3314 2626,3313 2663,3311 2700,3310 2737,3309 2775,3307 2812,3306 2849,3305 2886,3304 2923,3304 2961,3304"/>
                <TextEquiv>
                    <Unicode>sus personajes creados en -Liebelein.</Unicode>
                </TextEquiv>
            </TextLine>
            <TextLine id="r3l52" custom="readingOrder {index:51;}">
                <Coords points="2235,3385 2291,3360 2400,3353 2462,3376 2553,3354 2632,3372 2787,3358 2786,3322 2759,3314 2234,3335"/>
                <Baseline points="2241,3361 2268,3360 2295,3359 2322,3358 2349,3357 2376,3357 2403,3356 2430,3355 2457,3354 2484,3353 2511,3353 2538,3352 2565,3351 2592,3350 2619,3350 2646,3349 2673,3348 2700,3347 2727,3346 2754,3344 2781,3343"/>
                <TextEquiv>
                    <Unicode>(De aEl Mundo Deportivos.)</Unicode>
                </TextEquiv>
            </TextLine>
            <TextLine id="r3l53" custom="readingOrder {index:52;}">
                <Coords points="2810,3416 2830,3416 2842,3424 2871,3404 2901,3416 2919,3416 2939,3405 2950,3407 2950,3381 2913,3373 2901,3365 2892,3367 2872,3356 2857,3357 2838,3371 2820,3359 2810,3360"/>
                <Baseline points="2816,3397 2841,3398 2867,3397 2892,3397 2918,3397 2944,3399"/>
                <TextEquiv>
                    <Unicode>J. K.</Unicode>
                </TextEquiv>
            </TextLine>
            <TextEquiv>
                <Unicode>en n aenten un vernen
vivamente al espectador.
La comuniön espiritual entre los ac¬
tores y el espectador se establece in¬
mediatamente.
Hasta el minuto decisivo se sigue y
se aprecia el singular sentido artistico,
exquisita finura, la fuerza creadora
la
el genio del invisible maestro que¬
mueve los hilos mägicos de la trama.
Sus detalles hieren constantemente“
la sensibilidad del espectador.
Se apoya una y otra vez sobre el obs¬
curo teclado de la naturaleza humanal
y hace esponder maravillosamente ab
cada un de sus llamadas
Se admiran las luces, las imägenes,
la selecciön de rostros, su füerza emo¬
tiva. Se piensa en un romanticismo le¬
jano y decantado, en los poemas de Ler¬
montoff y en la eseneig melancölica de
sus cantos.
Pero, de pronto, esta intervenciön del
espfritu critico, este velo entre la ac¬
ción y uno mismo, se hacen polvo. V
reinan ünicamente en la sala silencio-
sa y sobre la mister osa superfleie lu¬
minosg la juventud de los dos tenientes,
la mirada del barön, en cuyos destellos
de brillo acerado asoma la luz del des¬
tino; la flgurá de Fritz, magnfflcay tan
tiernamente marcada por la muerte, y
Los labios cändidos, amorosos y dulces
Fde la pequesia Cristiana.
Y cuando el trineo pasa a través de
los árboles helados llevando la dulce y
terrible promesa de los amantes, en los
surcos nevados se marca la mancha trä¬
gica y desgarradora.
He sabido luego que el smetteur en
scènes era M. Ophuls, que el teniente
Fritz se llamaba en la vida real Wolf¬
geng Liebebener y eu prometida Madga
Schneider. Péro no quise pensar en
ellos mas que un instante, a fin de ex¬
presarles un reconocimiento profundo,
asi como a todos sus colaboradores.
El mejor elogio que puede hacèrseles
no es, por ventura, el olvidarles, port
sus personajes creados en -Liebelein.
(De aEl Mundo Deportivos.)
J. K.</Unicode>
            </TextEquiv>
        </TextRegion>
    </Page>
</PcGts>
