3436 4224
438 136 668 216 Liebe
942 134 1406 236 box 10/3
251 136 872 251 5. Liesslei
781 1310 3037 1405 e hatte im Jahre] Mitglied der ersten Kammer, Wer“ 20 ds Abge= Dilecior der Colonialabtheilung Dr. Kayser]
1768 1386 1953 1458 TOT
2987 1435 3349 1510 anders sein, Ma
269 1442 2985 1516 der etwaige Vorrath an neuen dramatischen Er= Aufführungen über sich hinwegrasen. Erfahrungs= Herausforderung in unvermeidlich. Diese Scene,
2078 1493 3344 1551 obenein in einem „realistischen“ Drama, wirkt denken, wohmn diese
1200 1501 2100 1559 mäßig gestaltet sich auch die Vorstellung in den
260 1484 1195 1573 scheinungen, welche mit gewissen elektrischen Ent¬
2095 1520 3357 1595 unsagbar komisch. Man jragt sich unwillkürlich, Natur unsere nie
270 1553 2097 1610 ladungen verbunden zu sein pflegen, ist wohl! späteren Aufführungen glatter und abgerundeter.!
2094 1565 3353 1638 in welch' einer sonderbaren Gesellschaft Herrj unsere realistischen
1180 1578 2085 1656 Wem also nicht unbedingt duran gelegen ist, die
270 1595 1197 1654 schon in den jüngst vergangenen Monaten auf¬
2988 1616 3358 1684 wird. Bis zu „unc
2085 1629 2993 1678 Schnitzler sich bewegen mag. Man begriffe es
1191 1625 2084 1690 Kritik=Milch am nächsten Morgen „kuhwarm“
275 1642 1194 1704 gebraucht worden. Stücke wie der „Florian
2982 1661 3352 1728 haben es die Herre
2095 1660 2999 1728 noch allenfalle, wenn der in seiner Ehre gekränkte
1180 1664 2099 1739 so zu sagen hinunter zu schlürfen, der sollte sich
273 1681 1196 1741 Geyer“, der „König Heinrich“, die „Jahreswende“
2988 1694 3327 1768 Schnitzler läßt se
2090 1721 2998 1770 Gatte den Ehebrecher einfach durchpeitschte, anstatt
1188 1711 2096 1772 und dem Beurtheiler ein wenig Zeit gönnen.
273 1725 1193 1777 sind für die nächsten Wochen kaum noch zu er¬
2992 1747 3301 1813 armung ganze
2084 1759 2985 1822 ihm seine Zeugen zu schicken. Allein, in die Woh¬
1197 1764 2086 1818 Beide Theile, Künstler wie Kritiker, würden durch
276 1763 1192 1823 warten. Was noch etwa an Neuaufführungen
2983 1799 3346 1854 harren! Aber so
2096 1798 2996 1856 nung des Eheore ers eindringen und dort eine
1195 1811 2084 1868 einen derartigen mäßigen Zetaufschub nur e¬
280 1822 1199 1876 uns beschieden sein sollte, würde voraussichtlich
2978 1837 3344 1900 das ist ja eben das
2083 1843 2991 1901 lächerliche cene aufführen, das vermag ein ver¬
1200 1856 2093 1905 winnen. Man braucht dann nic t fast ausschließlich
273 1858 1200 1913 nur als die übliche marktgängige Theaterwaare
2997 1865 3352 1941 mit solcher Stim
2086 1883 2986 1943 nünftig, natürlich, also in Wahrheit realistisch
1198 1900 2087 1964 mit Stimmungsausbruchen stau mit begrundeten
275 1898 1195 1958 anzusprechen sein mit einer mehr oder weniger
2982 1924 3347 1978 Dichtkunst, die vo
2087 1929 2988 1981 denkender Mensch sich nicht vorzustellen. Doß
1193 1929 2101 2008 Urtheilen vorlieb zu nehmen. So viel zu unserer
268 1944 1202 2001 ansprechenden Verpackung. Man weiß aber doch
2988 1960 3346 2030 dung auf das Wor
2087 1975 2988 2028 etwis vorgeht, hat die zart empfindende Christin¬
1191 1987 2099 2046 eigenen Entschuldigung, wenn wir zuweilen mit
265 1988 1188 2037 aus den Berichten unserer Consularbeamten,
2985 2002 3351 2067 wortloser Momen#
2083 2010 2999 2083 längst errathen. Aber was? Die Ungewißheit
1204 2027 2089 2095 unseren „Theaterbriefen“ ein wenig später uns
269 2035 1204 2091 welch eine entscheidende Rolle im Waarenverkehr
2989 2051 3347 2121 höchsten Wirkung
2089 2048 2994 2114 ängstigt sie. Dem Vater hat sie Alles ein¬
1190 2077 1804 2143 einstellen. Und nur zur Sache:
271 2068 1198 2136 die gefällige Art der Verpackung spielt. Gegen¬
2991 2085 3354 2154 darf eben nur i
2093 2090 2994 2170 gestanden. Allein dieser gönnt dem jungen
1229 2096 2088 2161 Mit einer Alltagsgeschichte aus dem Leben der
274 2111 1209 2172 wärtig erfreut sich die in schreienden Farben aus¬
2988 2138 3347 2196 brauch gemacht wer
2087 2146 3002 2206 Kinde sein Glück. Für gewöhnlich pflegen
1202 2133 2102 2205 Großstadt — diesmal ist es Wien — hat sich
278 2157 1202 2226 geführte sogenannte naturalistische Verpackung
2986 2181 3344 2248 verlegen dagegen
2103 2186 2992 2241 Väter in derlei Siinationen doch ein wenig in
1194 2196 2098 2260 Heir Arthur Schnitzler den verliner Besuchern
279 2187 1199 2259 eines längst bekannten Webestoffes einer immer
2983 2211 3360 2288 sochen in die Ann
2100 2230 2989 2285 Wallung zu gerathen. Unser Geiger dagegen lebt
1195 2243 2099 2298 des Deutschen Theaters vorgestellt. Es ist
262 2241 1204 2302 noch sehr stark ausgesprochenen Beliebtheit in ge¬
2997 2272 3344 2332 Es ist geradezu lach
2093 2277 2997 2333 vollständig in der Welt von jenseite von gut und
1196 2281 2092 2342 eine „Liebelei“, die sich zwischen ein Paar
276 2282 1203 2347 wissen Kreisen; allein eine Wendung im Geschmack
2985 2304 3354 2379 den Schau,pieler
2098 2320 2995 2378 wahr. Sein einziges Trachten geht darauf aus,
1194 2327 2095 2381 jungen Officieren und zwei Mädchen aus dem
277 2334 1208 2394 ist doch anderseits nicht ganz zu verkennen. Wir
2985 2346 3347 2420 Herren Dichter un
2108 2363 3001 2413 dem Kinde die schwermüthigen Gedanken zu be¬
1193 2368 2098 2429 Volfe abspielt. Die Paare sind streng symmetrisch,
277 2372 1196 2444 scheinen in dieser Hinsicht den Höhepunkt über¬
2986 2395 3349 2463 knappe Ausdrucks
2092 2403 2996 2461 nehmen, die ihm während der Abweienheit des
1195 2415 2099 2465 aber gleichwohl streng gegensätzlich geordnet. Das
280 2422 1200 2482 schritten zu haben, und die Ernüchterung nach
2992 2441 3350 2503 Schauspielern in 5
2096 2447 3008 2504 Gelieoten gekommen sind. Die grausige Wahrheit
1207 2457 2103 2510 eine Paar ist lustig, leichtpunig, in den Tag
270 2462 1205 2520 einem nur schon allzu lange anhaltenden litera¬
2983 2482 3353 2552 führung lossen sie
2098 2490 3002 2545 läßt nicht lange auf sich warten. Der Geliehte ist
1198 2499 2099 2554 hinein lebend. Er mag sie, sie ihn; der Zufall
279 2511 1206 2565 rischen Katzenjammer dürfte wohl nunmehr ein¬
2986 2532 3348 2590 besorgt sein. Od
2102 2529 2999 2591 in dem Duell geblieben. Das arme Mädchen ist
1198 2546 2094 2599 hat sie zusammengeführt und binnen wenigen
271 2548 1205 2606 treten. Wenigstens hat sich dieser beginnende
2992 2575 3343 2636 Kunstform überh#
2097 2585 2990 2637 um ihr Lebensglück gebracht; sie stürzt verzweifelt
1194 2589 2098 2650 Wochen gehen sie wieder auseinander — ohne
277 2592 1204 2646 Gesinnungsumschwung in der Aufnahme bemerk¬
3000 2609 3346 2677 mime zurück. Herr
2094 2619 2994 2680 aus dem Vaterhause. Man eilt dem unglücklichen
1198 2617 2095 2690 Groll, ohne Haß. Beide lieben die Abwechslung
276 2640 1200 2711 bar gemacht, die Herrn Arthur Schnitzlers
2985 2667 3344 2718 würde si genzir
2093 2669 2998 2725 Kinde nach; allein der Vater sagt nichts weiter als:
1199 2677 2103 2735 und sie wissen sich gegebenen Falles rasch zu trösten.
272 2672 1206 2742 Schauspiel „Liebelei“ im Deutschen Theater, in
2996 2710 3354 2766 Acte könnte sogar
2104 2719 2989 2781 die kommt nicht wieder. Das Stück ist zu Ende.
1205 2725 2098 2775 Das andere Paar dagegen hat einen Hang zur
280 2721 1207 2782 diesem Hauptquartier der dramatischen Naturalisten,
2995 2740 3356 2808 Welt ein Baller,
2127 2739 2998 2821 Es ist wieder einmal einer jener berühmten
1203 2751 2104 2828 Schwärmerei. Sie namentlich, die still in sich
286 2763 1206 2842 selbst gesunden. Es war kein rechter Zug mehr
2992 2784 3355 2859 gelegt werden. 2
2102 2796 2991 2856 „Ausschnitte“ aus dem Leben. Ganz genau nach
1195 2796 2099 2862 gekehrte Geigerstochter Christine, hat sich wirklia
274 2806 1213 2880 in die Mossen zu bringen, und die Spuren der
2995 2818 3293 2895 naturwahr! —
2094 2831 3005 2909 der Natur! Wir haben oben an dem einen Beispiel
1198 2849 2099 2917 zum ersten Male in ihrem Leben in den melancho¬
275 2853 1199 2925 deutlichsten Aungenweile machten sich unter den
3034 2861 3351 2936 Einen vortrefft
2098 2861 3005 2944 gezeigt, wie „natürlich“ es in diesem modernen
1197 2890 2105 2943 lisch angehauchten Dragonerofficier verliebt, sie
280 2896 1196 2974 Zusche ###rbar. Will man nämlich eine
2990 2919 3311 2981 v. Zobeltitz
2098 2922 2998 2988 Stück vor sich geht. Aber wie echt ist die fesche
1201 2933 2105 2994 findet ihr ganzes junges heißes Lebensglück in ihm.
284 2940 1199 3004 ehrlche Brobe auf die Wirkung eines neuen
2998 2936 3349 3023 „Der Thron sei
2099 2971 2992 3024 „Mizi“, das andere „Mädel“, abgeschildert und
1213 2964 2091 3034 So hausen sie denn eine Weile mit einander und
290 2979 1206 3050 Bu##enstucks anstellen, dann meide man sorgsam
2995 3002 3343 3072 habt, so daß es wir
2096 3019 2996 3070 ihr Ferdinand oder Theodor! Ja, das ist wahr.
1199 3024 2103 3079 es wäre auch Alles ganz leidlich verlaufen, wenn
293 3031 1209 3092 den Besuch einer ersten Aufführung — zum
3002 3040 3349 3110 scheinen muß, w#
2098 3055 2998 3113 Allein, das kennt man schon nachgrade bis zum
1204 3061 2108 3120 nicht unser Dragoner nach eine andere Bekannt¬
291 3076 1207 3132 Mindenen trifft dieser Rath für berliner Ver¬
2992 3077 3351 3155 halten, was die A
2098 3104 2995 3160 Ueberdruß! Wissen denn diese Herren von dem
1193 3105 2097 3170 schaft mit einer vornehmen Frau angeknüpft hätte.
280 3115 1200 3186 hältnisse zu. Bei allen ersten Aufführungen
3005 3136 3353 3201 viel. Herr v. Zo
2103 3134 2999 3201 ealistischen Bühnenflägel gar nichts Anderes mehr
1208 3129 2109 3213 Der beleidigte Gatte, im Stück als „ein Herr“
287 3154 1213 3228 zuckt so etwas wie eine hochgespannte elektrische
3000 3179 3355 3245 diesem nicht gan
2102 3180 3003 3240 vorzukriegen, als verbummelte Officiere, die sich in
1206 3192 2095 3259 eingeführt, kommt hinter dies ehebrecherische
283 3194 1199 3261 Erregtheit durch die Zuschauer. In grimmer Wuth
2997 3220 3348 3289 daß man sich in
2093 3235 3001 3297 ihren Junggesellenwohnungen mit kleinen Cho¬
1475 3228 2104 3307 und stellt den Schänder seiner
1204 3241 1457 3303 Verhältniß —
287 3241 1199 3303 befehden einander die Parteien, als gelte es, eine
3006 3263 3327 3331 versehen kann.
2097 3276 3005 3327 ristinnen bekneipen? Spiegelt sich denn allein
1207 3280 2104 3333 Ehre zur Rechenschaft. Finster, wie des un¬
279 3290 1203 3359 Beute sich abzujagen. Unter Toben und Lärmen
2991 3307 3304 3379 fürstete Herr
2094 3301 3006 3375 in diesen Menschenklassen die berühmte „Natur¬
1205 3321 2105 3384 heilschwangere Schicksal, erscheint er in der
294 3323 1217 3396 wird solch ein armes dramatisches Wild, zumeist
2996 3329 3343 3420 preußischen Heere
2107 3363 3004 3417 wahrheit“ wieder? Und was für eine geradezu
1200 3363 2097 3434 Wohnung des Verführers, verlangt den Schleier,
283 3380 1210 3436 ists ein Schmalthier, erlegt. Doch nein, nicht
3007 3386 3343 3453 nison hat ihren
2098 3400 3006 3453 unausstehliche schanspielerische Unmanier wird an
1200 3411 2104 3466 den seine Frau bei ihm vergessen; er wirft ihm
289 3420 1213 3476 erlegt, zu Tode gehetzt! Es ist ein abscheulicher
3002 3434 3349 3502 vertauscht und hi
1206 3442 3010 3512 die an seine Frau gerichteten Briefe vor die dieser vermeintlichen Naturwahrheit groß gezogen?
298 3468 1213 3534 Anblick — eine Art von Zeitvertreib, ader freilich
3005 3480 3341 3546 eine simple Graf
1208 3490 3001 3555 Füße, verlangt die ihrigen dagegen zurück. Der Die verbummelte Sprachweise wird zum obersten
296 3509 1208 3563 ein recht widerwärtigem Zeitvertreib. Will man
1206 3519 3349 3607 Officier läugnet, daß er sie noch besitze, der Gesetze für die Darsteller erklärt; die Kneipen= fertig. Es ist ei
296 3537 1216 3610 daher ein unbefangenes Urtheil über ein neues
301 3570 3344 3658 Bühnenstück gewinnen, dann lasse man erst das gekränkte Gatte het zum Schlage mit seiner! manieren werden als die einzig möglichen zur An= linken Hand ang
293 3643 3341 3718 Silde Heer“ der berufsmäßigen Besucher erster Rechten aus. Allein er hält an sich. Eineschauung gebracht. Und das kann auch gar nicht Allein unsere Gy
