3344 4256
455 149 854 219 Liebelei
983 145 1422 238 box 10/7
284 142 850 265 5. Jn eneetenn
2383 804 2725 882 Telefon 12801.
3081 902 3287 974 Ausschnitt
2062 901 3007 998 Unternehmen für Zeitungs-Ausschnitte,
1870 928 2085 1051 10
2978 979 3116 1075 Nr.
600 995 1279 1090 Telefon 12801.
3129 967 3257 1073 37
2224 965 2852 1104 „OBSERVER“
303 1025 1535 1165 32 J U Unternehmen für Zeitungs-Ausschnitte
1586 1060 3285 1178 Ausschi I österr. behördl. concess. Bureau für Zeitungsberichte und Personalnachrichten
2119 1148 2994 1255 Wien, IX/1 Türkenstrasse 17.
1533 1191 1753 1287 Nr. 2
700 1162 1390 1287 „OBSERVER“
2082 1225 3041 1315 Filiale in Budapest: „Figyelö“. VIII. Josefsring 31a. —
337 1279 1755 1347 I. österr. behördl. concess. Bureau für Zeitungsberichte und Personalnachricht
638 1350 1500 1430 Wien, IX/1 Türkenstrasse 17.
2347 1333 3100 1474 Mänchner alsgemeine Zeitung
1829 1380 2300 1469 Ausschnitt aus:
569 1422 1565 1520 — Filiale in Budapest: „Figyelö“, VIII. Josefsring 31 a. —
1833 1515 2238 1621 8./ 97.
327 1600 1550 1698 Ausschnitt aus: Münchner Neueste Nachrichten
1858 1649 2072 1742 —
2148 1688 2810 1789 Feuilleton.
456 1712 861 1794 24. MAl 1898
337 1742 496 1828 vom
1029 1764 1255 1822 —e
1957 1774 3058 1852 Sch. Münchener Schauspielhaus. In Schuitzlers.
594 1789 1538 1873 —1. h. Münchner Schauspielhaus. Sonntag, der
1888 1848 3051 1922 „Liebelei“ spielte Adele Sandrock die Christine. Das
576 1835 1539 1912 22. Mai: „Liebelei“, Schauspiel in drei Akten vor
649 1880 1546 1932 thur Schnitzler. — Das Stück ist von mehreren Auf¬
1891 1867 3051 1956 „liebe süße Mädel“, das sich der Autor gedacht haben mag,
615 1927 1555 1989 ührungen im „Deutschen Theater“ unter der Direktion
1876 1920 3057 1999 war sie nicht, der zarte kindliche Zauber fehlte dieser Figur,
653 1961 1546 2019 ßthaler bekannt: Ein guter Ausschnitt aus dem
1883 1973 3059 2028 die mehr Maria Magdalena als Christine war. Die ganze
641 2009 1539 2059 udentenleben der modernen Großstadt mit Wiener Färb¬
1880 2009 3050 2068 Erscheinung des Gastes wirkt zu frauenhaft, das verträgt die
636 2041 1555 2101 ig, reich an liebenswürdigen und wahren Zügen, wenn
1891 2051 3053 2116 herbe Hebbel'sche Gestalt viel eher. Frl. Sandrock hat als
583 2075 1560 2132 auch nicht frei von Wienerischer Sentimentalität. Technisch.
1889 2083 3056 2166 geborene Holländerin die deutsche Sprache erst lernen müssen,
598 2115 1552 2185 betrachtet ist jeder Akt ein gutgeschlossenes Ganzes mit
1890 2144 3067 2201 es ist begreiflich, daß sie auf den Wiener Dialekt ganz ver¬
580 2161 1532 2215 wirkungsvoll vertheilten Stimmungskontrasten. Verun¬
1894 2177 3070 2264 zichtete und hochdeutsch sprach. Man vermißt ihn ungern,
572 2199 1527 2255 glückt bleibt allein der Schluß: nicht ausreichend
579 2239 1533 2287 motivirt in seinem tragischen Ausgang und der Vorgang
1898 2215 3062 2286 umsomehr, als die frühere Vertreterin der Rolle ihn voll¬
576 2271 1530 2331 selbst nicht klar genug herausgestellt. Wenn es auch kein
1897 2262 3066 2331 kommen beherrschte. Das Spiel war besonders im letzten
584 2310 1524 2376 Drama ist, und die anfängliche Ueberschätzung des
1900 2302 3062 2378 Akt herrlich. Einfacher, mit geringeren äußeren Mitteln läßt
579 2349 1527 2403 Schnitzler'schen Sittenbildes sich rasch abgekühlt hat, so
1898 2344 3070 2428 sich diese rührende Figur kaum wiedergeben. Sehr interessant
579 2392 1531 2431 möchte man sich immerhin mehr von der Sorte wünschen.
1891 2382 3066 2463 ist es, zu beobachten, wie Frl. Sandrock viele Sätze hinter¬
590 2422 1542 2492 Wäre Schnitzler doch bei diesem Leisten geblieben! Man
1901 2440 3059 2515 einander trocken und ohne jeden Accent spricht, um dann
578 2461 1543 2548 würde ihm dankbarer dafür sein als für „Freiwild“ u. dgl.
1898 2474 3077 2546 plötzlich im Affekt ihrem Temperament die Zügel schießen zu
577 2508 1523 2582 Eine recht gute Aufführung brachte das Stück am Sonn¬
1898 2521 3066 2585 lassen, derartige Ausbrüche der Leidenschaft üben immer
570 2546 1527 2618 tag Abend voll zur Geltung. Beherrschten auch die Dar¬
1902 2564 3060 2630 wieder dieselbe intensive Wirkung aus. Das Schönste aber
593 2590 1531 2645 steller die Wiener Mundart nicht alle gleich gut, so hatten
1895 2614 3065 2679 kommt gewöhnlich nach dem Sturm; das stille Weinen und
582 2626 1523 2683 die wichtigeren Rollen doch sämmtlich passende Besetzung
1901 2646 3063 2737 das Sprechen unter Thränen, nie haben wir es mit gleich
578 2665 1537 2725 gefunden. Den Damen gebührt der Vortritt: Fräulein
590 2702 1533 2769 Triesch spielte die Christine mit der ganzen Wärme ihres
1908 2684 3085 2762 erschütternder Echtheit gehört. Der Beifall war sehr stark.
584 2740 1520 2790 weiblich=schmiegsamen Wesens. Den Dialekt verstand sie
1902 2740 3072 2799 Einige Aenderungen in der Besetzung waren uns neu.
592 2776 1511 2839 namentlich in der schwierigen Leidenschaftsszene am Schluß
1901 2782 3068 2847 Der Fritz des Hrn. Rüst war recht gut und berührte sehr
593 2813 1534 2874 mit sicherem künstlerischem Takt zu verwenden. Es war eine
1906 2811 3079 2899 sympathisch, hatte aber leider nicht gut gelernt. Frln.
599 2854 1535 2917 Erquickung, die Künstlerin einmal wieder in einer mensch¬
1909 2864 3072 2946 Enzinger gab die Binder, wir sind in der angenehmen
583 2883 1536 2957 lichen Rolle zu sehen und „Theodor“ hat auch vom künst¬
1900 2911 3067 2988 Lage, konstatiren zu können, daß sie unsres Erachtens für die
595 2936 1545 3002 lerischen Standpunkt aus ganz Recht, in dem Stück zu
1906 2954 3072 3027 Rolle zu jung ist, sie aber dennoch geschickt durchführte. Hr.
3127 2967 3235 3034 Taltba
593 2974 1540 3046 sagen: „So ein liebes Mädel ist zehnmal mehr werth
1906 2992 3078 3055 Sturm gab den Herrn, er dürfte weniger stark auftragen.
3094 3019 3297 3072 im Voraus
594 3007 1540 3073 als alle dämonischen Weiber zusammen.“ Frln. Bré
1246 3048 1284 3073 22
1907 3033 3081 3107 Die famose Mizi des Frlu. Bré hatte wieder die Lacher auf
601 3051 1543 3109 spielte die kleine Wiener Modistin „Mizi“ so ausge¬
1911 3081 3084 3159 ihrer Seite. Es folgte noch das „Abschiedssouper“ von
3069 3079 3314 3152 litte ist das
456 3083 1549 3162 50 Zeit lassen und keck, wie es dieses in der modernen Wiener
1573 3131 1750 3187 inclusive
3069 3135 3329 3188 steht es den
1913 3123 3064 3200 demselben Verfasser, eine ungemein geschickt gemachte, launige
593 3128 1548 3197 Literatur typisch gewordene „kleine süße Vorstadt¬
427 3149 529 3200 100
1593 3174 1730 3210 Porto.
597 3167 1556 3228 mädel“ verlangt. Ihre Fertigkeit im Dialektsprechen
1913 3168 3234 3230 und humorvolle literarische Kleinig eit, die dank einem wahren jindern.
1573 3201 1731 3243 Zahlbar
441 3190 535 3241 200
596 3210 1551 3263 hatte großen Erfolg. Das Freundespaar Fritz und
1570 3232 1768 3290 im Voraus
1912 3205 3082 3284 Kabinetstückchen trockener Komik, das Frln. Sandrock als
603 3245 1557 3305 Theodor war durch die Herren Drach und Stock recht gut
1914 3255 3081 3314 Balletratte Annie lieferte, großen Erfolg hatte. Es wäre
416 3274 535 3325 1000
606 3276 1556 3349 vertreten. Den alten Musikus Weiring gab Herr Wallner
1923 3288 3083 3366 ungeschickt, den Lesern, die diese reizende Scene aus „Anatol“
464 3301 593 3372 Im G
602 3301 1798 3382 (wie immer vorzüglich in der Maske) in der ihm geläufigen hitte ist dar
1920 3336 3097 3402 noch genießen wollen, durch Erzählung des unbedeutenden
397 3349 598 3412 Sonnement
607 3342 1801 3415 Spieltradition des Wiener Volksstückes. Noch sei der Regie steht es den
1922 3376 3093 3462 Inhalts die Pointen zu verderben, der Titel sagt ja wohl!
403 3402 599 3461 hninenten
609 3386 1696 3463 des Herrn Stollberg gedacht, der wieder einmal ein ändern.
1913 3417 3106 3507 genug. Was der Gast darin bot, war wieder einmal¬
598 3429 1558 3505 stimmungsvolles Interieur aus der Wohnung des Klein¬
624 3480 1571 3536 bürgers in allen Details vortrefflich arrangirt hat. Das
1917 3474 3095 3557 vollendet. Dieses freche, dirnenhafte Phlegma, diese gemüth¬
607 3509 1576 3591 Publikum spendete der Aufführung die Anerkennung, die
1925 3535 3084 3611 liche Dreistigkeit in jeder Bewegung und jedem Ton sind
582 3564 1121 3639 sie verdient, in reichstem Maß.
1924 3562 3090 3655 nicht zu beschreiben. Dabei alles gesehen, beobachtet mit
1928 3605 3091 3702 [ungemeiner Schärfe und mit verblüffender Lebenswahrheit
1924 3633 3106 3763 wiedergegeben. Diese Tragödin hat viel mehr natürliche Komik
1937 3695 3081 3787 als die meisten Komiker, es gab auch diesmal im Zuschauer¬
1932 3735 3089 3810 raum Thränen, aber vom Lachen. Recht hübsch und elegant
1929 3780 3100 3869 führten die HH. Stock und Sturm ihre Rollen durch. Am
1938 3834 3103 3920 Schluß gab es für den Gast einen prächtigen Blumenkorb
1932 3884 2439 3974 und endlose Hervorrufe.—
