3532 4224
1062 186 1494 278 box 12/6
349 191 891 285 5. Liebelei
519 247 1016 309 Aneneteneien enenee Aen
886 865 1325 934 100 oüne Gewähr.)
1016 891 1699 993 Schlesische Zeilone, Bresiar
508 950 913 1028 Ausschnitt aus:
511 1049 1015 1126 vom: 290121975
924 1161 1340 1255 Chalia-Cheater.
978 1232 1300 1308 „Liebelei“.
538 1261 1805 1348 Bei einer Aufführung von Arthur SchnitzlersLi#bllei“
477 1331 1774 1391 wird es stets darauf ankommen, in welche Akmosphäke das Stück
483 1371 1773 1447 getaucht wird. Wenn man hier nicht Wiener Luft atmet, dann
490 1427 1775 1477 verliert das meiste seinen eigentlichen Sinn. Vor einigen Jahren
484 1468 1780 1524 wurde in Deutschland ein von einer nordischen Gesellschaft her¬
1730 1507 1776 1542 4
487 1521 1769 1565 gestellter Film gezeigt, der angeblich die Schnitzlersche „Liebelei
499 1564 1775 1605 zum Gegenstand hatte. Aber nicht, daß man statt Wiener Straßen¬
486 1593 1784 1640 bilder Kopenhagener erblickte, machte die Sache unmöglich,
487 1633 1791 1693 sondern daß hier notwendigerweise gerade das fehlte, was den
496 1689 1787 1733 wunderbarsten Reiz des zarten Werkes ausmacht: die weiche
487 1722 1790 1789 Wiener Stimmung, eine schwer in Worte zu fassende Melancholie,
494 1768 1777 1820 die gerade aus heiterstem Lebensgenuß aufsteigt, Bei einem so
498 1807 1784 1860 durchaus wienerischen und nur wienerischen Stück ist auch der
495 1834 1787 1912 Dialekt nichts Nebensächliches: man muß ihn unbedingt durchhören
498 1883 1790 1948 und wenn er falsch und gequält gesprochen wird, gibt das von
483 1926 1793 1999 vornherein einen Riß in die Darstellung. Das war am Montag
486 1983 1782 2047 im Thaliatheater bedauerlicherweise der Fall. Von Herrn
494 2007 1789 2083 Halpern und Herrn Lenoir abgesehen, schien der Wiener
489 2072 1783 2116 Dialekt keinem der Mitwirkenden so richtig geläufig. Das ver¬
489 2108 1791 2154 schlug bei dem Lobheimer des Herrn Rotmund ja weniger, da
493 2148 1777 2203 dieser junge Lebemann sich ja das Dialektsprechen abgewöhnt
496 2196 1789 2248 haben könnte, aber bei den beiden „süßen Mädeln“, der Christine
494 2242 1779 2293 des Frl. Wall und der Mizzi Schlager des Frl. Engelhard
498 2273 1790 2335 berührte es doppelt unnatürlich. Dieser Mangel wurde auch durch
493 2324 1787 2383 das sonstige Spiel der beiden Damen nicht aufgewogen, indem
499 2375 1779 2420 Frl. Engelhard mehr lärmend als lustig war, und Frl. Wall noch
494 2411 1777 2463 nicht den Ton echter, tiefster Leidenschaft hat, den uns die Christine
499 2462 1785 2509 im letzten Akt hören lassen muß. Der alte Weiring, Christinens
495 2497 1786 2549 Vater, ist eine der poetischsten Gestalten der ganzen modernen
499 2539 1790 2586 dramatischen Literatur. Es sind so feine und zarte Dinge, die
491 2585 1784 2641 der simple grauhaarige Violinspieler sagt, daß man sich ihn nur
498 2626 1787 2680 als Menschen von besonderer Prägung vorstellen kann. Herr
491 2660 1783 2716 Lenoir machte einen ziemlich nüchternen Herrn daraus, dessen
490 2707 1785 2767 Haltung zu seinen Worten in merkwürdigem Gegensatz stand.
497 2759 1781 2810 Auch war wohl schon die Maske gründlich verfehlt. Letzteres galt
486 2790 1781 2846 in verstärktem Maße von der Frau Binder des Frl. Stock. Daß
481 2840 1796 2899 Herr Halpern den Theodor Kaiser ganz im Schnitzlerschen Stil
480 2892 1784 2937 gibt, haben wir schon wiederholt feststellen können. Herr Boß¬
495 2928 1773 2979 hard schoß in dem Bestreben, aus der Episodenfigur des „Herrn“
498 2977 1778 3027 möglichst viel zu machen, übers Ziel hinaus und verdarb so seine
488 3010 1788 3065 ganze Szene. Recht annehmbar waren die zwei Zimmer, das bei
489 3048 1793 3106 Lobheimer und das von Christine — aber (und daran trifft den
486 3094 1800 3153 Spielleiter Herrn Lenoir die Schuld) die Stimmung während
493 3135 1786 3195 des „Liebesmahles“ im 1. Akt hätte viel, viel ausgelassener sein
480 3169 1788 3248 müssen. Das Haus war schwach besetzt, jedoch beifallsfreudig.
1545 3223 1697 3291 A. D.
605 3293 1776 3393 Lellung bei H. Lichtenberg im Museum
1418 3368 1824 3453 ollzog sich in den
2332 254 2537 319 Taueler.—
2289 299 3220 373 Eichenberger deutsche Volkszeitung
2035 335 2436 418 Ausschnitt aus:
2420 366 3018 455 Reichenberg, Böhmen
2053 435 2493 508 vom: 3002.1975
2683 508 2751 551 —
2172 544 3007 629 Reichenberger Stadtthfoter
2359 596 3054 684 Reichenberg, 30. Dezember?.
2414 660 2677 721 „Liebelei.“
2103 696 3000 784 Schauspiel in 3 Auszügen von Arthur
2401 752 2708 823 Schnitzler.
2119 786 3071 864 Der Wiener Arzt Dr. Arlill Schnitzler hat
2034 831 3080 902 /1895 die „Lieb lei“ fertiggestel.t, nachdem bereits
2035 896 3080 951 eder Einakterzyklus „Anatol“ und das Schau¬
2030 940 3076 993 spiel „Das Märchen“ in den beiden vorherge¬
2043 976 3089 1038 gangenen Jahren herausgekommen waren. Mit
2029 1028 3078 1088 der „Liebelei“ festigte er sich seinen Namen a's
2042 1073 3079 1128 Schriftsteller dramatischer Richtung, den er als
2030 1107 3083 1165 medizinischer Fachschriftsteller schon besaß und
2041 1157 3076 1214 als Novellist später erwarb. Seine vilen Ein¬
2031 1180 3087 1254 akter fanden fast durchwegs die beste Aufnahme.
2036 1245 3079 1296 Die „Liebelei“ ist mit das Beste, was uns der
2040 1280 3092 1346 fruchtbare Autor gegeben. Hohe Anforderungen
2037 1330 3085 1379 werden allerdings an die Darsteller geste l., und
2033 1377 3079 1430 es ist für Svielleitung und Schauspieler ein
2040 1413 3076 1460 ehrtendes Zeugnis, wenn das Werk so heraus
2041 1457 3073 1525 gebracht wird, wie es gestern der Fall war.
2035 1502 3084 1561 Im Vordergrunde der Handlung stand naturge¬
2035 1553 3079 1611 mäß Frl. Kadle als Christine. Sie verkörperte
2037 1589 3080 1653 das wahre, einfache Mädchen, dem die „Liebelei“.
2034 1631 3081 1698 zur ersten, tiefen Liebe wird, in ausgezeichneter
2044 1680 3098 1739 Art und erzielte in der Verzweiflungsszene, in
2032 1729 3086 1786 welcher sie ihr Spiel zu einer hohen Kunstleistung
2040 1765 2992 1815 steigerte, einen nachhaltigen Erfolg. Die
2041 1807 3079 1865 greifende Natürlichkeit packte und ließ das Werk
2037 1854 3076 1912 mit dem vom Dichter gewollten Eindruck schlie¬
2040 1903 3084 1962 ßen. Den Fritz Lobheimer stattete Herr Geb¬
2029 1934 3086 1983 hard mit Innigkeit und Wärme aus; ihm
2037 1981 3091 2032 kam auch diesmal wieder das Aeußere seiner
2034 2024 3095 2082 Persönlichkeit sehr zu statten, und seine Bühnen¬
2033 2073 3085 2127 gewandtheit feierte einen Triumph. Herr Klang
2033 2120 3073 2172 traf den rechten Ton des sorglosen jungen Men¬
2021 2148 3075 2216 schen, der vom Leben nimmt, was es gerade bietet,
2025 2205 3081 2247 ohne sich weiter um das Morgen oder um tiefere
2024 2245 3073 2307 Regungen der Seele zu kümmern; ausgezeichnet
2031 2287 3067 2342 war seine Spielszene vor dem letzten Ak schguß,
2024 2336 3075 2381 Frl. Lian gab diesmal in der Partie der Mizzi
2028 2372 3074 2436 Schlager Gelegenheit, sich ein Urteil über ihre
2030 2417 3088 2465 schauspielerischen Qualiäten zu bilden. Es fehlt
2021 2463 3078 2515 noch Reife und Erfahrung, man merkt, die
2031 2508 3075 2571 führende Hand des Spielleiters noch, aber es
2025 2547 3071 2594 ist da, das geheimnisvolle „Etwas“, das man
2020 2594 3074 2656 gemeinhin immer als Talent bezeichnet, und das
2002 2633 3084 2703 din diesem Falle eine starke Förderung durch
2012 2683 3076 2742 völlige Hingabe an die Aufgabe und durch echte
2024 2729 3075 2772 Begeisterung für die Kunst erfährt. Wenn man
2013 2767 3075 2833 die junge Dame nur auf die erste Sprosse der
2022 2817 3081 2875 Leiter stellt, steigen wird sie schon selbst können.
2017 2844 3062 2925 Herr Martin gab den gütigen Vater Christi¬
2015 2900 3071 2959 nens mit der ihm eigenen, jetzt schon so oft
2020 2948 3062 3012 bekundeten Herzlichkeit in Sprache und Spiel;
2015 2986 3067 3057 man hätte es anders auch gar nicht erwar et.
2012 3028 3060 3094 Frl. Friedericke Schwarz hätte als „Bezirks¬
2016 3074 3069 3141 tratschen“, die doch die „Strumpfwirkerin“ bar¬
2015 3116 3063 3169 stellt, nicht besser sein können. Den betrogenen
2021 3166 3070 3215 Ehemann, der Fritz herausfordert, als er Beweise
2017 3204 3055 3270 für die Untreue seines Weibes in Händen hat,
2006 3255 3060 3313 wurde von Herrn Sima gegeben. In den
2015 3298 3063 3342 wenigen Sätzen, welche über das Schicksal eines
2005 3348 3063 3400 jungen, hoffnungsvollen Mannes, eines lieben,
2009 3392 3084 3450 unverdorbenen Mädels, ja auch einer ungetreuen —
2016 3431 3060 3478 Frau und seiner selbst entscheiden, die mit einem
2009 3477 3055 3520 Wort die „Genugtuung“ fordern, lag verhaltener
2006 3520 3043 3573 Grimm und lodernde Empörung zugleich. Der
2004 3556 3041 3627 kleinen Ebert Szene ging in dem Lärm der zu
2005 3592 3051 3654 spät aus den Wandelgängen zurückkehrenden Be¬
2009 3643 3051 3705 sucher völlig unter. — Das Haus war sehr gut
2008 3684 3041 3743 besucht, der Beifall nach jedem Aktschluß steigend.
2003 3740 3038 3798 Frl. Kadle und Frl. Lian erhielen Blumet¬
2006 3777 3033 3837 spenden. Die Spielleitung tag diesmal in det
2009 3822 3026 3870 Länden des Herrn Direktors Krug, dessen Ver¬
2001 3866 3023 3914 dienst es wohl in erster Linie ist, daß der
1995 3895 3034 3996 Schnitzler=Abend so befriedigen konnte. Siegeh
