3344 4320
950 155 1393 262 box 10/7
248 176 830 285 5. Liebelei
402 215 844 300 EDET
1742 941 3353 1040 Fhatte. Alen Ernstes ist dieses Wort nunmehr für den Wiener schwächere Betheilt
653 988 3323 1084 Die versuchte „Einigung der czechischen Frac= Polizeirayon abgeschafft, und Dichter wie Publicum werden sich Deutschnationalen
534 1053 2975 1124 tionen“ hat mit einem ungeheuren Fiasco geendet Der zu daran gewöhnen müssen, sich künftighin ohne Moral zu behelfen.
2954 1069 3360 1156 Verjahre mitbegang
535 1107 2973 1180 diesem Behufe von Seiten der czechisch=nationalen Arbeiterschaft Ich weiß wirklich nicht, wann und wie einem von dem Worte
3053 1122 3358 1195 Wie alljährlic
533 1157 3339 1234 an sämmtliche Parteien gerichteten Einladung gegenüber, sich zu „Moral“ lebenden Manne, wie Herr Dr. Bobies einer ist, leitung anlässlich !
542 1208 1764 1281 einer gemeinsamen Conferenz einzufinden, verhielten sich die
1758 1222 3359 1284 der Gedanke gekommen sein kann, die „Moral“ ausdrücklich zu von Versammlungen
1759 1259 2964 1323 beseitigen. Es ist nicht anzunehmen, dass irgend ein anti¬
541 1261 1767 1331 meisten czechischen Fractionen ablehnend. Die czechischen
2963 1272 3360 1337 Die hervorragend##e
1754 1304 2963 1376 moralisches Werk Friedrich Nietzsches den geistigen Horizont
538 1316 1771 1372 Realisten und Socialdemokraten scheinen über¬
2963 1321 3349 1384 und beim Tökes in H
1760 1355 2963 1422 unseres wackeren Bobies getrübt hat. Meines Wissens ist weder
544 1362 1766 1428 haupt nicht eingeladen worden zu sein. Das einzige
2972 1365 3358 1453 führer Schumeie
1768 1401 2973 1474 „Jenseits von Gut und Böse“, noch die Zeitschrift „zur Genea¬
541 1416 1760 1475 praktische Resultat dieser Conferenz — über welche die deutsch¬
1774 1450 2983 1519 logie der Moral“ in Oesterreich erschienen, beide dürften also
545 1455 1761 1517 fortschrittlichen und deutschvolklichen Blätter mit einer gewissen
1774 1488 3000 1578 dem nur um die einheimische Literatur besorgten Manne nicht
543 1511 1765 1569 Schadenfreude berichten — ist die Constatierung einer Thatsache,
3111 1513 3359 1618 Juliu
3076 1588 3348 1674 Gestern mit
549 1614 1782 1687 dürfe, der Lehrling eines Confectionsgeschäftes genau mit
1862 1611 2994 1674 Mir will es scheinen, als ob Frau Sorma nicht
546 1651 3359 1704 dem nämlichen Rechte, wie Dr. Lieber oder Frau mehr mit jenen feinen, künstlerischen Mitteln arbeitet, wie sönlichkeiten in W
1758 1705 3359 1784 ehedem. Sie lauert bereits auf den Beifall der Menge der Wiener Komike
553 1707 1768 1774 Banquier X. Y. Dass hierzu ein gründliches Wissen und
1773 1759 3350 1831 und sucht ihn mit geriebenen Theatermittelchen heraus= Durch ein Telegraf
543 1766 1776 1835 ein angeborener künstlerischer Instinct vonnöthen seien,
1770 1802 3330 1877 zufordern. Und dennoch, keine deutsche Schauspielerin verständigt. Der
555 1805 1771 1872 will niemand zugeben. Das Publicum ist wild geworden.
1765 1850 3359 1917 besitzt ihre holde Anmuth, ihren schalkhaften Humor, ihre Herr Bruck, welche
551 1856 1773 1921 Von seiner Gunst hängt das Schicksal eines Dramas,
1771 1902 3338 1967 Grazie und ihre unvergleichliche Charme. Die Schlufs=diesem, noch aus d
554 1899 1780 1977 der Erfolg eines Buches, die Verkäuflichkeit eines Bildes
1777 1950 3340 2028 seene im 2. Acte der Cyprienne, wo sie in freudetrunkener Meran weilende
549 1959 1781 2025 ab. Pardon, mein vielgeliebtes Publicum, du brauchst dir
554 1991 3342 2065 darauf nicht allzuviel einzubilden. Heute sagst du Amen, Erregung den penscefarbigen, mit weißem Pelz besetzten With.“ sandte, ist
554 2048 3360 2130 und schon morgen geht man mit einem mitleidigen Radmantel um sich wirft und mit sprühender Koketterie Wohl aber wisse
1762 2091 3349 2187 und Eifersucht ihren Mann, von dem sie sich noch vor Komikers, dass W
552 2100 1153 2181 Lächeln über dich hinweg.
2307 2149 2386 2190 ##
1760 2145 3358 2209 einer halben Stunde scheiden lassen wollte, zu einem litt schon seit Ju
672 2206 3360 2251 Wenn es so in der Politik einige charmante Ab=Nachtessen ins Champre separée verführt — spielt ihr Jahre wieder acu
2975 2245 3358 2308 Frau, Graselli
571 2239 2991 2315 wechslungen gab, die zur allgemeinen Heiterkeit nicht wenig unter den deutschen Darstellerinnen keine nach. Viel
2973 2290 3332 2358 in Budapest, wo
564 2296 2998 2369 beitrugen, so ist in unseren Theatern die graue Lange= weniger behagte sie mir als Christine in Schnitzlers
567 2318 3359 2407 weile eingezogen. Ein paar öde Lustigmacher sind mit viel wortreicher „Liebelei", die nach meinem Dafürhalten bekam dort einen
554 2387 3357 2472 breitem Behagen und wenig Laune über die neue Richtung, allzusehr überschätzt worden ist. Wenn ich an die Kraft, werden. Der Kün
569 2438 3357 2505 die ja gar nicht mehr so neu ist, hergefallen und haben, wie Innerlichkeit und Leidenschaft denke, mit der die Niese acht Wochen begal
570 2489 3352 2567 alte Kläffer, die kaum noch einen Zahn im Maule haben, dieser Gestalt Körper und Leben gab, dann verblafst die Meran sein sollte,
569 2543 3340 2599 gebellt. Es sei constatiert, dass sie niemanden gebissen Leistung der Sorma vollends. Die Sorma spielte rufes, sondern a
574 2586 3359 2674 haben. Ihre Namen und die Ausgeburten ihrer lahmen Schnitzler, und die Niese gab etwas von jener wienerischen sehnte. Dort hati
3085 2631 3357 2697 Julius Wit
567 2638 2998 2704 Phantasie mögen mit dem gütigen Schleier undurchdring= Volksseele, die ihr selbst innewohnt. Wenn ich der Director
2985 2672 3357 2753 1860 geboren, w
566 2688 3008 2744 lichen Schweigens verhüllt bleiben. Eine kleine Sensation des Wiener Burgtheaters wäre, ich setzte alles daran, die
569 2728 3357 2805 bedeutet dagegen das Gastspiel der Frau Sorma in dem Niese zu engagieren. Anlässlich des Gastspieles der Sorma bestimmt, versucht
574 2789 3345 2842 verödeten Lessing=Theater. Sie ist in lauter alten Rollen und de Wiederauferstehung der „Liebelei“ möchte ich aber gleichzeitig i
2996 2836 3351 2900 Er schrieb Solosce
572 2827 3003 2904 aufgetreten, und das Publicum hat sie gefeiert mit dem Herrn no nicht unerwähnt lassen, der sich in seiner
2995 2881 3358 2951 lich vor. Bei ei
572 2882 2999 2956 nämlichen Enthusiasmus, den es der Duse oder sonst Kunst zu einer Höhe hinaufgeschwungen hat, die Be¬
2995 2926 3361 2998 debutierte er als
573 2937 1796 3004 einer großen Virtuosin zutheil werden ließ. Kein Platz
1798 2941 2729 3021 wunderung und ehrlichen Respect abnöthigt.
2990 2981 3359 3044 Lehrbub'. Frau V
579 2995 1812 3079 war im Theater leer und der Beifall von demonstrativer
2970 3024 3360 3108 bestimmte ihn, sich
572 3036 845 3124 Heftigkeit.
