3344 4256
0 2737 86 2805 inde
-11 2988 99 3041 en.
-9 3027 98 3090 sdru
-2 3062 67 3114 e
4 3106 85 3161 Im
-21 3130 100 3202 Fräu
-23 3177 91 3243 istlien
-11 3226 55 3281 ch
-12 3261 94 3323 zende
-11 3301 99 3369 bei
-15 3348 93 3442 orhi
466 165 844 238 Liebelei
280 151 1436 271 5. LiseSe, box 11/2
2465 1375 2585 1460 Se
825 1414 1260 1490 menenn
782 1424 3263 1520 Iund der Sklave (Rudolf Christians) weiß die Situation ge=dauer wird diese Komödie trotz des guten Zusammenspieles und
2016 1475 2744 1564 Christians großer Kunst nicht haben.
788 1500 2038 1592 schickt auszunutzen. Er wird ihr Spielzeug, ein gefährliches. Denn
201 1506 329 1578 lei.
2069 1497 3263 1589 Die beiden Stücke aber an einem Abend zusammen herauszt.
3047 1557 3235 1622 H. B.
213 1539 2032 1631 inem dreiaktigen Schauspielser gibt sich mit der Gunst seiner Herrin nicht zufrieden, er will
2011 1567 2801 1640 bringen, zeigt nicht von gutem Geschmack.
213 1566 2024 1676 ardt in den Spielplan dersherrschen an Seite der Prinzessin, die gar zu schnell vom
208 1628 2034 1714 kheaters“ aufnahm, einen nicht tändelnden Mädchen zur reifen Frau hinübergleitet. Er glaubt,
2076 1624 3254 1705 * Bernhard=Rose=Theater. Mit der alten und doch ewig
254 1658 2035 1762 in dramatische Form ge= er habe sie nun so fest in seinem Banne daß er sich zum Herrscher
2020 1682 3260 1739 liungen Operette „Die Fledermaus“ eröffnete im Bernhard¬
200 1698 2023 1801 ken glücklichsten Wurf getan. an ihrer Seite aufschwingen könne. Er will sie in recht schwulstigen
2016 1711 3256 1801 Rose=Theater Direktor A. Below mit seinem Operettenensemble
816 1743 2025 1807 Reden bewegen, den Vater töten zu lassen, der übrigens ein rechter
2026 1751 3265 1831 erfolgreich einen Gastspielzyklus. Abgesehen von kleinen Mängeln,
215 1772 815 1850 Behandlung des Themas von
805 1783 2029 1853 Trottel sein muß, weil er die Seitenspringe seines Töchterchens
2026 1802 3265 1870 war die Aufführung durchweg zufriedenstellend. Die Darsteller
810 1820 2026 1897 nicht zu verhindern weiß, da erwacht in der Prinzessin die Salome¬
214 1835 814 1896 Madeln“ und schönen Wiener
2021 1837 3272 1906 waren ganz und gar bei der Sache und bewiesen nicht allein
813 1853 2026 1943 natur sie ruft Hiolaka den Peitschenmeister, damit der den
218 1858 817 1950 bescheidenes Talent nicht hin¬
2030 1866 3258 1944 Wollen, sondern auch Können. Dasselbe gilt vom Orchester und
808 1900 2035 1978 „Lieblingssklaven“ ins Jenseits schlägt. Der gewaltsame Schluß
221 1904 825 1972 t glücklich auf die wienerische
2024 1910 3264 1988 Chor Gegen die Einsätze ließ sich nichts einwenden. Etwas
218 1931 2033 2013 des Frl. Lucie Höflich, die ist entschieden von dramatischer Kraft, nur besser hätte er heraus¬
2027 1937 3269 2021 zu zahm war Frl. Wernher als Orlofsky, auc, gefanglich hätte
803 1973 2027 2062 gearbeitet werden müssen, — aber nicht länger. Die Prinzessin
2026 1976 3265 2068 sie getrost mehr aus sich herausgehen können. Dogegen lieferten
215 2004 825 2072 isfiel. So häßlich kleidet und
213 2025 2031 2118 tchen frisiert sich kein Wiener (Jenny Beingruber) war wohl am Ende ihrer Kraft, denn
207 2031 3267 2160 gefähr aus wie eine emanzi= die Längen des Stückes mußten mit einer richtigen Aufwendung gute Leistungen n Gesang und Spiel A. Belew als Eisenstein,
217 2123 3270 2209 sie die Rolle der Christine viel von Lungenkraft überschrien werden. Und darum herum, ein nicht Gertrud Geyersvach als Rosalinde, Marga Beiow in der Rolle
224 2105 3268 2239 übertrieb demzufolge in der übles Nebenspiel in welchem sich Albert Schindter als Ihibinna, der Adele und Herr Grebin als Frank. Regie und Ausstattung
2031 2154 2607 2230 waren ebenfalls recht hübsch.
816 2170 2055 2246 ein Eunuch, durch seine komischen Gesten auszeichnete. Die Hand¬
2115 2181 3263 2263 * Rixdorfer Theater. Die Nachbarstadt Rixdorf mit ihrer
821 2205 2057 2288 lung spielt im Osten heißt es wahrscheinlich Indien. Die Aus¬
229 2222 827 2294 Weise. Famos war Grete
2042 2231 3282 2309 riesigen Bevölkerung kann stolz darauf sein, in Julius Türk
209 2245 2043 2326 keine nrechte Wienerin auf die stattung war gut, die Regie überstieg das Mittelmaß leider nicht.
2038 2265 3274 2349 einen Leiter für das „Rixdorfer Theater“ (leider noch immer
821 2281 2037 2367 Es wäre wohl mehr aus dem Stücke herauszuholen gewesen, wenn
218 2307 825 2388 Sophie Pagay als Katharina
2040 2304 3286 2384 ein Saal=Theater) gefunden zu haben, der nicht nur sein ganzes
825 2340 1908 2430 der Rotstift des Dramaturgen fleißiger gearbeitet hätte.
232 2357 835 2425 auch einen köstlichen Humor
2042 2351 3281 2423 Können sondern auch den besten Willen einsetzt für die Idee,
2046 2392 3285 2467 dem bildungsbedürftigen und kunstfreundlichen Teil der Be¬
881 2387 2041 2454 Gustav Wied ist uns kein Unbekannter, von seiner Komödie
206 2392 837 2472 zeigte als Hans Weiring seine
2036 2419 3276 2497 wohner, wirkliche Kunst zu bieten. Ein Meisterwerk unserer
838 2417 2051 2498 „Liebe“ hätten wir mehr erwartet. Basmus ist ein so toller
216 2448 831 2515 in diskret abgetönter Schat¬
2040 2461 3300 2542 klassischen Literatur, Lessings „Emilig Galotti“ war dem.
816 2477 2037 2557 Tölpel, wie nur wenige auf der Welt herumlaufen, und mit ihm —
217 2479 832 2554 der Ekert einen „liaben Kerl“
2036 2493 3283 2584 Direktor Türk gerade gut genug, um damit die diesjährige
811 2515 2043 2582 er wurde von Rudolf Christians brillant gespielt — steht und fällt
213 2526 828 2594 bis zur Sohle. Auch die Her¬
823 2562 2061 2623 das Stück. Christine, die Tochter des Hofbesitzers Sören Clausen,
226 2569 837 2632 Steinrück verdienen alles Lob.
819 2547 3263 2680 bei dem in diesem Jahre das Erntefest gefeiert wird, soll Wintersaison zu eröffnen. Und wie hat er es „herausgebracht",
821 2559 3287 2694 1 Basmuschen“ heiraten, weil ihre Besitzungen nebeneinander wie der technische Ausdruck lautet. Mit so primitiven Mitteln,
212 2611 843 2699 Zimmer des alten Violinspie¬
809 2617 3297 2744 liegen. Aber die Tochter war in der Stadt in Pension und hat wie sie ihm zu Gebote stehen, machts so leicht kein anderer in
576 2666 820 2728 J. St—g.
828 2691 3287 2789 „Bildung“ gelernt. Laost (Heinrich Schroth), der Windhund, gleicher Weise nach. Im Mittelpunkt der Darstellung stand die
829 2680 3297 2824 verdreht den Eltern und Christine den Kopf, er bringt ihnen Ge=Emilia Galotti des Fräuleins Irmgard Leßmann. Die
2042 2739 3288 2820 schöne juge liche Künstlerin entwickelte Leidenschaft unt Tempe¬
212 2760 449 2839 Cheater.
2320 2775 3288 2839 mit sich fortreißend. Man hätte sie dem an¬
826 2786 2054 2868 schenke aus der Stadt mit, eine Meerschaumspitze, Schokolade und
2048 2800 2347 2864 rament, al¬
223 2807 841 2896 rathe“, Drama in zwei Akten;
2057 2818 3300 2893 mutigen  liebreizenden Geschöpf kaum zugetraut. Einig
833 2820 2058 2904 Blumen. Basmus ist ein großer, schlapper Kerl und hat alle
214 2860 844 2933 ödie in einem Akte, aus dem
2050 2835 3293 2939 störende wohnheiten beim Atemholen wird sich die junge Dame
840 2860 2064 2942 Aussicht, von Laost ausgestochen zu werden. Nachdem er unglaub¬
826 2908 2066 2989 lich viel gegessen, geht er weg, um sich zu erhängen, aber hübsch
834 2884 3297 3024 vorsichtig, er legt einen Stein unter seine Füße, damit ihm die wohl bald abgewöhnen. Robert Garrison der Bruder
214 2918 852 3013 mieden zu danken, daß er den
2048 2926 3294 3011 des Direktors vom Lortzing=Theater, spielte den Marinelli. Er
224 2968 832 3044 [Berstl mit seinem Erstlings.
216 2978 2062 3085 ieß. Es war keine reife Arbeit Luft nicht ausgeht. Die starke Stine (Paula Levermann) sieht ihn
213 2978 3299 3127 Etriebene Hoffnung wird sich di in der Scheune hängen. er wird abgeschnitten und zum Erntefest überragte seine Partner um ein Bedeutendes. Daß er sich einer
213 3060 3297 3169 n dem Stücke nicht gemacht haben geführt. Erst ist er steif wie ein Stock, als aber das Essen auf= weisen Mäßigung befleißigte und vor Uebertreibungen hütete,
2064 3040 3296 3128 sei ihm besonders angerechnet. Ganz vorzügliche Leistungen
2055 3084 3290 3172 boten auch Hermann Röbbeling als Odoardo Galotti
211 3103 2060 3208 igen lassen jungen deutscherigetragen wird, entwickelt er wieder seinen ungeheuren Appetit und
2063 3123 3306 3210 [Julius Türk als Angelo, Adalbert Krievat als
212 3135 2061 3246 nd gute Anlagen besitzt der Autor.] Christines Herz wird gerührt, sie findet die Liebe Basmus' roman¬
843 3171 2070 3260 tisch, Reden werden gehalten, er wird weiter gefüttert und be¬
847 3213 3298 3302 kommt nach und nach alles geschenkt, was der Schwerenöter Laost! Prinz, Valerie Raoul als Gräfin Orsina und Elise
216 3219 853 3281 on Wilde, das Nachbeten tut ni
841 3209 3309 3335 an Gaben mitgebracht hat. Der begehrt auf und wird hinausge=[Walter als Claudia Galotti. Selbst die kleineren Rollen
207 3248 853 3333 danke von nichtssagenden Redens¬
3143 3298 3292 3367 r0.
215 3249 3301 3398 Hier einem Palmbaum als Wacht, worsen. Basmus schwingt das Langbein, wird mit einem Male waren gut besetzt. Wir wünschen der Direktion Glück für diese
218 3291 852 3363 essin Ihavatrathe spielt mit ihrer
221 3295 2714 3462 skurz, unhöflich, der Prinzessin it wunderlich mobil, die Verlobung ist fertig. Man konnte berzhaft Saison, sie verdient es reichlich.
231 3363 2105 3485 : Interesse. Sie tändelt mit ihn, lachen, mit Beifall wurde nicht gekargt, aber eine längere Lebens¬
