3436 4256
254 150 821 230 5. Liebelei
955 147 1391 240 box 11/1
426 196 836 272 — I. —  —  — 4
869 602 1328 695 Telephon 12801.
495 696 1728 772 Alex. Weigl's Unternehmen für Zeitungs-Ausschnitte
1479 752 1713 819 Ausschnitt
1540 811 1799 903 Nr. 28
704 779 1405 912 „OBSERYER“
378 891 1830 991 I. österr. behördl. conc. Bureau für Zeitungsberichte u. Personalnachrichten
607 957 1636 1046 Wien, IX/1, Türkenstrasse 17.
798 1027 1434 1110 Filiale in Budapest: „Figyelö“ -
387 1084 1835 1173 Vertretungen in Berlin, Chicago, Genf, London, Newyork, Paris. Rom, Stockholm.
383 1143 1608 1336 Kuneheit enst-aasde-Ae. TA—
403 1371 911 1472 vom. 70/% 2
1480 1546 1762 1694 clag)
897 1605 1415 1697 Thalia=Theater.
598 1672 1651 1750 Gastspiel der Darmstädter Hofschauspieler.
1148 1732 1696 1803 Saarbrücken, 16. Juni.
565 1784 1753 1854 7 Das Gastspiel der Darmstädter Hofschauspieler ist gestern
552 1816 1756 1882 Abend abgeschlossen worden, als letzte Vorstellung ging das
539 1883 1756 1929 Schauspiel „Liebelei“ von Arthur Schnitzler über die Bretter,
550 1927 1744 1974 die die Welt bedeuten. Schnitzler ist ein trefflicher Beobachter
547 1961 1750 2024 des aus Frohsinn und Empfindsamkeit zusammengesetzten Wiener
540 2015 1744 2068 Volkslebens, und in seiner „Liebelei“ giebt er uns meisterhaft
545 2050 1753 2100 geschilderte Szenen, in denen neben der echten rechten Wiener
549 2100 1754 2158 Leichtfertigkeit und Gemütlichkeit auch die ernsten Seiten
551 2136 1824 2201 des Lebens berührt werden. Das Stück ist hier bereits be¬ hve
426 2139 523 2215 Für
545 2178 1789 2231 kannt, die Darmstädter brachten es im vergangenen Jahrep.
547 2222 1817 2294 zur Aufführung und vermittelten uns damit überhaupt erst far
537 2268 1826 2340 die Bekanntschaft mit Schnitzler, der unstreitig das stärkste hu
536 2314 1743 2377 Talent der jüngeren Wiener Schule ist. In der letzten
539 2364 1837 2415 Saison hat der Wiener Dichter mit dem Einakter=Cyklus ##c
415 2376 527 2456 Abo
542 2405 1753 2469 „Lebende Stunden“ wieder einen starken Erfolg errungen,
417 2448 527 2518 Abo
537 2455 1757 2495 vielleicht bieten uns die Darmstädter im nächsten Jahre auch:
540 2487 1768 2554 diese Dichtung Schnitzlers. In der „Liebelei“ ist der Haupt¬
540 2534 1817 2602 anziehungspunkt die reizvolle Milieu=Schilderung, besonders sge
431 2542 532 2622 Inht
543 2576 1811 2632 m ersten Akt, die die Längen in der Handluung überbrückt. fun
549 2622 1809 2666 Der Schlußakt fällt dagegen etwas ab. Die Aufführung sill
428 2652 533 2706 wod
1763 2660 1815 2720 N
550 2668 1740 2724 war wieder bis ins Kleinste ausgefeilt. Die Christine
424 2687 531 2742 Leb
536 2700 1741 2771 gab Frl. Eichelsheim mustergiltig, besonders im Schlußakt
436 2731 524 2794 thei
546 2751 1743 2809 zeichnete die Künstlerin ergreifend die Tragik, die über
548 2803 1743 2847 Christine hereinbricht. Ein echtes leichtlebiges Wiener Volks¬
546 2841 1729 2892 kind war Frl. Grohé als Mizi, die unbekümmert um die Zu¬
534 2892 1738 2935 kunft die Gegenwart mit vollen Zügen genießt. Herr Kreide¬
547 2928 1725 2995 mann gab in der Rolle des lebensfrohen Theodor Kaiser
545 2979 1740 3036 einen flotten Bonvivant von sprühendem Witz und guter
534 3019 1745 3079 Laune; Herr Hacker gestaltete den Charakter des Fritz Lob¬
537 3062 1749 3107 heimer zu einer fein abgetönten darstellerischen Leistung. Die
544 3105 1749 3167 schwankenden Seelenstimmungen, von denen Fritz Lobheimer
695 3155 1750 3210 ###enggrissan wird, gab der Künstler wirkungsvoll
536 3157 1331 3238 nianciert wieder. Der—weiring des He¬
1447 3195 1749 3260 Spel war eine
531 3227 1732 3291 rührende Genregestalt. Außer lebhaftem Beifall konnten die
540 3279 1739 3353 Künstler gestern Abend wieder Blumenspenden entgegennehmen,
538 3308 1748 3390 die ihnen von dankbaren Theaterfreunden gespendet wurden.
533 3357 1745 3427 Der Verlauf des ganzen Gastspiels hat dargethan, daß unser
537 3403 1736 3470 Publikum künstlerische Leistungen wohl zu würdigen weiß und
534 3432 1733 3521 lebhaft unterstützt, waren doch sämtliche Vorstellungen sehr gut
538 3481 634 3537 besu
745 3492 1730 3556 d die Aufnahme der Stücke eine so warme und ver¬#
523 3525 600 3587 stä
795 3542 1520 3598 daß der künstlerische Erfolg hoch anzus
806 3578 1511 3641 tädtern danken auch wir für die genußre
1621 3589 1735 3647 Lage,
536 3616 602 3667 mn
802 3620 1518 3687 uns erfreut haben. Künstlerisch bede
1630 3633 1738 3689 war
517 3652 653 3714 der
796 3667 1741 3720 und die einzelnen Aufführungen stellten Muster¬
510 3710 1734 3779 leistungen dar, die dem Gesamtgastspiel den inneren Werk
517 3735 1737 3789 verleihen. Wir hoffen auch im nächsten Jahre die Darni¬
514 3789 1731 3880 städter hier wieder begrüßen zu können, einer herzlichen Auf¬
514 3829 1317 3898 nahme könneni sie sich versichert halten.
2374 1211 2846 1310 Telephon 12801.
2004 1299 3235 1377 Alex. Weigl’s Unternehmen für Zeitungs-Ausschnitte
3004 1367 3215 1435 Ausschnitt
2220 1397 2923 1515 „OBSERWER“
3045 1424 3255 1521 Nr. 7
1873 1500 3332 1608 Jest#hördl conc. Bureau für Zeitungsberichte u. Personalnachrichten
2105 1564 3117 1652 Wien, IX/1, Türkenstrasse 17.
2295 1639 2920 1704 Filiale in Budapest: „Figyelö“
1888 1681 3339 1775 Vertretungen in Berlin, Chicago, Genf, London, Newyork, Paris, Rom, Stockholm.
1874 1843 2403 1924 Ausschnitt aus:
2335 1928 3270 2088 222 Deutsche Wehr, Treppau
1896 1949 2338 2069 # 7 7/107
2117 2123 3201 2215 „Liebelei“ Arthur Schnitzler's, eines Günstlinges
2034 2173 3182 2242 der „Neuen Freien Presse“, inhalts= und handlungs
2751 2237 2800 2279 6
2030 2234 3166 2289 armes, Halhweltluft atmendes Schauspiel „Liebeie
2021 2278 3049 2338 spricht durch eine von mehreren unnatürlichen Figu
2022 2335 2923 2395 Grundsatz aus: „Genießen, um jeden Preis
2025 2376 2928 2451 der Erinnerung willen“. Während der erste
2021 2430 2923 2488 vollständige Posse ist, soll der dritte durch
2035 2480 2921 2547 hascherei den Namen „Schauspiel“ rechtfert
2020 2525 2909 2599 wurde von den Damen Helm, Köchl und
2034 2572 2943 2635 wie den Herren Valberg und Walter
2033 2623 2944 2684 auch die neue Kraft für unsere Bühne, Hirr;
2029 2666 2898 2739 sich als Theodor Kaiser gut ein. Es siel
3129 2722 3208 2774 vie¬
2030 2712 2872 2780 der Darsteller des Wiener Jargons sic
1875 2734 1982 2812 Für
3098 2770 3214 2837 t de
1998 2766 3003 2837 wohl er gerade in diesem Stücke, da Wien de
2903 2784 3266 2884 am Plotze ge=d.
1996 2813 2842 2878 Handlungsist, — vielleicht mit Erfolg
1986 2863 2309 2926 5 wesen wäre.
3193 2889 3305 2958 Aus.
1975 2904 2096 2961 1000—
2892 2909 2944 2973 —
1908 2913 1971 2985 „
2007 2971 3322 3020 Im Gegensatze zu anderen Bureaux für Zeitungsausschnitte istr das
1875 2997 3335 3051 Abonnement durch keine bestimmte Zeitdauer begrenzt; — auch steht essden
1890 3039 3202 3111 Abonnenten frei die aufgegebenen Themen zu ergänzen oder zu ändern.
2006 3096 3333 3168 Der „OBSERVER“ veranstaltet täglich einen Auszug enthaltend die
1890 3163 3315 3206 Inhaltsangabe aller wichtigen Mittheilungen der Wiener Morgen¬
1889 3204 3325 3247 blätter (Tagesjournale ausser „Neue Freie Presse“ und „Wiener Zeitung!)
1882 3246 3320 3295 wodurch eine Uebersicht über das gesammte politische und wirthschäftliche
1886 3277 3328 3338 Leben des In- und Auslandes in drastischer Kürze geboten wird. Diese Mit¬
1884 3318 2915 3374 theilungen werden in Wien um 9 Uhr Früh verschickt.
2207 3398 2992 3481 Prospecte gratis und franco.
