3532 4256
969 162 1390 262 box 12/7
441 178 831 250 Liebelei
257 189 830 283 5. Seee
457 1120 1157 1227 Vom Stadttheater.
402 1224 1289 1279 Als letzte Vorstellung unter der Direktion
305 1273 1274 1324 Wallner kam das Schnitzleriche Schauspiel „Liebetel“
304 1332 1288 1370 auf die Bühne und### diesem Frau Lilli Wild als
310 1336 1372 1409 Gast. Sie spielte die Mizzi Schlager. Ein echtes
312 1388 1284 1452 Wiener Kind mit all den Finessen der „Wissenden“
314 1438 1304 1479 deren Kenntnisse es ihr gestatten zu behaupten, „die
315 1475 1385 1535 Männer sind alle miteinander nix wert". Sie spielte —
325 1516 1387 1574 fesch und resch, zeigte schicke Figur und wußte in #
324 1554 1303 1596 lebenswahrer Darstellung das Beste aus der Rolle
308 1578 1393 1647 herauszuholen, wofür ihr denn auch von dem ausk#
318 1629 1382 1693 verkauften Hause stürmischer Beifall gespendet wurdes #
1327 1683 1370 1737 00
325 1675 1315 1723 Daß Frl. Rasse die sentimentale Christine mit
321 1717 1323 1762 gerabezu glänzender Sicherheit spielte, daß sie auch:
320 1756 1308 1807 mit dieser Rolle wieder wirkliche Seelenmalerei in
323 1789 1327 1840 ihren duftigsten Farben bot, ist wohl selbstverständlich..
316 1836 1329 1890 Den Hans Weiringer, ihren Vater, gab Herr Preuz¬
324 1872 1325 1922 Ein biederer Alter, der ganz in der Sorge um sein¬
1333 1886 1420 1946 —
317 1945 1406 2020 Seiten abzugewinnen. Die redselige Strumpfwirkerin
321 1998 1376 2045 Frau Binder war wirkungsvoll durch Frau Wolst in
323 2027 1313 2081 dargestellt und Herr De Cani hatte dem gemütvollen
315 2074 1305 2128 Theodor Kaiser eine prächtige Darstellung gegeben.
318 2112 1303 2178 Das Haus war sehr animiert und zollte den Dar¬
316 2142 754 2205 stellern reichen Beifall.
406 2173 1288 2240 Der Eisenbahnerstreik und die dadurch hervor¬
318 2238 1297 2290 gerufene Einstellung der Züge haben Direktor Rollett
323 2284 1307 2328 arg mitgespielt. Die Gäste - es wäre das Ensemble
324 2315 1301 2357 des Deutschen Volkstheaters gewesen — konnten nicht
327 2358 1315 2406 kommen, und so mußte denn die Samstag=Vorstellung
323 2402 1313 2453 abgesagt werden. Wir kamen dadurch leider um einen
330 2439 755 2502 erlesenen Kunstgenuß.
410 2478 1299 2529 Sonntag nachmittags und abends klangen
326 2516 1311 2573 Strauß' herrliche Weisen der „Fledermaus“ durch
322 2553 1313 2624 den Räume unseres Musentempels. Sind die Haupt¬
324 2602 1308 2645 partien mit illustren Gästen besetzt, so darf man dann
324 2640 1315 2687 wohl von einem Kunstgenusse sprechen — und ein
324 2687 1313 2733 solcher war es in der Tat; wenigstens was die Haupt¬
322 2726 1313 2759 rollen betrifft. Herr Karl Pfann, erster Operetten¬
325 2760 1315 2813 tenor vom Johann Straußtheater in Wien, gab den
322 2798 1307 2852 Gabriel von Eisenstein. Mit glänzenden Stimm¬
322 2844 1314 2902 mitteln ausgestattet, verbinhet #er telennutsa
1852 428 2918 498 aauutluu
1984 480 2850 617 Theater und Kunst.
1850 596 2927 657 Tosoeneceen sonoendesanedasebbeogeesesnsseusecesen baschau
1922 647 2927 707 Als Herr Direktoy Wällner Dienstag den 13. d. M., wil
1847 694 2933 747 bereits berichtet wurk setzen Abschiedsabend als „Nuli
1850 734 2934 810 Annerl“ feierte, erschenm Schlusse des dritten Aktes das
1851 775 2938 832 gesamte Ensemble m## s#tzem Sprecher Herrn Demler auf
1849 827 2940 879 offener Szene, Frl., P#e Füberreichte ihm einen goldener
1844 860 2928 907 Lorbeerkranz und Hexy Oüler sagte dem scheidenden Direktor
1843 891 2928 944 der ebensosehr ein Masulder „Güte“ wie der „Kunst“ war
1852 927 2934 979 ein herzliches Valet. Tiesgerührt dankte Herr Direktor Wallne¬
1848 971 2928 1034 am Schlusse der Vorstellung seinen Künstlern, dem Publikum
1854 1013 2934 1069 vor allem aber der löbl. Gemeindevertretung, den Behörder
1854 1053 2930 1105 und den Vertretern der Presse, die ihn alle in seinem gewis
1852 1095 2527 1143 nicht leichten Amte unterstützt haben.
1936 1122 2936 1185 Mit Arthur Schnitzler#Liebelei“ ging Direkto¬
1844 1178 2925 1236 Wallners Direkwr nach all' den genuß
1851 1209 2917 1259 reichen Abenden ein gut ausklingender Akkord. Die „Liebelei“
1853 1261 2931 1302 zwar nicht an Schnitzlers andere Dramen hinanreichend, abe
1859 1287 2932 1337 mit seinem Namen immer eng verknüpft, hat auch diesma
1856 1334 2934 1381 sehr gefallen. Es erübrigt wohl, eine Rezension des vielge
1865 1364 2942 1412 schmähten und auch viel geliebten Stückes einzuflechten; dem
1860 1406 2946 1458 allzu bahnbrechend ist gerade diese süßliche, traurige Liebes
1862 1437 2934 1503 geschichte des Wiener Mädels geworden. Zahllose ähnlich
1858 1488 2931 1536 „Niedlichkeiten“ tauchten allüberall auf, ja sogar vertont is
1864 1530 2942 1575 diese, von Dr. Schnitzler selbst als sein glücklichster Wurf be¬
1855 1570 2940 1626 zeichnete Komödie über die Bretter gegangen. Die Darstellung
1867 1616 2943 1666 war unstreitig sehr gut. Als Mizzi Schlager gastierte Fra#
1860 1643 2946 1698 Lilly Wild, eine bildhülsche Erscheinung, die unterstützt vor
1856 1688 2945 1733 ihrem rassigen Temperament die kleine Modistin „waschecht
1853 1724 2943 1784 und naturgetreu auf die Bühne stellte. Frau Lilly Wild, di
1848 1762 2948 1819 momentan mehr als Filmschauspielerin tätig ist, wird un
1853 1796 2951 1854 hossentlich noch recht oft Gelegenheit geben, sie in anderen
1854 1844 2938 1905 auch sentimentalen Rollen zu sehen. Als Christine gefiel Frl
1849 1900 2943 1944 Nassee, die schlicht und innig mit ehrlichem Gefühl die Lieb¬
1850 1920 2962 1968 lingsfigur des Dichters darstellte. Herr de Cani als Theodor
1862 1967 2958 2016 fesch und gutherzig, Herr Effenberger ein nicht unsympathischer
1858 2013 2963 2057 Fritz. Herr Preu als Weiring bot in seiner Leistung Be¬
1852 2048 2948 2102 merkenswertes wie eben auch die Regie in seinen Händen lag.
1864 2082 2966 2138 Frl. Wolf in der Episodenrolle der Katrin schloß sich dankens¬
1868 2123 2955 2173 wert dem Ganzen an. Der Abend brachte dem Gast und der
1853 2159 2881 2211 übrigen Mitwirkenden reichen und wohlverdienten Beifell.
1948 2193 2959 2249 „Der König ist tot, es lebe der König.“ Herr Direktor
1865 2236 2956 2294 Wallner ging, ein anderer trat an seine Stelle. Herr Anton
1872 2275 2965 2321 Rollet, dem als Direktor der Theaters Zuaim und Bad Hall
1858 2320 2959 2367 ein nicht unbedeutender Ruf als Künstler wie als genialer
1863 2358 2960 2399 Direktor vorausgeht. Wir begrüßen ihn an dieser Stelle herz¬
1871 2398 2959 2446 lichst und sind davon überzeut, daß unser Musentempel mit
1867 2426 2963 2484 Direktor Rollet einen guten Griff getan. Schon das Repertoire
1865 2480 2965 2516 zeigt es, wäre Direktor Rallet auch soust unbekannt. Leider
1875 2518 2957 2559 haben uns die ungünstigen Verhältnisse schon um zwei viel¬
1865 2555 2966 2616 versprechende Abende gebracht, die wir aber unter der Direktion
1872 2600 2813 2647 Rollet nur aufgeschoben nicht aber aufgehoben wissen.
1956 2634 2964 2688 Eine Prachtleistung mit der Direktor Rollet vor das
1861 2669 2961 2724 St. Pöltner Publikum trat, war die unverwüstliche ewig schöne
1867 2718 2959 2763 „Fledermaus“. Raummangel gebieten uns Kürze. Die
1872 2755 2967 2793 Aufführung war ausgezeichnet. Den verehrten Gästen Fräulein
1870 2792 2964 2847 Suzanne Bachried und Herrn Karl Pfann vom Strauß= resp.
1872 2827 2965 2887 Carltheater aus Wien unseren Dank für diesen Kunstgenuß. Herr
1864 2877 2964 2916 Jandat (Alfred) war ihnen ein würdiger Partner. Frl. Richter ein
1865 2904 2961 2951 guter Prinz Orlofsky, Herr Roland ein ebenso komischer
1871 2944 2962 3013 Frosch wie tüchtiger Regisseur. Besonders begrüßen wir Frl.
1873 2982 2963 3050 Gusti Felsen (Rosalinde), die bei uns heimisch werden will,
1878 3035 2961 3084 als ebenso vorzügliche Sängerin wie dramatische Darstellerin.
1869 3075 2966 3110 Mächtige Stimmittel, eine ausgezeichnete Schule, kolossale
1878 3114 2970 3151 Sicherheit und ein höchst angenehmes Organ kann Fräulein
1875 3147 2969 3207 Felsen ihr Eigen nennen. Der Löwenanteil an der schönen
1871 3191 2967 3250 Aufführung gebührt nicht in letzter Linie Herrn Kapellmeister
1867 3240 2965 3287 Niko Dostal, der damit sein Meisterstück gezeigt und mit dem
1874 3264 2963 3345 vorzüglichen Orchester den alten Strauß zu neuen Ehren ge¬
1877 3302 2089 3364 bracht hat.
2213 3350 2615 3425 Theaternachricht.
1942 3392 2968 3470 Donnerstag den 22. April Gastspiel Eugenie Werner vom
1872 3432 2964 3510 Wiener Stadttheater im „Das Glück im Winkel“, Schau¬
1877 3493 2962 3541 spiel von Sudermann. Die neue Direktion Anton Rollet, welche
1879 3527 2965 3589 das Stadttheater übernommen hat, um mit den restlichen Mit¬
1866 3560 2963 3628 gliedern der früheren Direktion bis Ende Mai durchzuspielen
1869 3617 2963 3667 und den Schauspielern weitere Verdienstmöglichkeit zu bieten,
1882 3653 2975 3693 wird durch Wiener Gäste die fehlenden Mitglieder zu ersetzen
1869 3669 2960 3740 wissen und keine Kosten scheuen, um dem werten Publikum ein
1874 3719 2966 3789 gediegenes Repertoir zu bieten. Leider war die Direktion gleich
1871 3778 2956 3823 zu Anbeginn der Nachsaison gezwungen, zwei Vorstellungen in¬
1873 3800 2964 3857 folge Nichteintreffen der Gäste durch den indessen beigelegten
1873 3851 2960 3902 Eisenbahnerstreik abzusagen. Das vollständige Repertoir wird
1875 3884 2785 3940 in der nächsten Nummer des Blattes bekanntgegeben.
2273 3925 2545 3991 —
2950 605 3060 668 1.9
2988 1038 3099 1107 2.
2985 1103 3095 1138 —
2991 1133 3056 1179 620
2988 1212 3111 1267 —
2941 1363 3047 1416 28
