3436 4256
251 250 510 327 Liebe
150 242 1222 357 :ei box 13/7
493 916 1042 1039 FHm-Kurier, Berke
478 1055 534 1128 *
511 1172 552 1217 *
551 1143 1028 1256 E BSEEDE
486 1211 605 1296 #.
501 1276 1160 1358 schnihler-Aufführungen in Dresden.
381 1301 1278 1390 Nachdem im Residenztheater Schnitzlers
359 1377 1258 1434 „Reigen“ mit so großem Erfolge gegeben
338 1406 1253 1473 wvorden war, fand im Neustidter Schau¬
253 1406 340 1477 Sr
355 1451 1266 1511 spielhaus die Erstaufführung des Schausviels
351 1488 1261 1541 „Liebelei“ und der Groteske „Der grone
343 1516 1264 1575 Kakadu“ statt. Sehr wirksam von Leo#
339 1549 1254 1633 Mittler in Szene gesetzt, wobei vor allem treff¬
345 1595 1260 1665 liche Kontraste erzielt wurden, insbeso ere in
354 1628 1274 1708 ersterem Stik, wurde auch sehr gut gespielt. In####
355 1673 1249 1729 „Liebelei“ war Irma Zeißig als Mizi ganz
338 1708 1242 1761 hervorragend, e##nso Willi Straube als Theo¬
349 1754 1246 1796 dor Kaiser, während das andere Liebespaar seine
353 1784 1261 1844 Rollen offenbar nicht recht erfaßt hatte, wenn auch
340 1836 1255 1886 Claire Kristl als Christine und Ludwig Unger
341 1877 1279 1913 als Lobheimerehier und da den rechten Ton
346 1902 1257 1968 trafen; aber ausiner tieferen Charakteristik fehlte
491 1951 1265 1996 Die Revolutionsgroteske „Der grüne
354 1949 430 1990 es.
340 1979 1266 2037 Kakadu“ wurde zu sehr als Groteske und zu
342 2017 1260 2075 wenig als Satire, die das Stück doch eigentlich
349 2058 1253 2109 sein soll, dargestellt. Einzelne Gestalten, vor allem
358 2090 1253 2147 die Vertreter der Aristokratie, waren gut ge¬
347 2129 1252 2189 zeichnet. Im übrigen war das „Revolutionäre“.
355 2180 1255 2225 hier etwas überspannt, seine Träger machten eher
347 2221 1255 2259 den Eindruck von Radaubrüdern. Oder sollte das
355 2249 1269 2297 in Charakteristikum der Revolution sein, eine
355 2277 1262 2333 Satire in der Satire? Eine Satire hat ja
361 2331 821 2388 Schnitzler schaffen wollen.
1084 2315 1278 2410 P. 8.
1279 1639 1402 1748 —
1691 1883 2380 1997 Thegter und Runst.
1485 1953 2664 2041 Aus der Theateehenglei. Freitag den 21. Jänner in Serie
1434 2016 2666 2089 gelb die Operett#####s verwunschene Schloß“. Samstag den
1446 2056 2676 2140 22. Jänner in Sero#, weiß das romantische, komische Märchen
1442 2102 2562 2190 „Alpemkönig und Menschenfeind“ von Ferd. Raimund.
2300 2139 2669 2220 aft, freilich nur
1507 2162 2179 2243 „Liebelei“ per Schhat
2335 2201 2685 2279 lt und die Auf¬
1440 2227 2230 2284 dann, wenn die Retredenden Personen
1444 2258 2671 2334 führung eine glatte ist. Wenn aber soviel Beifall wie ge¬
1441 2298 2684 2406 stern gespendet wird, dann darf von einem vorzüglichen
1449 2343 2680 2432 Abend gesprochen werden, der dank Herrn Direktor Strials
1444 2399 2674 2471 mustergültiger Leitung auch den letzten Einzelheiten ge¬
1452 2441 2678 2538 recht wurde. Hervorragend muß Frl. Schefraneks
1449 2487 2704 2572 Christian genannt werden. Was hier aus den Tiefen einer
1433 2545 2668 2640 meichen, wohlbesaiteten Künstlerseele kommend, den Zu¬
1461 2587 2698 2680 hoder bannte, war Meisterwerk, Leben und Erleben. Nicht
1471 2652 2681 2724 minder graß ist Herrn Weyrichs Weiring, gefühlvoll
1450 2683 2686 2767 und doch männlich stark. Ueberrascht hat Frl. Jusa als
1451 2729 2690 2826 Mizzi, eine Gestalt, welche den leichten (Friedens=) Wiener
1443 2790 2689 2894 Tan verträgt, voll Leben, Leichtfertigkeit und Bewegung.
2028 2866 2244 2967 F
2344 2844 2819 2982 21. JAiDaR 19.
2043 2934 2318 3032 Salgburg
2364 3151 2553 3197 —
1707 3176 2944 3250 Dieselben Worte gelten Herrn Forstner, der seinen
1708 3236 2932 3288 Operettenton etwas umkrempelte und damit einen passen¬
1706 3269 2938 3343 den, leichtfertigen Theodor erstehen ließ. Sehr gut schnitt
1709 3323 2937 3404 auch Herr Gerth im Fritz Lobheimer ab, und Frau
1711 3364 2939 3451 Czernitz war eine echte „Frau aus dem Volke“. Nach¬
1704 3433 2946 3518 dem der an einen Operettenschlager erinnernde Beifall —
1715 3471 2944 3538 Frl. Schefranek mußte sich unzählige Male zeigen — vor¬
1710 3530 2977 3607 über und eine ansehnlich lange Pause zu Ende war, kam
1710 3579 2163 3656 als Erstaufführung
1818 3633 2090 3706 — —
