3484 4256
463 157 832 230 Liebelei
285 159 1385 271 5. I box 11//1
200 1538 1611 1615 Ueber das Stück##w gestern eingefunden hatte; der Beifall desselben muß demnach
207 1601 1620 1662 ren (ebenso wiefür die Darsteller auf Grund der Qualitäts=Einschätzung Lohn
203 1638 924 1704 r noch in bester ein, der reichlich lohnet.
522 1671 1622 1734 Zum Schlusse möchte ich gegen die unmäßig langen Pausen
209 1686 488 1744 Christine spielte
198 1712 1607 1780 türlichkeit und Verwahrung einlegen. Pausen von wohlgezählten 47 und 30
244 1750 1611 1795 eine leichte Minuten können selbst den glühendsten Theater=Enthusiasten in
213 1798 1620 1854 aufflammender, eine gefährlich brummige Stimmung bringen, namenllich wenn
199 1826 1627 1898 eiz erhält, der man ihm während der Vorstellung durch Gedudel und Ge¬
482 1875 1250 1955 strampel über dem Kopfe arg zugesetzt hat.
198 1881 478 1935 ebenden Stim¬
204 1924 482 1978 Liebesgetändel,
232 1965 502 2013 wurden von
202 1998 499 2060 zarte Halbtöne
203 2053 507 2132 chter beleidigte.
200 2116 506 2174 benbei bemerkt,
194 2158 488 2210 otivirten Aus¬
216 2196 503 2257 die Christinen¬
207 2229 501 2288 ischt empfinden¬
207 2310 503 2377 ly Frank, die
202 2354 492 2406 ennaturen ein¬
191 2396 500 2445 Madl mit einer
200 2432 497 2485 nan eine Lieb¬
205 2470 501 2527 e welcher Divi¬
210 2505 506 2568 Wiener Dialekt
195 2539 504 2614 ädel aus der
201 2590 508 2633 rum und Dran,
203 2627 486 2683 erscheinen läßt?
194 2664 505 2722 kaber längst kein
229 2706 490 2760 großer Viel¬
209 2734 505 2813 ele Berufsschau¬
195 2817 500 2877 auf einige un¬
195 2860 497 2917 äßigen Abgang
197 2906 497 2962 dmann spielte
199 2947 491 2995 d verstand es
216 2979 506 3035 der nur dem
203 3019 503 3085 ge macht. Zu
203 3058 501 3121 s von Agilität.
209 3096 494 3153 Herr Hahn mit
207 3139 494 3201 wurde von Frl.
220 3179 503 3234 war in seiner
197 3216 455 3272 feniger wahr, —
198 3257 508 3313 d einen anderen
195 3327 502 3388 laube, daß der
210 3370 505 3423 — es wäre auch
210 3407 513 3467 was sich wohl
197 3436 498 3505 ären läßt, viel¬
202 3494 502 3542 essenheit gehabt
206 3530 510 3590 bten Koryphäen
229 3570 503 3620 denen unser
207 3585 503 3668 it Maß inniger
209 3649 499 3710 gung entgegen¬
212 3686 507 3748 falls nicht, das
2182 1046 2666 1143 Telephon 12801.
1804 1135 3047 1225 Alex. Weigl’'s Unternehmen für Zeitungs-Aussohnitte
2741 1213 3046 1281 Ausschnitt
2043 1224 2730 1349 „OBSERVER“
2859 1272 3116 1358 Nr. 95
1691 1329 3163 1419 L. österr. behördl. conc. Bureau für Zeitungsberichte u. Personalnachrichten
1921 1405 2935 1495 Wien, IX/1, Türkenstrasse 17.
2105 1474 2741 1558 Filiale in Budapest: „Figyelö“-
1696 1528 3149 1601 Vertretungen in Berlin, Chicago, Genf, London, Newyork, Paris, Rom, Stockholm.
1695 1674 2222 1748 Ausschnitt aus:
2286 1657 3257 1804 Oberschlasischer Wunderer, Gleiwitz
1705 1792 2224 1890 vom: 27/87702
1739 1911 3131 2015 go Liebelei, Arthur Schnitzlers dreiaktiges Schauspiel, ging
1772 1979 3137 2064 am Pfingstsonntage bei leidlich besetztem Hause in Scene. Die Auf¬
1778 2017 3137 2116 führung war zufriedenstellend bis auf die Aussprache. Dieses durch¬
1774 2094 3131 2169 aus wienerische Stück ist ohne Dialekt einfach nicht denkbar. Um so
1771 2112 3149 2195 Ifremder muthet es an, wenn die Regie vielleicht mit Rücksicht auf
1783 2170 3139 2240 das leichtere Verständniß im Publikum, hochdeutsch vorschrieb. Das
1778 2219 3147 2290 ist entschieden zu mißbilligen, denn der spezifisch Wiener Lokalfärbung
2700 2246 3132 2309 Abhruch gethan. Es
1768 2267 2678 2344 des Stückes wird dadurch ein beträchtlicher
2711 2284 3143 2356 ne Dialog behandelt
1776 2306 2600 2391 fehlt die Leichtigkeit, mit der der feinges
1776 2333 3126 2430 werden will, und das kann unter Umständen bei dem stofflichen
1778 2379 2989 2471 Mangel des Stückes langweilig werden. Mit der Aufführung
1787 2436 2949 2516 man zufrieden sein, die Regie klappte vortrefflich und die In
1796 2470 2939 2556 ließ nichts zu wünschen übrig. Im Vordergrunde des
1793 2499 2941 2603 steht natürlich Fritz Lobheimer, der ungetreue Liebhaber,
1796 2556 2990 2648 Liebesny, der auch mit Geschick die Regie führte, angemess
1697 2571 1781 2643 Für,
1793 2605 3047 2686 Seine Parti erin, Frl. Josefine Fischer, gab die Christine. Für
1800 2640 3118 2728 Spiel hatte inan in den ersten beiden Akten wenig Sympathie, erst
1708 2676 3154 2771 7 im letzten Akte, bei den Ausbrüchen wildesten Schmerzes einer tief
1775 2749 3156 2827 gekränkten Seele, fand sie erschütternde Töne und wirkte überzeugend.
1674 2826 1799 2879 Abo
1806 2802 3154 2920 Herr Karl Luebell gab den lebenslustigen Theodor Kaiser mit
1666 2871 1803 2927 Abor
1810 2841 3160 2952 großer Gewandtheit. Die Rolle der Mizzi Schlager war bei Frl.
1813 2902 3173 2998 Rosa Lindorf in guten Händen. Den alten Weiring, Christinens
1670 2937 3167 3035 Inha Vater, spielte Herr Friedmeyer mit Wärme und brachte so diese
1732 2975 3165 3076 1à lebenswahre Gestalt zur rechten Geltung. Die kurze Episodenrolle
1821 3019 3168 3117 des „Herrn“ erledigte Herr Maierhofer mit scharfer Charakteri¬
1676 3067 1830 3133 wodu.
1827 3060 3177 3163 sirung, die immer den rechten Ton zu treffen weiß. — Am zweiten
1672 3110 1819 3168 Leben
1833 3115 3178 3207 Pfingstfeiertag ging der Blumenthal=Kadelburg'sche Schwank „Hans
1673 3151 1815 3215 theilur
1811 3151 3185 3254 Huckebein“ in vorzüglicher Aufführung in Scene. Die Darsteller
1820 3208 3182 3296 wurden der keineswegs leichten Aufgabe, den Scheinfiguren des
1830 3238 3207 3342 Stückes Leben einzuhauchen, gerecht und ernteten den berechtigten
1809 3325 2214 3413 Dank des Hauses.
