3436 4320
458 201 787 275 Liebele
298 197 1433 309 5.1 box 11/4
1290 1253 1649 1352 Telephon 12.801.
1464 1338 1601 1413 WALILA I
1312 1366 1553 1456 Di. An
1538 1434 1607 1478 9
784 1416 1504 1512 „OSSLNVEN
559 1479 1660 1557 I. österr. behördl. konz. Unternehmen für Zeitungs-Ausschnitte
700 1552 1539 1634 Wien, I., Concordiaplatz 4.
889 1631 1336 1700 Vertretungen
572 1680 1652 1740 in berlin, Budapest, Chicago, Christiania, Genf, Kopen¬
567 1730 1653 1780 hagen. London, Madrid, Mailand, Minneapolis, New¬-Vork,
622 1779 1623 1842 Paris, Rom, San Francisco, Stockholm, St. Petersburg.
916 1812 1323 1880 (Qu Uggangabe ohne Gewähr).
562 1857 1592 1973 husschm aus V 1070 eache
562 1953 1684 2078 #0# oloyan
680 2124 1649 2203 (*) A „Liebelei“ Londonban. Beerbohm Pree
601 2181 1639 2243 Afternoon-Theatre-ie a minap mutatta be London¬
618 2228 1658 2298 ban SchsitzLer Artur „Liebelei“ cimü drämäjät,
625 2270 1652 2331 melye * pesti közönseg is ismer a Nemzeti
623 2323 1638 2385 Szinhäz elöadäsäböl. A darabról az angol lapok nagy
631 2364 1655 2427 elismeréssei emlékeznek meg, de a közönségnél nem
621 2405 1671 2470 aratott teljes sikert. Legjobban tetszett az elsd fell¬
624 2463 1351 2529 vonäs, legkevésbbé az uolsó. a.drse
777 2527 820 2576 0
2752 717 3129 807 Telephon 12.801.
2096 807 2890 951 — „OBSERVER“
2033 949 3127 1023 I. österr. behördl. konz. Unternehmen für Zeitungs-Ausschnitte
2174 1014 3013 1093 Wien, I., Concordiaplatz 4.
2361 1069 2805 1149 Vertretungen
2047 1138 3116 1198 in Berlin, Budapest, Chicago, Christiania, Genf, Kopen¬
2041 1173 3123 1248 hagen, London, Madrid, Mailand, Minneapolis, New-Vork,
2081 1222 3079 1265 Paris, Rom, San Fraucisco, Stockholm, St. Petersburg.
2374 1259 2793 1319 (Quellenangabe ohne Gewähr).
2037 1308 2419 1384 Ausschnitt aus:
2230 1377 2490 1460 0 S. 1909
2042 1420 2207 1473 vom:
2373 1431 3217 1526 Bauliper Börsen Courier, Berlin
2582 1496 3007 1594 Morgenausgabe
2136 1643 2853 1710 Aus London wird uns berichtet:
2141 1686 3129 1754 „Die unter dem Titel „Light O’Love“ von His
2074 1732 3138 1799 Majestys Theatre gegebene erste englische Aufführung
2071 1770 2232 1826 von S
2489 1773 3124 1836 „Liebelei“ fand wegen der
2077 1786 3107 1878 treffe Leistung eine äußerst warme An¬
2070 1854 3120 1903 erkennung bei Publikum und Presse. Dem Stück
2074 1897 3115 1946 selbst steht allerdings die englische Kritik ziemlich ver¬
2072 1940 3096 1998 ständnislos gegenüber. Der Kritiker des „Standard“
2083 1982 3115 2045 z. B. macht die köstliche Bemerkung, obwohl der
2072 2021 3118 2081 Dichter ein Oesterreicher sei, stecke gar zu viel deutsche
2076 2064 3129 2128 Sentimentalität in der „Intrigue“ (!) seines Stückes.
2064 2082 3115 2168 Die dramatische Gestaltungskraft Schnitzlers, die
2060 2145 3120 2207 Lebenswärme seiner Menschen, der Zauber der sinn¬
2071 2182 3118 2248 lichen Atmosphäre vermochten die gestärkte Hemden¬
2066 2232 3113 2291 brust und den common sense der zu Kritikern ge¬
2071 2277 3123 2339 wordenen Cityleute, welche das Matinee=Publikum
2062 2309 3125 2363 ausmachten, nicht zu durchdringen. Und doch
2058 2348 2705 2415 hat die Uebersetzung von
2791 2353 3116 2414 Valentine
2069 2376 3111 2461 Williams in die englische Sprache eine ganz
2059 2444 3112 2499 überraschende Anschmiegsamkeit an die subtilen
2069 2478 3125 2535 Stimmungsfeinheiten der Schnitzlerschen Dichtung zu
2059 2525 3111 2563 geben vermocht. Die Regiekunst in His Majesty ver¬
2059 2573 3109 2622 wöhnt auch sonst den Habitué, wenigstens den an
2059 2594 3118 2665 englischer Schauspielkunst gebildeten. Zur Auf¬
2057 2643 3116 2703 führung von Schnitzlers „Liebelei“ hatte man sich aber
2065 2684 3112 2738 noch eigens Herrn Max Behrend, den Leiter der
2065 2728 3105 2788 früheren Londoner deutschen Bühne und jetzigen
2063 2766 3121 2805 Schauspiel=Regenten am Mainzer Stadttheater ver¬
2048 2809 3111 2850 schrieben. Herr Behrend, der den Deutschen Londons
2049 2856 3111 2898 als trefflicher Regisseur in guter Erinnerung ist, hatte
2062 2899 3106 2948 denn auch mit vielem Geschick alle Reize der Kulissen¬
2061 2940 3108 2994 lyrik aufgeboten, um uns die „Süße Mädel“¬
2060 2968 3029 3017 Stimmung des Stückes glaubhaft zu machen.
2044 3009 3116 3084 hatte auch mit Glück die Leistungen der englischen
2054 3055 2630 3115 Schauspieler, von denen
2629 3061 3109 3117 Herr Henry Ainley
2052 3096 2957 3160 den Fritz Lobheimer, Mr. Hignett den
2956 3104 3111 3161 Hans
2435 3138 2541 3190 Mr.
2396 3150 2432 3179 80
2059 3131 2400 3189 Weiring und
2794 3132 2975 3197 Maude
2991 3147 3101 3197 den
2050 3184 3113 3232 Theodor Kaiser gaben, auf einen Wiener Ton gebracht.
2049 3222 3101 3281 Die Damen freilich, von denen Miß Margaret Halstan
2060 3265 3095 3315 die Christine, und Miß Margaret Bussé die Mizi¬
2056 3302 3095 3353 Schlager repräsentierten, während die Rolle der Lina
2049 3349 3083 3394 in den Händen von Miß Hetty Kenyon lag, ließen
2050 3379 3069 3445 die Molligkeit, die schluchzende Freude und den Schmer
2056 3415 3074 3478 des Wiener Temperaments vermissen, und speziell die
2063 3459 3103 3558 Darstellerin der Christine vermochte selbst nach der
2057 3546 3115 3623 Ansicht der englischen kritischen Kollegen, den Höhe¬
2076 3581 3118 3654 punkten des letzten Aktes nicht völlig gerecht zu werden.
2074 3623 3111 3696 Diesem Versagen ist wohl die Hauptschuld beizumessen,
2082 3668 3116 3753 wenn Schnitzlers „Liebelei“ sich nicht dauernd auf der
2080 3706 2866 3789 britischen Schaubühne einbürgern sollte.“
2535 3759 2622 3836 *
2130 3769 2486 3836 Nu. ons. v
