3484 4352
465 219 707 296 Liebe
993 224 1431 323 box 12/6
290 227 871 352 5. S
528 1163 1382 1258 , Kom, Sen Pronelsec, Sletauele. —
816 1223 1238 1283 (Gaedionengabe vane Gowuns).
470 1241 1635 1367 Ausschaltt aus: Deutsche Warte, Berli
454 1374 1098 1501 vom: 10. APRIL 1915
549 1468 1239 1583 Theater und Musik.
585 1579 1223 1666 Theater am Rollendorfplatz.
403 1617 1508 1712 Eine interessante Vorstellung hatte gestern ein vor¬
315 1677 1515 1771 nehmes Publikum im Theater am Nollendorsplatz zusammen¬
321 1726 1514 1830 geführt. Die Aufführung galt wohltätigen Zwecken und die
320 1763 1524 1866 Darsteller waren Künstler mit klangvollen Namen und aus
329 1802 1524 1889 verschiedenen Lagern. Die Vorstellung fand zum Besten des
329 1868 1524 1936 Deutschen Frauenvereins vom Roten Kreuz
334 1911 1525 1995 für die Kolonien statt, der unter dem Protektorat der
335 1949 1534 2032 Kaiserin steht. Eine erlesene Zuschauerschar, in eleganter
334 1980 1521 2072 Toilette, füllte das schöne Theater; auch der Staatssekretär des
336 2037 1531 2120 Reichskolonialamtes Dr. Solf war ####esend. Keine Ge¬
332 2070 1545 2163 ringere als Agnes Sorma hatte sich in din Dienst der Wohl¬
325 2121 1534 2207 tätigkeit gestellt, und mit ihr bildeten Kurt Stieler vom Lessing¬
342 2174 1527 2255 Theater und neben Rosa Valetti und Franz Blei noch die
347 2197 1547 2300 drei Hauptkräfte des Theaters am Nollendorsplatz: Fritzi
357 2256 1543 2334 Massary, Max Pallenberg und Carl Pfann ein außergewöhn¬
352 2298 1546 2398 liches Ensemble. Gegeben wurde Schnitzlers Schauspiel
355 2345 1548 2433 „Liebelei“. Allzu oft mag wohl nsicht geprobt worden
351 2379 1546 2478 sein, aber die routinierten Krafte fanden sich bald, wenn sie
360 2426 1554 2524 auch in dem Bestreben, recht diskret und naturlich zu spielen,
360 2484 1554 2588 zu weit gingen. Der Ton war zu gedämpft, es fehlte die
365 2517 1551 2614 Frische, das Tempo war zu gemächlich, es fehlte die faszinie¬
366 2562 1564 2663 rende Kraft. Fritzi Massary brachte in der Rolle der
367 2606 1567 2699 feschen, lebensfrohen und leichtgesinnten Mizi Schlager einiges
373 2649 1554 2735 Leben auf die Bühne und in die Stimmung der Zuhörer.
367 2710 1568 2787 Agnes Sorma verlieh der Christine, dem süßen Wiener
374 2741 1563 2830 Mädel, die innigsten Züge, aber sie traf den Ton herben
375 2782 1567 2879 Schmerzes und bitterer Verzweiflung besser, als die zärtlichen
386 2824 1571 2915 Ausdrücke einer naiven, liebenden Mädchenseele. Kurt
385 2872 1563 2954 Stieler gelang es nicht, die Rolle des Fritz Lobheimer zu
375 2903 1576 3007 vertiefen und sympathisch zu gestalten. Karl Pfann fand
354 2983 1532 3057 sich mit der Uldankvären Figli des Theodor Kaiser dure
352 3009 1543 3110 legeres Spiel ab. Max Pallenberg verkörperte der
363 3068 1554 3151 alten Weiring mit dem Humor und der Gute des abgetlärter
365 3105 1539 3192 Menschenkenners und Lebensphilosophen; nur hin und wieder sal
365 3145 1539 3225 durch das liebenswürdige Gesicht der Komiker hindurch. Di¬
364 3186 1562 3270 Episodenrollen der Katharina Binder und des namenloser
375 3238 1561 3332 Herrn waren durch Rosa Valetti bzw. Franz Blei an
371 3302 715 3391 gemessen besetzt.
2172 1557 2992 1669 13 ANEn=O Peituug, Berit
1975 1603 2138 1659 vom:
1928 1680 2908 1791 „Liebelei“ im Theater am Rollendorfplatz.
1893 1760 3013 1826 J. A. B. Es war eine Wohltätigkeilsvorstellung voller
1816 1812 3012 1870 Pikanterien,“ Hoffentlich hat das „„Rote Kreuz“ Freude an ihr
1813 1826 3016 1925 gehabt. Uns-war es, eine Freude, Ahnee Sorma als Christine
1821 1881 3018 1973 wiederzüsehen. Eine rührende Volksgestalt, umzittert von allen
1820 1935 3018 2001 Melancholien bürgerlicher Enge. So treue, unmittelbar erregte
1818 1981 3020 2061 Kunst hilft (wenn auch die Augenblicke blutjunger Zärtlichkeiten
1822 2028 3015 2093 mehr angedeutet als erlebt erscheinen) selbst über Dialektfernen
1816 2058 3016 2146 und über —— — Jahre hinweg. Das jüngste Herz kann Leid
1805 2104 3017 2185 der Liebe nicht heftiger empfinden und empfinden lassen als
1818 2162 3022 2237 dieses. Drei Operettensänger bewiesen ihr reines künstlerisches
1816 2199 3012 2274 Geblüt durch die Ungesuchtheit, mit der sie hier dem Schauspiel
1817 2244 3020 2326 dienten. Fritzi Massary war als Mizzi Schlager in jedem
1807 2290 3004 2366 Takt: Leben. Scharf, nie überscharf. Ein notwendiges
1801 2315 3021 2413 soziales Ergebnis. Herr Pallenberg ein liebes, altes¬
1804 2368 3027 2459 Tatterchen aus Mariahilf. Zuletzt schon an gefährlicher Stotter¬
1804 2418 3002 2497 Grenze. Aber auch eine Volksgestalt. Eine Verkörperung be¬
1804 2448 3011 2551 haglichsten Schlendrians, von entwaffnend gutmütiger Unbe¬
1804 2508 3006 2594 deutendheit (nur nicht immer vernehmlich genug) war der
1794 2565 3017 2634 Theodor des Herrn Pfann. Den Fritz spielte Herr Stieler
1804 2595 2997 2672 korrekt wie stets; die Todesgewißheit wich nie von ihm. Und
1797 2641 3009 2716 auf mich hat auch Franz Blei als der unheimliche Herr, der
1801 2696 2993 2768 seine Wohierzogenheit mühsam meistert, starken Eindruck ge¬
1798 2736 3010 2815 macht. Das Ungewöhnliche, das die Bühne für diesen Schrift¬
1792 2781 3000 2846 steller ist, spielte hier um ihn und für ihn. Und mehr als
1800 2822 3001 2911 Illussion, hier durch die hagere und noble Erscheinung sehr ge¬
1798 2863 2991 2947 fördert, kann man nicht verlangen. Man ahnte während der
1798 2913 2993 2990 drei Akte oft Fugen, die undicht geblieben waren; dennuch hat
1793 2946 2986 3028 der Regisseur, Franz Zavrel, aus diesem Material, das aus drei
1782 2999 2993 3094 Welten kam, eine überraschende Stimmungs=Einheit aufgebaut.
