3484 4256
267 163 349 254 5
374 164 673 243 Liebel
912 165 1357 264 box 13/7
363 189 909 286 n  1
620 1417 1410 1516 Großherzogliches Hoftheater.
904 1488 1128 1554 „Liebelei“.
486 1530 1514 1619 Schauspiel in 3 Akten von Artur Schnitzler.
916 1579 1114 1643 Vorher:
824 1606 1202 1688 „Jugendfreunde“.
636 1654 1408 1729 Eine Szene von Felix Philippi.
541 1699 1542 1775 Nachdem Schnitzlers „Liebelei“, mit dem der
490 1762 1533 1822 Dichter 1895 seinen ersten und bisher echtesten gro¬
499 1813 1543 1868 ßen Erfolg errang, über ein Jahrzehnt hindurch
485 1854 1540 1908 das deutsche Bühnenrepertoire beherrscht hat, hat es
491 1902 1546 1949 nunmehr seinen Weg in unsere Hofbühne gefunden.
490 1939 1542 2006 Die Qualitäten des Werkes sind jedoch derartige,
491 1987 1537 2039 daß sie mit der reichlich späten Aufführung aus¬
488 2028 1537 2092 söhnen. In der „Liebelei“ behandelt Schnitzler das
489 2077 1539 2126 Liebesverhältnis zweier junger Menschenkinder, von
498 2117 1535 2175 denen das eine, Christine Weiring, die Tochter
500 2154 1537 2217 eines alten Viölinspielers, von einer schlichten inni¬
488 2206 1541 2269 gen Herzensneigung erfüllt ist, während das andere,
489 2246 1542 2299 Fritz Lobheimer, ein junger Student aus wohl¬
491 2300 1533 2362 habender Familie, die „Affäre“ nur als oberfläch¬
494 2341 1531 2402 liche, zeitweilige Tändelei, als Liebelei betrachtet.
504 2381 1539 2434 Sein Herz ist in unsiuniger Leidenschaft zu einer
505 2423 1538 2484 Dame der Gesellschaft entbrannt, deren Gatte, als
499 2477 1538 2524 #er sich als betrogen entdeckt, Lobheimer zur Rechen¬
489 2515 1537 2562 schaft zieht und im Duell tötet. Christine erfährt
503 2555 1536 2618 erst, nachdem er bereits unter der Erde ruht, den
500 2604 1541 2665 Zusammenhang, den sie unbewußt geahnt hatte, und
495 2646 1533 2703 die niederschmetternde Erkenntnis dessen, was sie
486 2691 1543 2747 dem Geliebten nicht gewesen ist, treibt sie in den
499 2732 1547 2785 Tod. Ein ergreifendes Stück Wirklichkeit hat hier
486 2783 1541 2839 der Dichter aus dem Leben aufgegriffen und mit
493 2839 1548 2877 der ihm eigenen liebevollen Gestaltungskunst ver¬
490 2865 1538 2921 arbeitet. Christine ist eins jener armen glücks¬
490 2915 1542 2969 hungernden Geschöpfe, die in storker, stolzer Liebe
496 2954 1542 3013 aufblühen, aber den Veilchen gleich am Wege von
496 2998 1544 3058 Leichtsinn und Unverstand zertreten werden. Für
495 3043 1535 3103 sie ist diese Liebe höchste Hingabe, Wesenseinheit,
487 3086 1537 3138 Leben, Glück, Opfer, Sein; was ihr der Geliebte
495 3134 1539 3185 zurückgibt, nur Lustfahrt, empfindsame Episode,
487 3188 1550 3243 Rausch, Schein. Solche Schicksale bietet das Leben
492 3221 1542 3279 zu Hunderten, und unser Mitleid erwacht ange¬
499 3260 1551 3329 sichts der stillen unbeachteten Wunden, die hier der
483 3317 1538 3364 Dichter unbarmherzig und doch so liebevoll vor uns
496 3349 1535 3402 aufdeckt. Dies Lied von der in ihrer Blüte geknick¬
490 3404 1551 3467 ten Blume hal von Natur aus einen derart sent!
1744 1345 1873 1420 Te
2010 1341 2293 1424 r
1561 1415 2596 1470 mentalen Einschlag, daß es kein Wunder ist, wenn
2607 1410 3437 1463 Wenn trotzdem von Anfang an die mer
1554 1461 2603 1507 es uns auf der Bühne bisweilen allzu rührsam und
2606 1460 3427 1512 Stimmung überwog und das Wienerisch
1562 1504 2588 1557 wehleidig vorkommt. Zumal der Schluß des dritten
2614 1507 3438 1559 lieus allzu sehr in den Hintergrun
1566 1548 2601 1606 Aktes hat etwas Quälendes an sich, dessen Milde¬
2616 1540 3443 1606 wurde, so lag es unter anderem an de
2609 1595 3439 1653 Kanderwelsch, das auf der Bühne gespro
1560 1589 2601 1631 rung ganz in die Hände der Darstellerin der Chri¬
1566 1635 2590 1690 stine gegeben ist. Schnitzler hat sich einiger geschickt
2604 1628 3443 1692 und wienerisch sein sollte. Zumal Frau#
1560 1677 2595 1727 eingeflochtener Episoden bedient, um gegen die un¬
2619 1681 3434 1738 sprach einen Dialekt, wie man ihn etwa ##
1553 1709 2599 1776 vermeidliche Sentimentalität der Handlung ein
2609 1729 3430 1776 man die Donau von Donaueschingen übe
1558 1769 2590 1825 wirksames Gegengewicht zu schaffen. Da ist vor
2617 1772 3427 1834 und Wien bis Preßburg heruntergefahre
1551 1805 2597 1863 allem das fidele stimmungsvolle Abendessen auf
2615 1809 3432 1867 Künstlerin, die neulich in den „Helden
1556 1841 2595 1906 Lobheimers Bude, wo hinter dem ausgelassenen
2609 1858 3430 1927 erfreuliche Leistung bot, traf leider gest
1551 1896 2592 1951 übermut der Szene das tragische Verhängnis mit
2609 1906 3428 1961 arg daneben. Aus einem Vorzellanfigür
1559 1938 2598 1994 lastender Schwüle droht, und die reizende Szene in
2620 1946 3432 2002 sie eine Steingutpuppe, for Humor ma
1562 1985 2601 2041 der Wohnung des alten Violinspielers, wo Lob¬
2613 1995 3432 2041 robust und erkünstelt, mehr drastisch als
1552 2026 2591 2084 heimer zum letztenmal vor dem Duell alle Selig¬
2608 2032 3436 2083 fesch! Da sich an dieser Modistin das M
1564 2067 2594 2121 keiten dieser keuschen starken Mädchenliebe ent¬
2622 2071 3434 2125 sagen stets neu belebt, ist auf die Darstell
1560 2117 2597 2177 gegennimmt, in den vier Wänden, die eben diese
2609 2119 3441 2175 Rolle besonderer Wert zu legen. Die übr
1548 2168 2603 2228 Liebe so traut und heimlich macht. Über das ganze
2619 2156 3429 2218 steller sprachen teilweise wienerisch an
1555 2204 2605 2273 Drama hat Schnitzler jene echt wienerische Atw)¬
2618 2202 3437 2261 Hochdeutsch, das sich im Munde von Frl.#
1552 2250 2598 2316 sphäre ausgegossen, die heute lacht, morgen weint,
2619 2248 3431 2318 der die Christine anvertraut war, bes
1549 2293 2599 2349 wo das Leben leicht und graziös von der Oberfläche.
2605 2283 3437 2348 ausnahm. Die Künstlerin spielte den „ar
1550 2341 2593 2396 zu den Tiefen auf= und abgleitet, wo große Emp¬
2623 2337 3437 2389 Fratz“ so schlicht und natürlich, daß ihr
1556 2379 2589 2442 findungen wechseln mit leichten Spielereien. Die
2612 2377 3431 2444 lebenswahr und ergreifend vor uns auf
1562 2421 2592 2488 Wiener Volkspsyche, die Schnitzler so von Grund
2618 2433 3430 2486 der Szene des zweiten Aktes, als sie dem
1563 2478 2600 2526 auf erkannt und dramatisch gestaltet hat, lebt und
2612 2471 3431 2532 ihr kleines Heim und ihre große Liebe
1558 2527 2598 2583 webt auch in diesem Stücke und verleiht ihm einen
2614 2512 3426 2570 sie von einer liebenswerten Anmut u
1558 2562 2591 2615 eigenartigen Charme. Ihre typischen Vertreter sind
2616 2555 3426 2614 rauscht von all den Stimmen ihres lieb
1552 2607 2593 2661 eine übermütige, stets frohgelannte Modistin und
2610 2609 3413 2658 Herzens. Herr Illiger unterstrich
1554 2645 2591 2701 ein ebenso leichtblütiger Student, der erst an der
2617 2636 3438 2717 Lobheimer den melancholischen Grundt
1549 2690 2593 2745 Bahre des Freundes den Ernst des Lebens begreift.
2607 2682 3415 2743 allzu kräftig und störte daher erbeblich
1553 2735 2597 2788 Auch in Christine und Fritz Lobheimer prickelt jenes
2605 2731 3435 2795 mung des Soupers, in die er sich gewaltsc
1553 2775 2593 2844 leichte Wiener Blut — und das darf bei der Darstel¬
2613 2784 3432 2831 künstelter Fröhlichkeit hinelnversetzen so
1561 2821 2598 2865 lung dieser Rollen nicht unterdrückt werden —, aber
2606 2819 3437 2888 dem Augenblick aber, wo die Tragödie be
2613 2868 3443 2918 er echt und überzeugend. Herr Vollm
1548 2861 2596 2921 bei aller Lebenslust und Jugendfröhlichkeit dringt
2612 2907 3436 2969 den Freund recht matt und ohne stärker
1555 2912 2592 2960 doch ein sehnsüchtig=schwermütiger Grundton durch,
1562 2952 2599 3010 der zusammen mit der tragischen Kulisse des Hinter¬
2617 2953 3438 3011 brachte aber in den ersten Akt zusammen
1551 2995 2584 3068 grundes wie ein Schatten durch das Stück gleitet,
2617 3000 3429 3050 Erland frisch pulsierendes Leben. Im übri
2607 3046 3421 3099 die Leistung lebhafte Reminiszenze###
1556 3050 2591 3097 immer stärker und gebieterischer tönend, um end¬
1565 3089 2589 3137 lich in den tragischen Schlußakkord auszuklingen.
2618 3084 3446 3155 sor“ des Künstlers. Ausgezeichnet gab H#
1625 3129 2593 3182 chtvoll gelungen ist dem Dichter die Gestalt des
2604 3128 3434 3181 den alten Violinspieler, den er bereits
1621 3175 2602 3231 n Violinspielers, der ein Stück altes Wien in
2604 3170 3432 3235 mit großem Erfolge spielte. Besonders
2603 3214 3436 3279 stummen Spiel der Schlußszenen trat das
1635 3217 2601 3278 birgt, und die genannten Gegensätze der Cha¬
1632 3254 2603 3320 ere, die nur scheinbare sind, verbinden hilft. Die
2616 3259 3441 3317 Charakterisierungsvermögen des Künst
1630 3318 2591 3363 gie des Herrn Linsemann hatte sich bemüht,
2605 3304 3444 3367 eindrucksvollste hervor. Dem betrogen
2609 3347 3430 3405 lieh Herr Bauer einen starken dämon
1637 3352 2596 3407 es wienerische Helldunkel herauszubringen und
1633 3395 3435 3464 t den notwendigen Glanzlichtern auszustatten. der die unbeimliche Sphäre des Hin
