3248 4320
298 165 445 272 5.
497 158 831 243 iebelei
424 157 1426 283 Lieestel box 10/1
729 1003 1794 1081 „seikrten ausgestätter sind, wie undere Meitschen,
1853 992 2601 1082 —rr ogtont soichel erhech
735 1056 1778 1128 so fehlt es in dem Kreise der Neugewählten sicher
1771 1032 3263 1126 das eroberte Wien anzutreten, das wäre allerdings auf ihren gewohnten?
737 1114 1774 1176 nicht an vorläufig ganz intimen Kämpfen zwischen
1777 1111 3263 1182 wohl beklemmend für die Sieger. Das würde ihnen die fortschrittliche Min¬
736 1156 1776 1215 all Denjenigen, die sich berufen fühlen, etwas mehr
1776 1157 3262 1220 wohl auch einen Vorgeschmack für Dasjenige geben, recht gleichgiltig, wel
725 1182 1774 1262 zu sein, als ein blos abstimmendes Mitglied der
1772 1203 3254 1267 was zu erwarten stünde, wenn sie in dem Glauben, gegenwärtigen Lager de
1762 1303 2798 1380 Waffen!... Ein Kuß, ein herzlicher Händedruck, einige
1434 1304 1523 1364 174
2796 1306 3262 1373 „süße Mäd'l“, das sehr lei
982 1298 1535 1409 Das süße „Mäd'l.
1773 1348 2800 1405 verstohlene Thränen, ein halb unterdrücktes Schluchzen —
2795 1353 3241 1420 der Charakteristik des
834 1369 1773 1449 Es ist ein gar wehmüthiges Lied, das die Pariser
1760 1390 2806 1471 und die Trennung von Herz, Tisch und Bett war voll¬
2798 1406 3253 1461 blonden Köpferl, mit sein
734 1440 1771 1498 Studenten bei ihren heiteren Gelagen in dem Momente
1766 1446 2802 1494 zogen. — Mit dem zweiten Kaiserreich verschwand dieser
2792 1445 3251 1512 mit seiner lächelnden, scha
728 1491 1768 1541 zu singen beginnen, wenn die Stimmung eine rührselige
1775 1493 2802 1546 Typus aus dem Leben und aus der Literatur. Und als
2793 1489 3261 1559 tragenen Wiener Walzer“
732 1531 1775 1591 wird. Es schildert iene längst verrauschte Zeit, da in den
1768 1538 2805 1600 Alphonse Dandet ihn später wieder aufgriff, trug die
2797 1548 3253 1612 Strauß'sche Musik, ins
724 1560 1767 1658 Studentenmansarde des alten Quartier Latin das fröh¬
1764 1591 2807 1647 einstmalige Grisette so völlig veränderte Züge, daß sie
2798 1588 3263 1652 „süße Mäd'l“ ist eben
732 1622 1772 1692 liche Lachen der Pariser Grisette erklang. „Du bist jetzt,“
1764 1628 2791 1683 nicht mehr zu erkennen war. Aus dem früheren leicht¬
2799 1642 3252 1708 ansprüchig, wie die Gi
735 1676 1768 1743 heißt es in diesem Liede, „wenn Du noch lebst, ein altes
1764 1672 2798 1754 lebigen, genügsamen Mädchen, das man mit einem Kuß,
2803 1677 3259 1743 keine Diamanten und
726 1715 1772 1783 Mütterchen, strickst irgendwo in der Provinz einen
1770 1731 2791 1791 einer Blume beglückte, war ine verschwenderische, leiden¬
2789 1728 3264 1789 einmal ein Bracelet. Wer
728 1767 1768 1827 Strumpf, aber manchmal erhellt Dein runzeliges Gesicht
1773 1775 2791 1844 schaftliche, perfide und launische Courtisane geworden, eine
2795 1782 3263 1842 bouquet üverbringt, so ist
725 1805 1768 1883 ein Lächeln; Du denkst dann an die schönen, alten
1769 1824 2796 1882 Sappho, die dem Geliebten das Lebensmark aussog,
2786 1823 3263 1888 steht ihr eine Thräne im
731 1856 1765 1927 Zeiten!“ Ja, diese schönen Zeiten sind längst vorüber.
1770 1866 3262 1936 moralisch und physisch. „Für meine Söhne, wenn sie kein Gelüste darnach, bei
723 1905 1759 1960 Die Pariser Grisette existirt nicht mehr. Sie ist zur
1763 1916 2803 1978 zwanzig Jahre alt werden,“ hatte der Dichter auf die
2782 1917 3260 1984 einem frugalen Nachtma
731 1952 1761 2012 Legende geworden. Die Erinnerung an sie tönt nur noch
1761 1964 2788 2020 erste Seite jenes Romans geschrieben, in dem er ein
2786 1960 3264 2028 holfen. Das ist die milden
729 1998 1765 2061 im Liede, lebt nur noch in literarischen Dokumenten. Aber
1758 2005 2791 2080 solches Weib mit erschreckender Wahrhaftigkeit zeichnete.
2785 2006 3263 2080 nicht faszinirend schön, n
733 2039 1763 2102 wenn wir in diesen Urkunden, wie sie uns Alfred de Musset
1762 2060 2786 2119 Dieses Buch sollte eine Warnung sein vor jenen leicht¬
2789 2064 3251 2125 nicht geistreich ist, aber 3
728 2091 1761 2152 und Muryer zurückgelassen, blättern, da taucht dieser
1765 2106 2789 2168 geschürzten Verbindungen, die auf das Lebensschicksal so
2782 2104 3256 2171 zu lieben weiß. Der Dicht
1328 2132 1410 2176 #
726 2145 1762 2202 eigenthümliche, von einem romaniischen Zauber verklärte
1767 2155 2788 2228 manchen jungen Mannes in Paris vernichtend einwirken.
2786 2162 3251 2219 einen härteren Typus die
720 2192 1763 2263 Mädchentypus in seinem wunderlichen Liebreiz vor uns
2782 2199 3263 2265 ist sie, die Mizzi, in seine
725 2222 1774 2316 auf. Da treten sie vor uns, diese Mimi Pinson, diese
1839 2217 2788 2312 Nahezu ein halbes Jahrhundert ist dahingerollt,
2789 2247 3254 2306 ist in Sacher's Speisekarte
721 2283 1761 2350 Musette, diese Colline, lauter junge, lebensstrotzende
1755 2282 2789 2355 seitdem die französische Dichtung den holden und harm¬
2782 2299 3263 2370 verschiedenen Waffengattun
723 2328 1759 2401 Mädchen, die mit Studenten und jungen Künstlern
1759 2334 2789 2391 losen Pariser Grisetten=Typus festgehalten und durch eine
2786 2349 3263 2407 gerne Champagner, trink
719 2380 1761 2435 in glücklicher Sorglosigkeit hausten, die in deren Heim be¬
1766 2386 2790 2454 Reihe prächtiger Figuren illustrirt hat. Und nun taucht
2788 2389 3250 2451 Schwips an, wechselt un
718 2405 1758 2489 scheiden und haushälterisch walteten, alle Misèren einer
1761 2434 2788 2499 dieser Typus in seiner milderen und seiner härteren Form in
2778 2443 3262 2498 mildert ihre laxe Moral d
729 2477 1756 2537 Zigenner=Existenz lächelnd duldeten, keine Ansprüche machten
1756 2483 2783 2530 der Wiener Literatur auf. Die Grundzüge aus dem eigen¬
2776 2478 3254 2545 natürlicher Gutmüthigkeit.
721 2506 1757 2584 und mit den geringsten Geschenken vorlieb nahmen. In
1756 2529 2783 2585 artigen Charaktergepräge der einstmaligen Pariser Grisette
2784 2534 3253 2592 Brettern des Burgtheaters
721 2573 1758 2627 diesen losen Verbindungen, die ein Zufall knüpfte und der
1759 2575 2780 2641 finden wir nämlich in den Mädchengestalten, die Arthur
2777 2572 3261 2646 man lachte, man applaudi
717 2606 1766 2675 Drang der Umstände löste, schwur man sich keine ewige
1757 2626 2777 2672 Schnitzler in seinem Buche „Anatol“ und in seinem Schau¬
2781 2626 3262 2682 gewichtigen Stimmen, wel
714 2656 1754 2708 Treue. Nein! Es war ein Liebesbund auf Kündi¬
1759 2665 2780 2734 spiel „Liebelei“ vorführt. Die längst verschollene Mimi
2782 2675 3251 2739 dramatischen Dichtung ein
710 2701 867 2762 gung.
857 2708 1752 2768 Die Grisette wußte dies sehr wohl. Es
1754 2714 2791 2777 Pinson feiert in Wien ihre fröhliche Auferstehung, sie ist
2773 2719 3251 2796 neue Gestalt von urwück
723 2746 1753 2812 fehlte daher auch die Tragik, wenn so ein Parchen
1753 2763 2786 2831 bei Schnitzler das Wiener Vorstadtmädchen, das man auf
2771 2761 3013 2840 deckt habe.
713 2803 1755 2856 nach einem kürzeren oder längeren Zusammenwohnen
1756 2806 2787 2868 der Straße, beim Tanz, in einem Omnibus, unter einem
718 2836 3261 2940 auseinanderging. Kein Jammern, kein Drohen mit Regenschirm kennen lernt und rasch an sich lockt. Dieses Schnitzler ist also dei
1975 2931 2663 3010 Hiezu zwei Einlagsbogen.
761 2962 1357 3171 N. U/7
1096 3099 1652 3321 #
902 3158 1119 3318 2 7
