3436 4256
322 139 665 214 Liebele
205 140 1304 250 5.1 box 13/4
1844 40 2066 98 Wre
1751 84 2892 141 tuend einen derartigen Vergleich. Knapp, sparsam sind die
1741 142 2892 188 Möglichkeiten, die das Theater bieten. Zusammengepreßt,
1743 181 2901 233 gewitterähnlich vollzieht sich dort die Katastrophe, als End¬
1736 222 2897 278 ergebnis aller Voraussetzungen, die zu erraten, die erratend
1734 267 2891 313 zu empfinden die Phantasie von Darstellern und Zuschauern
1733 303 2901 366 beschäftigt. Die Kamera dagegen, die Filmleinwand haben
1732 357 2892 414 keinerlei Hemmungen weder im Raum noch im Wechsel der
1739 400 2902 448 Schauplätze. Darin liegt ihr enormer Reichtum, liegt auch
1743 438 2196 503 ihre ungeheure Gefahr.
1827 482 2909 532 Da ist nun ein Film, der die reichen Möglichkeiten der
1742 526 2891 572 Leinwand gewissermaßen mit Entsagung nützt und die Ge¬
1728 585 2905 644 fahren weitschweifigen Geschwätzigseins, bildüppigen Kitsches
1729 623 2905 692 aufs glücklichste meidet. Der Regisseur Ophüls, den man von
1737 669 2901 722 seiner kurzen Tätigkeit am Burgtheater in bester Erinnerung
1735 721 2903 775 behielt, gehört zu jenen Künstlern der jüngeren Generation,
1731 762 2893 810 die entschlossen sind, Geschmack, Feingefühl, wirkliche Musi¬
1738 806 2902 872 kalität und echtes Menschentum in die Filmateliers zu
1728 853 2893 905 bringen an Stelle der gewaltsamen, abgeschmackten Ver¬
1724 904 2904 956 fälschungen, deren klebrige Uebersüßtheit so zahllose Leute
1734 964 2905 1019 aus den Kinos vertreibt. Besonders das Wienerische, das nie
1732 1002 2883 1063 existiert hat, die Heurigendudelei, zu der geflügelte „Engerlu“
1726 1038 2893 1111 in den Bäumen sitzen, die Johann=Strauß=Wonnen, die sich
1734 1092 2902 1140 derart nur in den Köpfen balkanischer Provinzler zutragen,
1731 1138 2903 1185 sind durch Regisseure vom Format des Ophüls erledigt. Nach
1739 1188 2906 1241 und nach gewiß auch die balkanbenachbarten Provinzler, die
1734 1220 2912 1278 sich lange genug für Weaner ausgeben durften Ophüls
1736 1279 2892 1330 täuscht kein Wien vor, gegen das man sich auflehnen muß.
1731 1324 2892 1384 Der Anfang seiner Liebelei, der in der Oper spielt, mit dem
1724 1370 2890 1419 unsichtbaren Kaiser, mit dem Theaterglas, das von der
1732 1420 2898 1458 Galerie ins Parkett fällt, dieser Anfang ist ein wenig un¬
1727 1466 2895 1520 beholfen, doch zu kurz, um zu stören. Dann aber saßt Ophüls
1728 1504 2898 1564 den Stoff der Liebelei behutsam und energisch zugleich an.
1733 1558 2899 1600 Straff rollen die Vorgänge ab, straff vollzieht sich der Wechsel
1722 1611 2898 1665 vieler Schauplätze. Das Verhältnis, darin der junge Fritz
1734 1646 2898 1698 mit der Baronin umstrickt ist und davon er sich befreit, weil er
1730 1692 2904 1752 die Lüge verschmäht und weil er Christine liebt, wird klar
1722 1739 2895 1802 hingestellt. Die Liebe, zu der die Liebelei zwischen Fritz und
1727 1785 2904 1836 Christine erblüht, ist auf einer photographisch wunderschönen
1726 1834 2893 1896 Schlittenfahrt ganz ohne Sentimentalität überzeugend zum
1723 1879 2907 1937 Bewußtsein gebracht. Dramatische, filmdramatische Spreng¬
1726 1917 2910 1979 kraft haben die Szenen, in welchen der Gatte den Betrug
1731 1971 2901 2018 seiner Frau erfährt, besonders die Szene, in welcher er Fritz
1732 2016 2899 2069 des Betruges überführt und ihn zum Duell herausfordert,
1730 2058 2898 2126 das Fritz als Offizier, und eben deswegen ist er i Film
1724 2111 2895 2173 Offizier, nicht ablehnen kann. Diese Szenen, an denen auch
1723 2148 2894 2205 die Verfasser des Drehbuches, Wilhelm und Alexander, ihren
1728 2202 2895 2260 großen verdienstlichen Anteil haben, sind ganz unabhängig
1730 2258 2895 2305 von Arthur Schnitzler erfunden, wenngleich im Geist seiner
1729 2295 2897 2355 Dichtung. Sie sind neuartig, sind aus dem jungen Genre
1726 2337 2894 2404 des Films entstanden, ebenso wie jener Augenblick, da
1731 2388 2899 2441 Theodor und die Schlagermizzi von ferne das Duell behorchen.
1727 2436 2895 2499 Ein Schuß knallt, die beiden warten, lauschen, dann fragt
1734 2478 2898 2542 Theodor bedrückt: „Wo bleibt der zweite Schuß?“ Mizzi
1731 2524 2904 2580 viederholt mit entsetztem Schrei diese Frage, und man weiß:
1729 2572 2899 2619 etzt liegt Fritz tot auf dem Rosen. Das ist wirklich filmisch.
1826 2618 2886 2664 Die Darsteller sind im ganzen ausgezeichnet. Der
1730 2663 2892 2718 kleinen, reizenden Magda Schneider hätte man die Christine
1727 2723 2891 2771 sicht zugetraut. Doch diese Süddeutsche bringt das holde
1731 2751 2892 2820 Wiener Mädel, bringt die Gefühlsinnigkeit der wahrhaft
1736 2814 2888 2868 Liebenden schon vor der Katastrophe so einfach, so glaubhaft,
1739 2849 2891 2898 #aß sie die Wendung zum Tragischen nur ganz kurz anzu¬
1733 2899 2887 2953 deuten braucht, um zu überzeugen. Eine rührend liebenswerte
1736 2941 2888 3004 Festalt ist der Fritz des Herrn Liebeneiner. Er hat alles zu
1737 2987 2881 3044 einem jugendlichen Liebhaber ersten Ranges. Schwung,
1743 3034 2892 3093 Zartheit, Anmut und Lyrik. Das andere Paar, Fräulein
1731 3081 2879 3135 Ullrich und Herr Eichberger, bringen eine wohltemperierte
1728 3132 2892 3186 Munterkeit. Herr Gründgens aber in seiner meisterhaften
1737 3173 2895 3226 Kälte hat, wie so oft, auch diesmal die Todesdrohung des
1731 3214 2885 3270 Schicksals an sich, eine Eigenschaft, die ihn für die Bühne
1736 3259 2686 3311 vie für die Flimmerleinmand unersetzlich macht.
1808 3317 2890 3360 Dieser „Liebelei"=Film, in Mozart=Musik und in die
1740 3353 2891 3401 ingeheure Melodie von Beethovens „Fünfter“ gewiegt, läßt
1747 3403 2883 3472 en Stoff Schnitzlers zu seiner Entstehungszeit unberührt,
1735 3446 2886 3489 üllt ihn mit modernem Denken und Empfinden und be¬
1733 3492 2878 3535 bahrt der Dichtung den Charakter einer zeitlosen Liebes¬
1732 3530 2896 3590 allade. Es ist eine Filmarbeit, abseits von jeder Schablom##
1743 3625 2907 3693 auf neuen, zukunftsreichen Wegen, eine Arbeit, die nicht bloß;
1735 3684 2879 3734 Erfolg hat, sondern in der Art René Clairs, in der Art
1744 3734 2887 3782 Granowskys und weniger anderer Regiekünstler Folge haben
1747 3771 2881 3817 wird. Diese jung erblühende Form des Lichtspieles muß und
1746 3815 2884 3871 wird das Puvlikum erobern, das vom süßverlogenen
1744 3854 2466 3926 Schmarrn längst schon übersättigt ist.
