3436 4320
1616 -10 2382 60 seine literarischen Neigungen neben dem Stu¬
1616 34 2444 109 dium der Medizin, auf welchem sein Vater g
1613 99 2455 177 behärrlich bestand, immer tiefer Wurzel bei is
1621 150 1890 215 ihm schlugen.
2404 162 2447 214 K
1658 177 2442 253 Sein Vater, der Universitätsprofessor Dr.]
1624 244 2444 300 Jöhann Schnitzler, als Spezialist für Krank=u
1616 282 2440 345 heiten der Hals= und Athmungsorgane eine
1626 327 2442 398 europäische Celebrität, gehörte als medizi=
1629 378 2435 457 nischer Schriftsteller und als praktischer Arzt (
1617 435 2429 507 zu den Zierden der berühmten Wiener=Schule.
1627 485 2413 552 Dés Vaters Schnitzler großer Ruf als Arzt,
1628 531 2394 599 der ihm die Clientel von Mitgliedern des Wie¬
1632 563 2403 641 ner Kaiserhauses wie auch auswärtiger re¬
1625 627 2396 688 gierender Familien und des höchsten Adels
1621 676 2414 749 verschafft hatte, machte auch eine Reihe der
1626 723 2439 777 vornehmsten Geister Oesterreichs im Hause
1637 763 2457 843 Schnitzler verkehren, um so mehr als spe¬
1619 822 2416 888 ziell die Wiener Kunstgrößen, namentlich!
1632 861 2453 943 aber auch die Helden und Heldinnen der bei¬
1626 918 2426 973 den Wiener Hofbühnen, in ärztlicher Be¬
1625 963 2408 1044 ziehung den Vater Schnitzler fast als Schutz¬
1635 1026 1970 1090 patron verehrten.
1670 1076 2421 1158 Kurz, wenn Arthur Schnitzler mit einer
1638 1140 2416 1192 poetischen Ader geboren wurde, so wirkten!
1630 1177 2408 1250 äußere Umstände auf das Günstigste zusam¬
1630 1227 2413 1286 men, um sein Talent zur Entfallung zu
1639 1276 2418 1340 bringen, und schon nach seinem ersten dia¬
1644 1318 2421 1394 matischen Versuche anläßlich eines Haus¬
1646 1385 2431 1436 theaters (Arthur S. war damals 16 Jahre
1640 1421 2423 1495 alt) prophezeite Mosenthal, der Dichter der
1637 1467 2435 1553 „Deborah“, dem jungen Musensohne eine
1632 1524 2003 1592 glänzende Zukunft.
1675 1567 2433 1639 A. S., derzeit im Anfange der Dreißiger
1645 1634 2431 1693 stehend, hat nun, sobald er seine medizini¬
1652 1673 2425 1740 schen Studien glänzend absolvirt hatte, ne¬
1652 1718 2433 1801 ben seiner ärztlichen Thätigkeit zunachst durch
1646 1771 2429 1842 eine stattliche Reihe von Beiträgen für her¬
1656 1813 2443 1892 vorragend schöngeistige Zeitschriften die Auf¬
1661 1872 2438 1935 merksamkeit weiterer Kreise auf sich gelenkt,
1648 1914 2442 1988 und da man in literarischer Beziehung ganz
1655 1982 2435 2031 so wie von einem jungen Deutschland auch
1661 2014 2422 2074 von einem jungen Oesterreich sprechen barf,
1657 2066 2423 2132 ist es nicht zu viel gesagt, wenn wir Schnitz¬
1650 2122 2435 2196 ler als einen Führer der „Jungen“ in Oester¬
1652 2172 1963 2239 reich bezeichnen.
1692 2196 2435 2275 Sein erster zur Aufführung gelangier dra¬
1649 2268 2440 2340 matischer Versuch „Das Märchen“ erregte
1652 2295 2439 2381 ebenso viel Beifall als Widerspruch. Die
1666 2363 2445 2442 Tendenz des Stückes, für ein durch fremde
1666 2409 2428 2470 Schuld gefallenes Mädchen die Wiederauf¬
1664 2461 2450 2533 nähme in der guten Gesellschaft als ein gutes
1660 2507 2436 2569 Recht in Anspruch zu nehmen, hatte aller¬
1661 2561 2455 2636 dings von vornherein dem Autor die erste
1666 2611 2444 2681 Wiener Bühne, das kaiserliche Hofburg¬
1660 2658 2448 2723 Theater, für dieses Schauspiel verschlossen.
1672 2703 2449 2763 Aber auch der nur theilweise Erfolg, oder,
1670 2748 2455 2822 wenn man sagen will, der Mißenfolg des
1665 2804 2453 2876 „Märchen“ im Wiener Volkstheater hatte
1663 2851 2455 2919 die Erwartungen auf Schnitzler's Zukunft
1672 2902 2456 2977 als Dramatiker gesteigert, während zugleich
1675 2956 2455 3018 seine novellistischen Leistungen (namentlich
1669 3009 2448 3072 die Geschichte „Sterben“) seinen Ruf in im¬
1670 3055 2162 3124 mer weitere Kreise trugen.
1714 3100 2455 3170 So kam die Erstaufführung von der
1687 3155 2444 3223 „Liebelei“ im Wiener Burgtheater heran.
1672 3200 2448 3277 Man sah ihr mit größter Gespanntheit ent¬
1673 3226 2458 3312 gegen, weil bekannt geworden war, daß so¬
1687 3297 2462 3365 wohl der Burgtheater=Director Dr. Burk¬
1683 3334 2458 3422 hardt, als auch der bekanntlich sehr Kritisch
1687 3403 2451 3463 veranlagte Kunstreferent speziell der Wiener
1684 3445 2446 3516 Neuen Freien Presse, Speidel, sich mit Wor¬
1684 3495 2449 3564 ten der höchsten Anerkennung über die „Lie¬
1681 3543 2467 3601 belei“ ausgesprochen hatten. Der Erfolg war
1691 3598 2450 3664 durchschlagend und bleibend. Schnitzler's
1687 3634 2464 3717 „Liebelei“ wurde in jener Saison einer der
1689 3695 2456 3762 größten Kassenerfolge des Wiener Burg¬
1679 3742 2497 3813 Theaters und bald darauf ein oft gegebenes
