3436 4256
217 166 315 251 5
351 163 760 232 Liebelei
894 157 1345 252 box 13/4
337 210 788 264 annee en in aun un — —
2239 295 2499 397 „OBS
2512 297 2730 395 RVER
2279 500 2486 587 Freie
2292 561 2605 651 AbPRaUiate
1924 505 2087 689 56
1882 709 2966 799 Verhandlungen des Volhstheater: mit
720 699 1568 808 „OBSERVER'
2204 778 2610 854 Luise Ullrich.
819 807 1519 865 I. österr. behördl. konzessioniertes
1908 827 3011 903 Direktor Jahn verhandelt gegenwärtig mit Luise Ullrich.
799 855 1549 926 Unternehmen für Zeitungs-Ausschnitte
1805 856 2903 954 dem früheren Mitglied des Deutschen Volkistherters,
863 909 1482 991 WIEN, I., WOLLZEILE 11
1834 925 2999 988 sie für die Darstellung der Hauptrolle in der nächsten Novität
1825 976 2995 1024 „Geld ist nicht alles“ von Bus=Fekete zu gewinnen. Das
926 972 1415 1031 TELEPHON R-23-0-43
1832 1008 2999 1088 Wiener Publikum hat Luise Ullrich zuletzt als Schlager=Mizzi im
1826 1045 2305 1129 „Liebelei“= Film geschen.
731 1095 1115 1182 Ausschnitt aus:
1282 1200 1697 1319 anet. Maflin¬
596 1238 1056 1343 6 MHZ. 1933
739 1335 890 1395 bant“
2225 1328 2976 1418 —
897 1385 2015 1544 Zwei Christinen
2013 2564 2052 2599 82
1253 2605 2432 2698 A
1022 2641 1087 2703 K
688 2675 2386 2768 Adele Sandrock, wie sie die Christine bei der Welt-Uraufführung von „Liebelei“ spielte,
1038 2740 2063 2814 und Magda Schneider, die sie jetzt im Film darstellt
1552 2814 2460 2903 erst jetzt ihr Gedächtnis an diese Premiere:
704 2855 1449 2937 Die erste Christine erzählt:
1555 2886 2453 2955 vor 38 Jahren. Schnitzler habe einmal
687 2911 1525 2987 „Seien Sie mir, bitte, nicht böse; aber ich
1562 2930 2453 2997 gesagt, erzählt die erste Christine bescheiden und
640 2962 1519 3025 kann mich auf Einzelheiten nicht mehr entsinnen!“
1558 2974 2453 3040 ganz leise, es hätten zwar viele diese Rolle nach¬
642 3017 1528 3070 sagt Adele Sandrock, die vor nunmehr 38 Jah¬
1563 3012 2445 3075 gespielt, aber keine Christine wäre mit
639 3069 1519 3113 ren am Burgtheater in Wien die erste Christine
1550 3051 2458 3107 der der Sandrock zu vergleichen
640 3101 1527 3158 war, als Arthur Schnitzlers „Liebelei" Premiere
1554 3096 2441 3172 gewesen. Und Frau Sandrock schämt sich fast
630 3140 1530 3210 hatte. „Nur###weßich daß wir damals
1553 3146 2454 3202 ein bißchen, daß sie so gar keine Auskünfte geben
627 3186 1531 3263 viel miteinander durchgemacht haben
1560 3187 2453 3261 kann. „Es ist zu lange her!“ sagt sie entschuldigend.
686 3230 1533 3278 der Arthur und ich. Er hatte schon fast
1604 3232 2459 3308 Die erste Christine hat viele, viele Male diese
624 3274 1528 3326 die Hoffnung aufgegeben, seine Stücke sandte er
1560 3278 2453 3349 Rolle gespielt; durch die ganze Welt ist sie damit
626 3325 1535 3381 alle nach Berlin, da führte Direktor Burck¬
1564 3330 2449 3393 gereist und hat Erfolge über Erfolge eingeheimst.
623 3363 1131 3424 hardt die „Liebelei“ auf.“
1562 3379 2446 3439 Jetzt kommt die Sandrock gerade aus Wien, und
689 3387 1521 3460 „Jawohl, es war sein erster, richtiger Erfolg!
1557 3414 2460 3491 sie erzählt von der heutigen Christine, von Paula
639 3449 1530 3499 „Das Märchen“ war sanft durchgefallen, auch die
1562 3471 1799 3536 Wessely.
625 3495 1534 3547 beiden ersten Akte der „Liebelei“ standen, wie man
1618 3486 2455 3576 Und dann trägt die bezaubernde Schauspielerin,
637 3524 1542 3579 so sagt, auf des Messers Schneide; der Schlußakt
1564 3555 2458 3613 in deren Gegenwart man vor Hochachtung fast
629 3574 1533 3630 entschied den Durchbruch dann. Es war eine ganz
1555 3593 2450 3660 stumm wird, einem unzählige Grüße an ihre Be¬
631 3612 1537 3675 große Besetzung: Kutscherer und Ziska waren
1556 3653 2451 3699 kannten auf; es ist so, als lebe sie völlig abge¬
632 3659 1536 3725 die beiden jungen Leute, Sonnenthal spielte
1567 3682 2459 3755 schlossen von der Welt in dieser schönen Wohnung
623 3714 1533 3781 die Weihring und Friedrich Mitterwurzer —
1556 3728 2461 3781 im neuen Berliner Westen. Dabei ist sie so selten
629 3744 1536 3807 „mein Friedrich“, sagt Frau Sandrock und zeigt
1563 3775 2406 3833 hier; fast immer hat sie in den Ateliers zu tun.
626 3794 1536 3842 auf die Wand wo sein Bild mit goldenem Lor¬
1609 3819 2456 3886 „Und wirklich nicht böse sein, daß ich Ihnen so
625 3850 1534 3891 beer geschmückt hängt — war „der Herr". Sie
1566 3867 2456 3934 gar nichts erzählen konnte von dem, was Sie
627 3877 1542 3932 wissen ja, der hat nur einen Satz zu sagen, der
1573 3921 2450 3969 wissen wollten“, sagt sie noch einmal, „38 Jahre
735 3914 1347 3982 muß eine Welt einstürzen lassen!“
1561 3961 2460 4020 sind eine lange Zeit, und man hat sich inzwischen
702 3945 1527 4028 dele Sandrock spricht den berühmten Satz vor
636 4002 2026 4068 sich hin, und es kommt einem so vor, als erwache] zu viel merken müssen. ..“
