3436 4256
291 246 676 320 Liebelei
256 250 1285 357 — box 13/5
915 1315 1310 1439 GRATIS
536 1459 1378 1571 „OBSERVER
635 1537 1339 1621 I. österr. behördl. konzessioniertes
596 1590 1352 1673 Unternehmen für Zeitungs-Ausschnitte
677 1653 1284 1728 WIEN, I., WOLLZEILE 11
750 1711 1251 1772 TELEPHON R-23-0-43
550 1777 1443 1912 Aunschait uner seirte Aaeree
720 1904 1044 2005 Avendblet:
872 1971 1264 2078 2 9.MAI 55
558 2081 717 2138 vom:
517 2169 1397 2270 Grazer Theater. Heute erster Abend der
454 2236 1395 2310 Juni=Festspiele, österreichischer Dichterabend, Gast¬
455 2307 1385 2364 spiel hervorragender Mitglieder des Wiener Burg¬
466 2341 1383 2410 und Volkstheaters: „Der Tor und der Tod“
468 2383 1388 2444 von Hugo v. Hofmannsthal und „Liebelei“ von
471 2440 1383 2504 Artur Schnitzler. In den Hauptrolken: Raoul
468 2493 1389 2537 Aslan, Maria Mayen, Emmerich Reimers, Alma
470 2530 1386 2596 Seidler, Maria Gutmann, Kurt von Lessen. Künst¬
464 2573 1391 2641 lerische Leitung Direktor Hans Sonnenthal. (Mäßig
466 2629 1393 2694 erhöhte Preise. Blockanweisungen gegen Auf¬
459 2677 1387 2749 zahlungen gültig.) Weil Hermine Körner erkrankt
469 2718 1385 2781 ist, entfällt das für morgen Dienstag als zweiter
468 2775 1388 2833 Abend der Juni=Festspiele angesetzte Gastspiel Paul
470 2820 1384 2878 Wegeners. Dafür wird die am vergangenen Sams¬
470 2874 1389 2936 tag mit Beifall ausgenommene Operettenneuheit
459 2913 1263 3004 „Tango um Mitternacht“ gegeben.
2172 1298 2685 1394 Grazer Montagtzeitung
2237 1455 2668 1580 29. 5Al 1933
1963 1618 2850 1708 Grazer Theaterspielplan. Heute erster
1930 1662 2836 1738 Abend der Inni=Festlviele: Österreichischer Dichter¬
1928 1714 2842 1790 abend Gastspiel hervorragender Mitglieder des
1931 1754 2843 1854 Wiener Burg= und Volksiheaters. „Der Tor
1925 1812 2837 1909 und dar Tod“ von Hugo v. Hofmannsthal und
1924 1852 2844 1945 „Liebelei“ von Arthur Schnitler. In den
1909 1900 2817 1988 Hauptrollen: Raou! Aslan, Maria Majen, Em¬
1899 1943 2840 2042 merich Reimers, Alma Seidler, Maria Guttmann.
1894 1987 2802 2091 Kurt v. Lessen. Künstlerische Leitung: Direktor
1896 2051 2826 2148 Hans Sonnenthal. Mäßig erhöhte Preise, Block¬
1892 2111 2623 2190 anweisungen gegen Aufzahlung gültig.
2697 2130 2795 2178 Da
1887 2153 2810 2232 Hermine Körner plötzlich erkrankt ist, entfällt das!
1892 2193 2793 2269 für morgen Dienstag alt zweiter Abend der Juni¬
1882 2246 2800 2334 Festspiele angesetzte Gastspiel Paul Wegeners. Es
1884 2309 2794 2385 gelangt die Samstag mit Beisall ausgenommene
1877 2349 2786 2423 Operettenneuheit „Tango um Mitternacht“
1874 2399 2792 2479 zur Aufführung. — Mittwoch letzte Aufführung
1870 2448 2793 2524 von Molnars „Liliom“. — Donnerstag zweiter
1876 2486 2794 2575 Abend der Juni=Festspiele! „Die Meister¬
1870 2535 2786 2621 singer von Nürnberg“ In dieser Festauf¬
1868 2589 2786 2665 führung werden eine Reihe erster Mitglieder aus¬
1871 2634 2787 2710 wärtiger Bühnen Probegastspiele absolvieren. Es
1859 2658 2784 2756 singen: Alexander Fenyveß vom Stadttheater
1861 2730 2772 2810 Basel den Hans Sachs, Adolf Fischer vom Landes¬
1866 2770 2783 2856 theater Prag den Walter Stolzing, Ernst Döcza
1867 2831 2773 2908 vom Stadttheater Düsseldorf den Pogner und
1854 2862 2785 2956 Franz Kurz (Wien) den David. Das Evchen singt
1859 2910 2771 3012 Haniet Henders. Für die Partie des Beckmesser
1850 2955 2776 3056 wurde Karl Norbert von der Wiener Staatsoper
1844 3022 2769 3094 verpflichtet. Dirigent ist Musikdirektor Karl Rankl
1851 3060 2769 3151 vom Staatstheater in Wiesbaden, der allenfalls
1838 3111 2777 3221 für die nächste Spielzeit als Opennchef verpflichtet
1829 3159 2096 3216 werden soll.
