3436 4192
247 166 588 247 Liebele
230 161 1225 292 Ibox 12/7
2846 629 3316 716 § 0 dieser Betauntmach
1692 659 2171 769 Die Angelegenheit der
2844 693 3322 759 möblierte Zimmer vom
413 700 1619 784 rund 4000 Personen eingetragen, wobei zu beachten ist, daß
2062 739 2386 810 Decla-Bioskop
2849 741 3320 812 gezeigt werden. Als No
414 763 1467 839 sich kaum die Hälfte der Besucher einzutragen pflegt.
2848 790 3319 853 sind vom Ausschuß für
1642 784 2831 866 will nicht zur Ruhe kommen, da die Aktionäre sich durchaus
2841 843 3323 906 gungsämtern folgende R
1638 857 2822 908 nicht mit der Fusion Nationalfilm einverstanden erklären wol¬
2785 899 3141 965 Prnmreene er heitertertirmerneeeren
919 877 1025 970 Sreen
567 866 862 977 rgemeeeeemte
2848 947 3317 1013 repräsentativsten, als er
1701 949 2830 1009 Wie wenig er den Sinn dieses Schauspiels erfaßt hat,
652 956 1419 1064 Kunst und Wissenschaft.
1639 992 2827 1057 zeigt das Vorspiel zum dritten Akt. Hier schildert Neumann in
2847 999 3318 1063 schüttert“ dastand. Eug
2844 1039 3328 1113 ter, hatte das Blüthnen
1642 1044 2839 1114 einem breit angelegten sinfonischen Gemälde den Zweikampf
729 1041 1289 1139 Die Oper „Liebelei“
2837 1100 3327 1162 der schwierigen Partitu
1646 1111 2832 1168 und Tod Fritz'. Es ist nicht mehr wie natürlich, daß sich der
628 1115 1417 1195 Zur Aufführung in der „Volksbühne".
2851 1137 3334 1218 dahingestellt bleiben. 2#
1646 1151 2832 1203 Tondichter diesen großartigen Vorwurf für sein Tondrama
2851 1185 3328 1262 Leiter, hatte für anspr
1642 1199 2826 1258 nicht entgehen lassen durfte, und es ist vor allem anzumerken,
484 1188 1630 1260 Franz Neumann, jahrelang erster Kapellmeister des
2851 1239 3321 1322 möglich — flottes Spiel
1633 1252 2837 1314 daß dieses Musikstück an sich ein hervorragendes tonmalerisches
420 1254 1634 1314 Frankfurter Opernhauses, hatte es, offenbar durch Richard
1633 1300 2833 1364 Gebilde ist. Aber Franz Neumann begnügt sich nicht mit
423 1294 1623 1355 Strauß' „Salome“ angeregt, unternommen, Schnitzlers „Lie¬
2911 1299 3331 1377 „Traumulus“ von ###
1633 1345 2839 1402 dem Vorteil, den er an sich schon durch seine Tonsprache gegen¬
420 1348 1620 1410 belei" zu vertonen, und Hans Gregor, der damals in seiner
2854 1356 3325 1430 im Residenztheate
1645 1394 2842 1447 über dem Wortdichter hat. Jeder, der dem Gang der Hand¬
420 1392 1630 1472 Komischen Oper dem Berliner Musikleben frisches Blut zu¬
2855 1412 3332 1476 sich, wenn auch die Per
1647 1447 2834 1510 lung gefolgt ist, weiß, was dieses Tongemälde zu bedeuten
427 1440 1622 1500 führte, brachte, vor etwa einem Dezennium, die Oper „Lie¬
2853 1461 3328 1526 heute merkwürdig anmu
1642 1492 2831 1559 hat. Neumann aber schätzt sein Publikum noch tiefer ein.
425 1494 1625 1565 belei“ auf die Bühne. Das Werk wurde damals viel beachtet,
2845 1509 3333 1575 Bassermann (Trau#
1652 1546 2838 1609 Er läßt inmitten des Vorspiels zwei Schüsse ertönen, und un¬
422 1544 1633 1611 ein Erfolg war ihm jedoch nicht beschieden. Nun ist es vom
2857 1561 3332 1626 un Albert Patry (La
1648 1592 2837 1654 mittelbar darauf hebt sich der Vorhang zu — einem leb nden
416 1582 1637 1661 Weidendamm nach dem Bülowplatz übergesiedelt und
2852 1612 3340 1678 hatte, die von dem übrig
1640 1640 2846 1709 Bild! Oder vielmehr zu einem toten. Wir sehen den Aus¬
428 1652 1627 1709 bildet dort einen Teil des Programms der Sommeroper, die
2850 1656 3340 1725 Bassermann in der
1649 1689 2845 1755 gang des Duells. Fritz liegt erschossen am Boden, Theodor
419 1704 1633 1759 unter der Leitung des ehemaligen Gregorschen Opernregisseurs
2850 1707 3323 1775 erschütterten, alternden
1640 1751 2842 1806 beugt sich weinend über ihn. Diese Geschmacklosigkeit ist
434 1745 1635 1816 Maximilian Moris steht. Auch hier wird seines Blei¬
2850 1756 3342 1824 das Schlechte nie erkennt
1653 1785 2846 1856 schauerlich! Das ist Panoptikum, das heißt, ein Werk nicht
421 1793 1632 1848 bens nicht von langer Dauer sein, einmal, weil sich die Opern¬
2858 1808 3327 1876 mit seinem Schmerz un
1651 1828 2848 1905 vertonen, sondern es verkitschen. Damit ist aber auch
433 1845 1635 1915 spielzeit ihrem Ende nähert, und zum andern, weil die Orer
2858 1851 3336 1921 Nieren. Prachtvoll W
1639 1887 2845 1942 die großartige Steigerung der letzten Szene bei Schnitzler ver¬
431 1899 1641 1971 „Liebelei“ niemals das Publikumstück sein kann, das das
2857 1906 3336 1972 staltungskraft, von der #
1650 1942 2847 1994 nichtet. Das Publikum, ein mit Keulenschlägen wissendge¬
428 1939 1218 2023 Schauspiel einst war und noch heute ist.
2859 1961 3338 2016 verehrten Lehrer seinen
1651 1980 2846 2032 machtes, steht den Schmerzensausbrüchen Christines fremd und
504 1963 1629 2055 Warum? Um dies näher zu erläutern, müssen wir uns
2858 2005 3399 2076 seiner Duleinea vom P##
1648 2027 2847 2105 teilnahmslos gegenüber. Hier wird Vernunft Unsinn, Wohl¬
426 2037 1632 2103 zunächst vergegenwärtigen, was den Erfolg und die tiefe Wir¬
2862 2050 3346 2120 chem zu Herzen gehend
1660 2080 1895 2142 tat Plage!
435 2085 1637 2157 lung des Schauspiels bedingt. Der Gang der Handlung,
2869 2097 3335 2169 zeihung erfleht, ist ergr
1723 2096 2848 2176 Man müßte in diesem Vorspiel einen kräftigen Strich
427 2138 1633 2217 die sich in drei kurzen Akten abrollt, ist einfach, unkompliziert.
2862 2148 3342 2216 Szenen durch unverstän
1654 2174 2838 2233 machen, wie sich denn überhaupt Neumann entschließen sollte,
427 2177 1636 2250 Ueber der ganzen Situation liegt bei Schnitzler trotz der ge¬
2857 2200 3341 2264 losen Publikums gestört.
1655 2229 2847 2294 das Werk umzuarbeiten. Daß er auch feine humoristisch¬
424 2246 1632 2300 witterschwülen Stimmung ein Hauch von Zartheit, der fein¬
2863 2251 3349 2316 komischen Poltrigkeit und
1656 2272 2845 2333 charakteristische Töne anzuschlagen weiß, eigt die musikalisch
426 2299 1636 2361 geschliffene Dialog läßt uns die Tragik des Schicksals, das
2866 2298 3338 2367 ter Landrat, wie er im 2
1657 2330 2843 2382 trefflich gelungene Zeichnung der Frau Binder. Ueberhaupt
443 2330 1629 2390 Christine überfällt, bis zur letzten Szene nicht so recht fühlbar
2862 2347 3336 2417 stellerinnen Else Basse
1658 2370 2855 2429 soll die ernste Arbeit nicht verkannt werden, und es wäre sehr
429 2381 1638 2445 werden. Erst am Schluß des Schauspiels steigt das unerbittlich
2861 2392 3305 2461 Besonderes zu sagen.
1649 2421 2851 2478 zu wünschen, daß sich das Deutsche Opernhaus dieses
428 2432 1635 2493 drohende und vernichtende Moment jäh empor, und aus der
2854 2444 3341 2510 ohne besonders zu bege
1652 2467 2847 2531 Werkes annähme und es seinem Publikum brächte. Die In¬
440 2482 1646 2540 heiter sorglosen Liebeständelei des „süßen Mädels“ ist unver¬
2866 2492 3339 2563 letzteren im Schlußakt,
1655 2523 2855 2578 strumentation verrät den gewiegten Fachmann, dem vom
433 2529 1635 2589 sehens die Tragödie des Weibes geworden, das nur einmal
2859 2536 3345 2617 einem so kleinen Städtch
1663 2568 2835 2641 „Fidelio“ bis „Electra“, von „Robert den Teufel“ bis „Toska“
434 2576 1378 2645 lieben kann und an dieser Liebe zugrunde geht.
2859 2594 3340 2657 grande Cocotte aus dem
1652 2627 2183 2691 nichts fremd geblieben ist.
507 2627 1640 2692 Der Tondichter, der sich diesen Stoff als Vorwurf zu einer
2866 2637 3348 2705 Regisseur Carl Kahlm
1729 2643 2845 2730 Die Aufführung der Volksbühne ist, am Maßstab
429 2676 1646 2738 Oper gewählt hat, mußte nun, den Gesetzen des Tondramas
2870 2689 3347 2756 menspiel sorgte, gebühr
1654 2712 2854 2782 einer Sommeroper gemessen, sehr gut. Köstlich Desider
444 2727 1646 2789 folgend, das dramatische Moment zum Mittelpunkt, zur Sub¬
2869 2740 3345 2815 seligen Angedenkens m
1658 2760 2847 2831 Zador, der den Theodor in Gesang und Spiel vortrefflich
447 2788 1638 2844 stanz seines Werkes erheben. Dadurch hat er aber unwillkür¬
2874 2792 3058 2873 Hurrah!
1646 2813 2854 2884 darstellt. Auch Hans Heinz Bollmann singt und spielt den
434 2835 1640 2897 lich das Wesen dieses Schauspiels zerstört. Gewiz konnte den
2929 2844 3349 2923 Das Theater am Kr
1662 2865 2860 2933 Fritz sehr annehmbar. In Helmuth Berndsen lernte ich
437 2885 1637 2950 Musiker die Musikalität der „Liebelei“ zu einer Vertonung
2871 2889 3346 2966 berts Leitung, mit der
1658 2920 2855 2982 einen vortrefflichen Bassisten kennen, dessen Hans Weiering
439 2940 1647 2993 reizen; aber es ist Franz Neumann nicht gelungen, sie
2870 2945 3352 2996 Kun Goetz eröffnet w#
1659 2965 2852 3035 jedem winterlichen Opernensemble zur Zierde gereichen würde.
2872 2983 3353 3041 fremde Frau“ von Alexa
432 2983 1643 3044 In seiner Partitur mitschwingen zu lassen. Er erhebt den
1664 3008 2855 3087 Schade, daß Margarete Schlemüller, die die Christine
2865 3022 3342 3079 Schauspiel vor. C. A. 9
439 3035 1649 3090 dramatischen Konflikt, der bei Schnitzler nur als Untergrund
2862 3061 3348 3136 aufgeführt werden. Au
1660 3067 2853 3136 gut singt und spielt, in dieser Rolle so unmöglich aussieht.
436 3076 1640 3139 mitschwingt, zum Selbstzweck, dehnt die wenigen tragischen
2870 3105 3207 3160 rung gelangen.
1652 3112 2843 3176 Das war kein „süßes Wiener Mädel“, sondern eher eine
442 3123 1648 3194 Momente weit über das nötige Maß und unterstreicht mit
2935 3152 3352 3221 Oskar Frieb, der her
1659 3164 2856 3227 potenzierte Walküre. Die Mizzi der Friedel Schwarz war
437 3174 1648 3243 seiner Musik diese Stimmungen doppelt und dreifach. So
2864 3206 3343 3274 in dieser Woche seinen
1667 3207 2852 3284 gesanglich und darstellerisch gleich farblos, während Ida
441 3230 1640 3290 hängt sich seine Vertonung wie Bleigewicht an das Schauspiel
2869 3254 3357 3324 Oskar Fried ist ein Pra
1656 3257 2849 3322 Holms eine trefflich singende komische Alte zu sein scheint.
444 3277 1654 3347 Schnitzlers, dessen innerstem Kern der Musiker Neumann stets
1636 3287 3362 3392 1 Ein Herr war kein Herr, und Herr Kant machte sich am in der Musik. Vor allem
446 3338 716 3426 fern bleibt.
1469 3429 2087 3659 Dertaue
