3484 4224
506 156 860 230 iebelei
1008 145 1442 250 box 10/4
295 159 870 267 5. K.  Sn
433 1160 1521 1236 Lu. Deutsches Gesammt=Gastspiel im Alex¬
405 1219 1512 1289 sandra=Theater. Der Komödie „Untreu“ ging heute
405 1274 1502 1324 Abend das dreiactige Schauspiel „Liebelei“ von Arthur
1469 1307 1511 1342 7
398 1313 1503 1382 Schnitzler voran. Wie so häufig, brachte die „Liebelei“
403 1349 1502 1394 eine Enttäuschung. In unserer Erinnerung verblieb,
394 1394 1505 1442 wenn wir das Theater auch erst vor kaum einer halben
410 1431 1510 1467 Stunde verlassen haben, nur der dritte Act. Mit diesem
395 1469 1504 1520 beginnen wir auch. Christine (Frl. Witt), die Tochter
403 1505 1504 1560 eines Orchestermitglieds, liebt mit der ganzen Kraft
403 1546 1506 1610 der ersten Liede den Studirenden Fritz Lotheimer
1194 1585 1515 1645 sich an der
406 1578 1193 1635 (Herr Stockhausen). Dieser sonnt
402 1626 1505 1684 Liebe des sentimentalen Mägdleins, hat aber ein
403 1666 1506 1720 etwas dunkles Verhältniß mit einer verheiratheten
405 1701 1506 1752 Dame, deren Bekanntschaft wir nicht machen, daher wir
390 1741 1499 1800 auch nicht beurtheilen können, warum die Liebe den
784 1784 1511 1845 quält. Klar ist uns nur, daß die
409 1787 790 1840 Bruder Studio so
399 1821 1510 1874 Dame die Entdeckung fürchtet, die in der That erfolgt
400 1870 1497 1917 und ein Duell zwischen dem betrogenen Ehegatten und
397 1900 1500 1945 Fritz nach sich zieht. Fritz fällt im Duell, Christine sucht,
403 1941 1498 1996 als sie havon erfährt, den Tod. Wenigstens glauben wir
411 1983 1498 2037 es, da ihr Vater (Herr Klein), als sie ungestüm forteilt,
409 2033 1506 2075 und der Vorhang fällt, mit dem Ausruf zusammen¬
407 2063 1506 2116 bricht: „Ich sehe sie nie mehr wieder!" Es war sehr
412 2103 1513 2156 traurig, wäre es aber sicherlich weniger gewesen,
409 2140 1500 2193 wenn Frl. Witt nicht so vortrefflich gespielt hätte. Um
413 2182 1502 2233 ihres Spieles willen sei ihr auch die Wahl des Stückes
409 2229 1504 2273 verziehen. Der ihr gezollte Beifall war ein wohlver¬
409 2260 1504 2304 dienter, ihr Erfolg ein wirklich künstlerischer. Fein abge¬
409 2299 1516 2352 tönt, ohne Effecthascherei spielte sie das ahnungsvolle
418 2330 1514 2381 Mägdlein, die von brennendem Schmerz erfaßte Jungfrau.
419 2380 1501 2423 Ein hübsche Leistung, doch zu werthvoll für den Raymen,
415 2414 1505 2470 in welchem sie geboten wurde. Herr Stockhausen
409 2457 1516 2499 hatte heute abermals die traurige Pflicht, nicht so zu
407 2496 1510 2533 können, wie er wollte. Sein Antheil waren während des
408 2528 1509 2584 Gastspiels vorzugsweise haltlose Charaktere. Herr Stahl
410 2575 1505 2622 svielte den praktischeren Freund Theovor leicht, wie die
418 2612 1512 2665 Rolle verlangt, pfiff — nebenbei bemerkt — sehr hübsch und
421 2654 1513 2701 fand in der traurigen Schlußscene den Theodors Charakter
420 2698 1517 2747 fern liegenden ernsten Ton. Herr Klein als Christinas
414 2731 1511 2794 Vater und Frl. Timling als deren leichtfertige
413 2773 1504 2837 Freundin halten mit Geschick mit, den Rahmen für die
413 2814 1015 2863 Rolle der Christina zu schaffen.
434 2828 1524 2906 Uns dünkt, die „Liebelei“ verdarb die Stimmung für
414 2890 1513 2967 „Untreu“, wenigstens für den ersten Act, nach welchem
400 2930 943 3000 wir das Theater verließen.
2123 704 3038 840 Mittwoch, den 13#ten März¬
2320 815 2775 909 Zum lesten Mal:
2475 1228 2596 1312 1
1927 1216 2430 1326 ie
1920 1400 3171 1507 Schauspiel in 3 Akten von Arthur Schnitzler.
2077 1492 3018 1583 In Scene gesetzt von Philipp Bock.
2307 1588 2768 1671 Personen:
1702 1635 2775 1749 Hans Weiring, Violinspieler am Josesssädter“
1759 1713 1979 1790 Theater
2725 1700 3155 1790 Adolf Klein.
1699 1765 2308 1841 Christine, seine Tochter
2689 1776 3123 1852 Lotte Witt.
1696 1819 2343 1897 Mizi Schlager, Modistin.
2719 1833 3159 1913 Ida Timling.
1685 1890 3318 1953 Katharine=Binder, Frau eines Strumfwirkers Autonie Schindler¬
3092 1953 3356 2033 Heuser.
1696 1987 2089 2080 Fritz Lotheimer
2675 1996 3350 2092 (Eman. Stockhausen,
1694 2034 3177 2148 Theodor Kaiser jungen Leute.... Ludwig Stahl.
1681 2125 1991 2214 Ein Herr.
2508 2131 3174 2225 ... Albert Patry.
2152 2197 2861 2295 Ort: Wien, Zeit: Gegenwart.
2012 2463 2465 2563 Ant
2499 2357 2953 2574 reu.
1615 2613 3277 2708 Komödie in drei Akten nach Roberto Bracco von Otto Eisen¬
1938 2832 2955 2941 In Scene gesetzt von Philipp Bock.
2194 3000 2679 3094 Personen:
1601 3086 2246 3190 Graf Silvio Sangiorgi
2636 3102 3108 3209 Albert Patry.
1606 3166 2244 3253 Gräfin Clara Sangiorgi
2628 3173 3078 3255 Jenny Groß.
1603 3219 1974 3296 Gino Riccardi
2633 3238 3126 3322 Ludwig Stahl.
1594 3277 1917 3361 Ein Diener
2644 3289 3063 3370 Paul Arndt.
1592 3341 2025 3416 Lorenzo, Diener
2636 3347 3143 3435 Emil Seyfarth.
1603 3398 2140 3489 Ein Kammermädchen.
2607 3412 3170 3509 Martha Alberti.
1858 3527 3004 3613 Ort der Handlung: Neapel.—Zeit: Gegenwart.
1686 3665 2977 3777 Reihenfolge der Vorstellung: 1) Liebelei, 2) Untreu.
