<?xml version="1.0" encoding="UTF-8" standalone="yes"?>
<PcGts xmlns="http://schema.primaresearch.org/PAGE/gts/pagecontent/2013-07-15" xmlns:xsi="http://www.w3.org/2001/XMLSchema-instance" xsi:schemaLocation="http://schema.primaresearch.org/PAGE/gts/pagecontent/2013-07-15 http://schema.primaresearch.org/PAGE/gts/pagecontent/2013-07-15/pagecontent.xsd">
    <Metadata>
        <Creator>prov=University of Rostock/Institute of Mathematics/CITlab/Gundram Leifert/gundram.leifert@uni-rostock.de:name=ONB_Newseye_GT_M1+(htr_id=10810)::::v=2.4.2
prov=University of Rostock/Institute of Mathematics/CITlab/Tobias Gruening/tobias.gruening@uni-rostock.de:name=de.uros.citlab.module.baseline2polygon.B2PSeamMultiOriented:v=2.4.2
prov=University of Rostock/Institute of Mathematics/CITlab/Tobias Gruening/tobias.gruening@uni-rostock.de:name=/mnt/transkribus/LA/DEA/URO/LA_news_onb_att.pb:de.uros.citlab.segmentation.CITlab_LA_ML:v=2.4.2
Transkribus</Creator>
        <Created>2019-10-07T11:48:00.147+02:00</Created>
        <LastChange>2019-10-08T22:03:49.784+02:00</LastChange>
        <TranskribusMetadata docId="223992" pageId="9506361" pageNr="4" tsid="16611436" status="IN_PROGRESS" userId="40391" imgUrl="https://files.transkribus.eu/Get?id=VKUEQFKCNTVGZPKLLQHNSZVY&amp;fileType=view" xmlUrl="https://files.transkribus.eu/Get?id=FRPFYNFVRDNGSHJEOEZQZUYE" imageId="6196471"/>
    </Metadata>
    <Page imageFilename="223992_0004.jpeg" imageWidth="3436" imageHeight="4352">
        <ReadingOrder>
            <OrderedGroup id="ro_1711445620155" caption="Regions reading order">
                <RegionRefIndexed index="0" regionRef="r1"/>
                <RegionRefIndexed index="1" regionRef="r2"/>
            </OrderedGroup>
        </ReadingOrder>
        <TextRegion orientation="0.0" id="r1" custom="readingOrder {index:0;}">
            <Coords points="723,70 723,3714 2971,3714 2971,70"/>
            <TextLine id="r1l1" custom="readingOrder {index:0;}">
                <Coords points="713,140 2196,98 2155,35 712,88"/>
                <Baseline points="725,122 797,122 870,121 943,120 1016,119 1089,118 1161,117 1234,116 1307,115 1380,114 1453,113 1525,111 1598,109 1671,108 1744,106 1817,104 1889,101 1962,99 2035,96 2108,93 2181,90"/>
                <TextEquiv>
                    <Unicode>und auch in dent Sie „Sitnt ine lehe seicte sich nene de den en seheschseh</Unicode>
                </TextEquiv>
            </TextLine>
            <TextLine id="r1l2" custom="readingOrder {index:1;}">
                <Coords points="718,161 2936,149 2491,94 717,128"/>
                <Baseline points="733,164 842,164 952,164 1061,163 1171,161 1280,160 1390,158 1499,155 1609,153 1718,151 1828,149 1937,147 2047,145 2156,143 2266,141 2375,140 2485,139 2594,139 2704,139 2813,139 2923,140"/>
                <TextEquiv>
                    <Unicode>immer das Vermögen des Dichters, aus einem spröden in ihren Kräften stand. Das Facit des gestrigen Abends ist,</Unicode>
                </TextEquiv>
            </TextLine>
            <TextLine id="r1l3" custom="readingOrder {index:2;}">
                <Coords points="1828,204 2016,172 2527,206 2585,176 2929,188 2928,147 2865,141 1828,145"/>
                <Baseline points="1841,185 1894,184 1948,184 2002,183 2055,183 2109,183 2163,183 2216,182 2270,182 2324,182 2378,182 2431,182 2485,182 2539,181 2592,181 2646,181 2700,181 2753,181 2807,180 2861,180 2915,180"/>
                <TextEquiv>
                    <Unicode>daß das Burgtheater die dramatische Experimentalphysik</Unicode>
                </TextEquiv>
            </TextLine>
            <TextLine id="r1l4" custom="readingOrder {index:3;}">
                <Coords points="726,210 1829,213 1829,160 725,168"/>
                <Baseline points="740,207 793,206 847,206 901,205 955,205 1009,204 1062,204 1116,203 1170,203 1224,202 1278,202 1331,201 1385,201 1439,200 1493,200 1547,199 1600,199 1654,198 1708,198 1762,197 1816,197"/>
                <TextEquiv>
                    <Unicode>Stoffe etwas zu machen. Gestern hat er uns die Hoffnung</Unicode>
                </TextEquiv>
            </TextLine>
            <TextLine id="r1l5" custom="readingOrder {index:4;}">
                <Coords points="1847,233 2861,244 2942,221 2942,188 1847,191"/>
                <Baseline points="1859,226 1912,227 1965,227 2019,227 2072,227 2126,227 2179,227 2232,228 2286,228 2339,228 2393,228 2446,228 2499,228 2553,228 2606,228 2660,228 2713,227 2766,227 2820,227 2873,226 2927,225"/>
                <TextEquiv>
                    <Unicode>Anderen überlassen soll. Auf unsere „erste deutsche Bühne“</Unicode>
                </TextEquiv>
            </TextLine>
            <TextLine id="r1l6" custom="readingOrder {index:5;}">
                <Coords points="719,263 1839,248 1810,199 718,210"/>
                <Baseline points="732,252 786,252 841,251 895,250 950,250 1005,249 1059,248 1114,248 1168,247 1223,246 1278,246 1332,245 1387,244 1441,244 1496,243 1551,242 1605,241 1660,241 1714,240 1769,239 1824,238"/>
                <TextEquiv>
                    <Unicode>geraubt, daß wir von ihm noch etwas zu erwarten haben.</Unicode>
                </TextEquiv>
            </TextLine>
            <TextLine id="r1l7" custom="readingOrder {index:6;}">
                <Coords points="1836,285 2912,291 2887,230 1836,232"/>
                <Baseline points="1849,270 1901,269 1953,269 2006,269 2058,270 2111,270 2163,270 2215,270 2268,270 2320,270 2373,270 2425,270 2477,270 2530,270 2582,270 2635,269 2687,269 2739,268 2792,268 2844,267 2897,266"/>
                <TextEquiv>
                    <Unicode>sollte die Clique keinen Einfluß gewinnen können. —ei—.</Unicode>
                </TextEquiv>
            </TextLine>
            <TextLine id="r1l8" custom="readingOrder {index:7;}">
                <Coords points="722,296 1845,293 1844,241 721,252"/>
                <Baseline points="736,294 790,293 845,293 900,293 955,292 1009,292 1064,291 1119,290 1174,290 1228,289 1283,288 1338,288 1393,287 1447,286 1502,285 1557,284 1612,284 1666,283 1721,282 1776,282 1831,281"/>
                <TextEquiv>
                    <Unicode>Wie in der „Sündigen Liebe“ ist auch in „Die Rechte der</Unicode>
                </TextEquiv>
            </TextLine>
            <TextLine id="r1l9" custom="readingOrder {index:8;}">
                <Coords points="722,339 1783,340 1847,328 1847,289 721,295"/>
                <Baseline points="734,334 791,335 849,335 907,335 965,335 1023,334 1081,334 1138,333 1196,333 1254,332 1312,331 1370,331 1428,330 1485,329 1543,328 1601,328 1659,327 1717,326 1775,326 1833,325"/>
                <TextEquiv>
                    <Unicode>Seele“ der Conflict zwischen Mann und Weib der Träger</Unicode>
                </TextEquiv>
            </TextLine>
            <TextLine id="r1l10" custom="readingOrder {index:9;}">
                <Coords points="1900,363 2943,373 2943,310 2890,304 2095,297 1901,330"/>
                <Baseline points="1913,360 1963,361 2014,362 2065,362 2116,363 2167,364 2218,364 2268,365 2319,365 2370,366 2421,366 2472,366 2523,366 2574,366 2624,366 2675,366 2726,366 2777,366 2828,365 2879,365 2930,364"/>
                <TextEquiv>
                    <Unicode>— Unsere Hofoper scheint bei ihrer bekannten Vorliebe</Unicode>
                </TextEquiv>
            </TextLine>
            <TextLine id="r1l11" custom="readingOrder {index:10;}">
                <Coords points="724,388 1852,383 1851,313 1500,349 723,341"/>
                <Baseline points="738,381 795,381 853,380 911,380 969,379 1027,378 1085,378 1142,377 1200,376 1258,375 1316,374 1374,372 1432,371 1489,371 1547,370 1605,369 1663,368 1721,367 1779,367 1837,367"/>
                <TextEquiv>
                    <Unicode>der Handlung. In dem ersteren Drama entdeckt der Gatte</Unicode>
                </TextEquiv>
            </TextLine>
            <TextLine id="r1l12" custom="readingOrder {index:11;}">
                <Coords points="1839,413 2942,412 2914,370 1839,369"/>
                <Baseline points="1853,406 1906,406 1960,406 2014,406 2068,406 2121,406 2175,406 2229,406 2283,406 2336,406 2390,406 2444,406 2498,405 2551,405 2605,405 2659,405 2713,405 2766,405 2820,405 2874,405 2928,405"/>
                <TextEquiv>
                    <Unicode>für fremdländische Kunst der einheimischen Tondichter ganz zu</Unicode>
                </TextEquiv>
            </TextLine>
            <TextLine id="r1l13" custom="readingOrder {index:12;}">
                <Coords points="715,429 1838,429 1837,376 1729,369 715,385"/>
                <Baseline points="730,424 784,424 839,424 894,423 948,423 1003,422 1058,421 1112,420 1167,420 1222,419 1277,418 1331,417 1386,416 1441,416 1495,415 1550,414 1605,414 1659,413 1714,413 1769,413 1824,412"/>
                <TextEquiv>
                    <Unicode>die Untreue der Frau und straft diese, indem er sie zu</Unicode>
                </TextEquiv>
            </TextLine>
            <TextLine id="r1l14" custom="readingOrder {index:13;}">
                <Coords points="1849,451 2353,434 2731,466 2911,451 2941,412 1849,417"/>
                <Baseline points="1862,449 1915,448 1968,447 2021,447 2075,446 2128,446 2181,446 2234,446 2288,446 2341,446 2394,446 2447,446 2501,446 2554,446 2607,446 2660,445 2714,444 2767,444 2820,443 2873,441 2927,439"/>
                <TextEquiv>
                    <Unicode>vergessen. Umso freudiger ist es zu begrüßen, daß der General¬</Unicode>
                </TextEquiv>
            </TextLine>
            <TextLine id="r1l15" custom="readingOrder {index:14;}">
                <Coords points="722,469 1704,474 1834,461 1834,428 1487,402 1285,436 722,430"/>
                <Baseline points="736,469 790,468 844,468 898,467 952,466 1007,465 1061,464 1115,463 1169,463 1223,462 1278,461 1332,460 1386,459 1440,459 1494,458 1549,457 1603,456 1657,456 1711,455 1765,454 1820,453"/>
                <TextEquiv>
                    <Unicode>einem freud= und liebelosen Dasein an seiner Seite ver¬</Unicode>
                </TextEquiv>
            </TextLine>
            <TextLine id="r1l16" custom="readingOrder {index:15;}">
                <Coords points="1847,487 2937,488 2937,452 2895,444 1847,451"/>
                <Baseline points="1860,485 1913,484 1966,483 2019,483 2072,482 2125,482 2178,482 2231,482 2284,482 2337,482 2391,482 2444,482 2497,482 2550,483 2603,483 2656,482 2709,482 2762,482 2815,481 2868,481 2922,480"/>
                <TextEquiv>
                    <Unicode>director Hofrath Schuch aus Dresden zugesagt hat, in einer im</Unicode>
                </TextEquiv>
            </TextLine>
            <TextLine id="r1l17" custom="readingOrder {index:16;}">
                <Coords points="720,511 1638,523 1837,509 1837,459 719,467"/>
                <Baseline points="734,511 788,510 842,510 897,510 951,509 1006,508 1060,508 1114,507 1169,506 1223,505 1278,504 1332,503 1386,502 1441,501 1495,501 1550,500 1604,499 1658,498 1713,498 1767,497 1822,497"/>
                <TextEquiv>
                    <Unicode>urtheilt. In der gestrigen Novität kann von einem eigent¬</Unicode>
                </TextEquiv>
            </TextLine>
            <TextLine id="r1l18" custom="readingOrder {index:17;}">
                <Coords points="1834,531 2937,525 2937,486 2790,478 1834,481"/>
                <Baseline points="1849,520 1902,520 1956,520 2010,520 2064,520 2117,520 2171,520 2225,520 2279,520 2332,520 2386,520 2440,520 2494,520 2547,520 2601,519 2655,519 2709,519 2762,518 2816,518 2870,517 2924,517"/>
                <TextEquiv>
                    <Unicode>Lause der Spielzeit zu Gunsten der Poliklinik im Carl=Theater</Unicode>
                </TextEquiv>
            </TextLine>
            <TextLine id="r1l19" custom="readingOrder {index:18;}">
                <Coords points="721,561 1755,562 1835,550 1835,503 720,513"/>
                <Baseline points="736,555 790,554 844,554 898,553 953,552 1007,552 1061,551 1115,550 1170,549 1224,548 1278,547 1332,546 1387,545 1441,544 1495,544 1549,543 1604,542 1658,542 1712,541 1766,541 1821,540"/>
                <TextEquiv>
                    <Unicode>lichen Betrug an dem Gatten keine Rede sein, sie bricht,</Unicode>
                </TextEquiv>
            </TextLine>
            <TextLine id="r1l20" custom="readingOrder {index:19;}">
                <Coords points="1842,567 2923,565 2948,520 1842,523"/>
                <Baseline points="1857,558 1910,558 1964,557 2018,557 2072,557 2126,557 2180,557 2234,557 2288,557 2342,557 2396,557 2449,557 2503,557 2557,557 2611,557 2665,556 2719,556 2773,556 2827,555 2881,555 2935,554"/>
                <TextEquiv>
                    <Unicode>stattfindenden Matinee mit vier ersten Mitgliedern des Dresdener</Unicode>
                </TextEquiv>
            </TextLine>
            <TextLine id="r1l21" custom="readingOrder {index:20;}">
                <Coords points="1437,591 1521,598 1554,587 1629,600 1659,580 1673,594 1731,596 1765,581 1781,595 1840,594 1839,547 1648,561 1603,547 1437,549"/>
                <Baseline points="1451,584 1476,586 1501,587 1526,587 1551,587 1576,587 1601,587 1626,587 1651,586 1676,585 1701,584 1726,584 1751,583 1776,583 1801,583 1826,584"/>
                <TextEquiv>
                    <Unicode>die Ehe nur mit</Unicode>
                </TextEquiv>
            </TextLine>
            <TextLine id="r1l22" custom="readingOrder {index:21;}">
                <Coords points="710,583 996,615 1165,591 1412,604 1447,595 1447,554 709,558"/>
                <Baseline points="723,598 758,597 794,596 829,596 865,595 900,595 936,595 971,594 1007,594 1042,594 1078,594 1113,593 1149,593 1184,593 1220,592 1255,591 1291,590 1326,589 1362,588 1397,587 1433,585"/>
                <TextEquiv>
                    <Unicode>wenn der Ausdruck gestattet ist,</Unicode>
                </TextEquiv>
            </TextLine>
            <TextLine id="r1l23" custom="readingOrder {index:22;}">
                <Coords points="1845,601 2940,621 2940,562 2871,557 1845,565"/>
                <Baseline points="1858,598 1911,597 1964,596 2018,595 2071,595 2125,594 2178,594 2231,594 2285,594 2338,594 2392,595 2445,595 2498,595 2552,595 2605,595 2659,595 2712,595 2765,594 2819,594 2872,593 2926,592"/>
                <TextEquiv>
                    <Unicode>Hoftheaters Haydn's reizende Oper „Der Apotheker“ zur Dar¬</Unicode>
                </TextEquiv>
            </TextLine>
            <TextLine id="r1l24" custom="readingOrder {index:23;}">
                <Coords points="719,645 1667,646 1716,617 1844,635 1844,588 718,600"/>
                <Baseline points="733,637 787,638 842,638 897,638 952,637 1007,637 1061,636 1116,635 1171,635 1226,634 1281,633 1335,632 1390,631 1445,630 1500,629 1555,628 1609,627 1664,627 1719,626 1774,626 1829,625"/>
                <TextEquiv>
                    <Unicode>dem Herzen. Anna (Frau Hohenfels) hat einen</Unicode>
                </TextEquiv>
            </TextLine>
            <TextLine id="r1l25" custom="readingOrder {index:24;}">
                <Coords points="1842,654 1908,642 2011,654 2038,637 2108,661 2122,647 2219,624 2218,593 2077,601 2043,587 2032,599 1930,608 1913,597 1841,601"/>
                <Baseline points="1855,635 1881,635 1908,634 1935,634 1962,633 1989,632 2016,632 2042,631 2069,631 2096,630 2123,630 2150,631 2177,631 2204,632"/>
                <TextEquiv>
                    <Unicode>stellung zu bringen.</Unicode>
                </TextEquiv>
            </TextLine>
            <TextLine id="r1l26" custom="readingOrder {index:25;}">
                <Coords points="710,685 1821,683 1851,627 709,643"/>
                <Baseline points="723,682 778,681 834,680 890,679 945,678 1001,678 1057,677 1112,677 1168,676 1224,676 1280,675 1335,675 1391,674 1447,674 1502,673 1558,672 1614,671 1669,670 1725,669 1781,668 1837,667"/>
                <TextEquiv>
                    <Unicode>ungeliebten Mann (Herr Hartmann) geheiratet und ihre</Unicode>
                </TextEquiv>
            </TextLine>
            <TextLine id="r1l27" custom="readingOrder {index:26;}">
                <Coords points="1981,692 2530,693 2558,668 2591,693 2943,690 2943,623 2782,651 2691,621 1981,650"/>
                <Baseline points="1995,682 2041,683 2088,683 2134,684 2181,684 2228,685 2274,685 2321,685 2368,685 2414,685 2461,684 2508,684 2554,684 2601,684 2648,683 2694,683 2741,683 2788,682 2834,682 2881,682 2928,681"/>
                <TextEquiv>
                    <Unicode>Herr Dr. Tyrolt ist gestern im Deutschen</Unicode>
                </TextEquiv>
            </TextLine>
            <TextLine id="r1l28" custom="readingOrder {index:27;}">
                <Coords points="715,727 1788,724 1846,720 1846,673 715,691"/>
                <Baseline points="730,728 785,725 840,724 895,723 950,721 1005,720 1060,720 1115,719 1170,719 1225,718 1280,718 1335,718 1390,717 1445,717 1500,717 1555,716 1610,715 1665,715 1720,714 1775,713 1831,712"/>
                <TextEquiv>
                    <Unicode>ganze Neigung gehörte einem Anderen. Sie war sich aber</Unicode>
                </TextEquiv>
            </TextLine>
            <TextLine id="r1l29" custom="readingOrder {index:28;}">
                <Coords points="1844,728 2948,727 2948,688 2557,669 1844,683"/>
                <Baseline points="1857,721 1910,721 1964,722 2018,722 2072,722 2126,723 2180,723 2234,723 2288,723 2342,723 2396,723 2449,723 2503,723 2557,722 2611,722 2665,722 2719,722 2773,721 2827,721 2881,721 2935,720"/>
                <TextEquiv>
                    <Unicode>Volkstheater in vollster Gesundheit zur ersten Probe des</Unicode>
                </TextEquiv>
            </TextLine>
            <TextLine id="r1l30" custom="readingOrder {index:29;}">
                <Coords points="727,762 1836,761 1835,722 1663,710 726,724"/>
                <Baseline points="740,768 794,767 848,767 902,767 956,766 1010,765 1064,764 1118,764 1172,763 1226,762 1280,762 1334,761 1388,760 1442,759 1496,759 1550,758 1604,758 1658,758 1712,757 1766,757 1821,757"/>
                <TextEquiv>
                    <Unicode>der Pflichten gegen ihren Gatten stets bewußt, sie kleidete</Unicode>
                </TextEquiv>
            </TextLine>
            <TextLine id="r1l31" custom="readingOrder {index:30;}">
                <Coords points="1838,767 2950,768 2950,724 2872,716 1838,725"/>
                <Baseline points="1852,763 1906,763 1960,763 2014,763 2068,762 2122,762 2176,762 2231,762 2285,762 2339,762 2393,762 2447,762 2501,762 2555,761 2610,761 2664,761 2718,760 2772,760 2826,760 2880,759 2935,758"/>
                <TextEquiv>
                    <Unicode>Volksstückes „Pastor Brose“ erschienen und wurde von seinen</Unicode>
                </TextEquiv>
            </TextLine>
            <TextLine id="r1l32" custom="readingOrder {index:31;}">
                <Coords points="2368,793 2928,806 2958,800 2958,747 2928,764 2368,765"/>
                <Baseline points="2381,800 2409,800 2437,800 2465,800 2493,800 2522,800 2550,800 2578,800 2606,800 2634,799 2663,799 2691,799 2719,799 2747,798 2775,798 2804,798 2832,797 2860,797 2888,797 2916,797 2945,797"/>
                <TextEquiv>
                    <Unicode>Das Novitätenprogramm dieser</Unicode>
                </TextEquiv>
            </TextLine>
            <TextLine id="r1l33" custom="readingOrder {index:32;}">
                <Coords points="1844,803 1947,814 2127,796 2188,812 2324,799 2324,777 2249,760 2105,765 2072,751 2039,765 1845,767"/>
                <Baseline points="1858,801 1883,800 1908,800 1933,799 1958,799 1983,799 2008,798 2033,798 2058,798 2084,798 2109,798 2134,798 2159,798 2184,799 2209,799 2234,800 2259,801 2284,801 2310,803"/>
                <TextEquiv>
                    <Unicode>Collegen lebhaft begrüßt.</Unicode>
                </TextEquiv>
            </TextLine>
            <TextLine id="r1l34" custom="readingOrder {index:33;}">
                <Coords points="726,811 1838,810 1837,760 1599,744 725,764"/>
                <Baseline points="741,812 795,811 849,810 903,808 957,808 1011,807 1065,806 1119,805 1173,804 1227,803 1282,803 1336,802 1390,802 1444,801 1498,801 1552,800 1606,799 1660,799 1714,798 1768,798 1823,797"/>
                <TextEquiv>
                    <Unicode>sich in die Maske der Gleichgiltigkeit und als der Geliebte</Unicode>
                </TextEquiv>
            </TextLine>
            <TextLine id="r1l35" custom="readingOrder {index:34;}">
                <Coords points="1837,856 2929,845 2957,801 1837,806"/>
                <Baseline points="1852,837 1906,837 1961,837 2015,837 2070,837 2124,837 2179,837 2233,837 2288,837 2342,837 2397,837 2451,837 2506,837 2560,837 2615,837 2669,837 2724,836 2778,836 2833,835 2887,834 2942,834"/>
                <TextEquiv>
                    <Unicode>Bühne ist für die nächste Zeit folgendermaßen festgestellt worden:</Unicode>
                </TextEquiv>
            </TextLine>
            <TextLine id="r1l36" custom="readingOrder {index:35;}">
                <Coords points="726,859 1840,854 1840,812 725,812"/>
                <Baseline points="739,853 793,852 847,851 901,850 956,850 1010,849 1064,848 1119,848 1173,847 1227,846 1282,846 1336,845 1390,845 1444,844 1499,843 1553,843 1607,842 1662,841 1716,840 1770,840 1825,839"/>
                <TextEquiv>
                    <Unicode>in seinem Werben immer stürmischer und dringender wurde,</Unicode>
                </TextEquiv>
            </TextLine>
            <TextLine id="r1l37" custom="readingOrder {index:36;}">
                <Coords points="1844,890 2953,874 2936,836 1843,848"/>
                <Baseline points="1857,880 1911,879 1965,879 2019,878 2073,877 2127,877 2181,877 2236,877 2290,877 2344,876 2398,876 2452,876 2506,876 2560,876 2615,875 2669,875 2723,874 2777,874 2831,873 2885,872 2940,871"/>
                <TextEquiv>
                    <Unicode>„Ein Regentag“, „Pastor Brose“, „Gräfin Fritzi“ und „Ghis¬</Unicode>
                </TextEquiv>
            </TextLine>
            <TextLine id="r1l38" custom="readingOrder {index:37;}">
                <Coords points="714,899 1810,897 1837,847 714,863"/>
                <Baseline points="727,899 781,898 836,896 891,895 946,894 1001,892 1055,892 1110,891 1165,890 1220,889 1275,888 1329,888 1384,887 1439,886 1494,886 1549,885 1603,885 1658,884 1713,884 1768,883 1823,882"/>
                <TextEquiv>
                    <Unicode>schrieb sie ihm einen Brief, in dem sie ihm erklärte, er möge</Unicode>
                </TextEquiv>
            </TextLine>
            <TextLine id="r1l39" custom="readingOrder {index:38;}">
                <Coords points="1847,928 1867,927 1889,941 1906,935 1919,944 1958,927 1969,935 1994,929 2016,909 2047,912 2046,881 2010,882 2002,873 1994,882 1947,877 1886,883 1869,866 1847,867"/>
                <Baseline points="1861,915 1889,916 1918,916 1947,915 1975,915 2004,914 2033,915"/>
                <TextEquiv>
                    <Unicode>monda“.</Unicode>
                </TextEquiv>
            </TextLine>
            <TextLine id="r1l40" custom="readingOrder {index:39;}">
                <Coords points="724,937 1761,943 1833,931 1833,890 724,903"/>
                <Baseline points="738,942 792,940 846,938 900,937 954,935 1008,934 1062,933 1116,932 1170,932 1224,931 1279,931 1333,931 1387,930 1441,930 1495,930 1549,929 1603,929 1657,928 1711,927 1765,926 1820,925"/>
                <TextEquiv>
                    <Unicode>sie nicht länger quälen, denn ihre ganze Liebe gehöre ihrem</Unicode>
                </TextEquiv>
            </TextLine>
            <TextLine id="r1l41" custom="readingOrder {index:40;}">
                <Coords points="1981,964 2946,962 2946,912 2916,904 1981,903"/>
                <Baseline points="1995,959 2041,957 2088,956 2135,955 2182,955 2229,955 2276,955 2323,955 2370,955 2417,955 2464,956 2510,956 2557,956 2604,956 2651,956 2698,955 2745,954 2792,954 2839,952 2886,950 2933,948"/>
                <TextEquiv>
                    <Unicode>Im Raimund=Theater gelangt heute die mit</Unicode>
                </TextEquiv>
            </TextLine>
            <TextLine id="r1l42" custom="readingOrder {index:41;}">
                <Coords points="717,976 1849,975 1848,936 1798,928 717,943"/>
                <Baseline points="732,980 787,979 842,978 897,977 952,976 1008,975 1063,975 1118,974 1173,974 1228,973 1284,973 1339,973 1394,972 1449,972 1504,972 1560,971 1615,971 1670,971 1725,971 1780,971 1836,970"/>
                <TextEquiv>
                    <Unicode>Gatten. Der Effect des Briefes ist daß der Abgewiesene sich</Unicode>
                </TextEquiv>
            </TextLine>
            <TextLine id="r1l43" custom="readingOrder {index:42;}">
                <Coords points="1846,1005 2950,999 2950,957 2877,949 1846,947"/>
                <Baseline points="1861,999 1914,998 1968,997 2022,997 2076,997 2130,997 2183,997 2237,997 2291,997 2345,998 2399,998 2452,998 2506,998 2560,998 2614,997 2668,997 2721,996 2775,994 2829,992 2883,990 2937,987"/>
                <TextEquiv>
                    <Unicode>so außerordentlichem Erfolge aufgeführte Gesangsposse „Der</Unicode>
                </TextEquiv>
            </TextLine>
            <TextLine id="r1l44" custom="readingOrder {index:43;}">
                <Coords points="717,1008 1837,1017 1836,967 716,975"/>
                <Baseline points="730,1022 784,1021 839,1020 894,1019 948,1019 1003,1018 1058,1018 1112,1017 1167,1017 1222,1016 1277,1016 1331,1015 1386,1015 1441,1015 1495,1014 1550,1014 1605,1013 1659,1012 1714,1012 1769,1011 1824,1010"/>
                <TextEquiv>
                    <Unicode>tödtet. Ein Portefeuille mit den Briefen Annas kommen in</Unicode>
                </TextEquiv>
            </TextLine>
            <TextLine id="r1l45" custom="readingOrder {index:44;}">
                <Coords points="1845,1047 2904,1037 2957,1033 2957,997 1845,1002"/>
                <Baseline points="1859,1036 1913,1036 1967,1035 2021,1035 2075,1035 2130,1035 2184,1035 2238,1035 2292,1035 2346,1035 2401,1035 2455,1035 2509,1035 2563,1034 2617,1034 2672,1033 2726,1032 2780,1031 2834,1029 2888,1027 2943,1025"/>
                <TextEquiv>
                    <Unicode>Heiratsschwindler“ von Bernhard Buchbinder zum viertenmale</Unicode>
                </TextEquiv>
            </TextLine>
            <TextLine id="r1l46" custom="readingOrder {index:45;}">
                <Coords points="715,1059 953,1088 1849,1071 1848,1029 1790,1010 714,1026"/>
                <Baseline points="728,1063 783,1062 838,1062 894,1061 949,1061 1004,1061 1060,1061 1115,1060 1170,1060 1226,1060 1281,1060 1336,1060 1392,1059 1447,1059 1502,1058 1558,1058 1613,1057 1668,1056 1724,1055 1779,1054 1835,1053"/>
                <TextEquiv>
                    <Unicode>die Hände Pauls, ihres Gatten. Dieser wird nun durch die</Unicode>
                </TextEquiv>
            </TextLine>
            <TextLine id="r1l47" custom="readingOrder {index:46;}">
                <Coords points="1836,1089 2951,1074 2950,1027 1836,1045"/>
                <Baseline points="1851,1077 1905,1076 1959,1075 2013,1074 2068,1074 2122,1073 2176,1073 2231,1072 2285,1072 2339,1072 2394,1072 2448,1071 2502,1071 2556,1070 2611,1070 2665,1069 2719,1068 2774,1067 2828,1065 2882,1064 2937,1061"/>
                <TextEquiv>
                    <Unicode>zur Aufführung und wird Herr Fröden neue Strophen seines</Unicode>
                </TextEquiv>
            </TextLine>
            <TextLine id="r1l48" custom="readingOrder {index:47;}">
                <Coords points="719,1110 2962,1121 2962,1058 719,1082"/>
                <Baseline points="732,1112 842,1108 953,1105 1064,1103 1175,1102 1286,1101 1397,1101 1507,1102 1618,1103 1729,1104 1840,1105 1951,1107 2062,1108 2173,1109 2283,1109 2394,1110 2505,1109 2616,1108 2727,1106 2838,1104 2949,1100"/>
                <TextEquiv>
                    <Unicode>Entdeckung, was den Freund in den Tod getrieben hat, wirkungsvollen Couplets „Streckenweis“ zum Vortrage bringen.</Unicode>
                </TextEquiv>
            </TextLine>
            <TextLine id="r1l49" custom="readingOrder {index:48;}">
                <Coords points="724,1162 2945,1103 724,1107"/>
                <Baseline points="738,1154 847,1150 957,1148 1067,1146 1176,1145 1286,1144 1396,1144 1505,1144 1615,1144 1725,1144 1835,1145 1944,1145 2054,1146 2164,1146 2273,1146 2383,1146 2493,1145 2602,1144 2712,1142 2822,1139 2932,1136"/>
                <TextEquiv>
                    <Unicode>lebhaft beunruhigt. Er stellt sich die Frage, ob es denn — Morgen kommt „Bruder Martin“ zum 85. Male zur Wieder¬</Unicode>
                </TextEquiv>
            </TextLine>
            <TextLine id="r1l50" custom="readingOrder {index:49;}">
                <Coords points="2066,1184 2959,1190 2958,1132 2066,1151"/>
                <Baseline points="2080,1186 2123,1185 2166,1185 2209,1184 2252,1184 2296,1184 2339,1184 2382,1184 2425,1184 2468,1183 2512,1183 2555,1183 2598,1183 2641,1182 2684,1181 2728,1180 2771,1179 2814,1178 2857,1176 2900,1175 2944,1172"/>
                <TextEquiv>
                    <Unicode>Sonntag, Nachmittags halb 3 Uhr, geht Holger</Unicode>
                </TextEquiv>
            </TextLine>
            <TextLine id="r1l51" custom="readingOrder {index:50;}">
                <Coords points="1849,1213 1880,1213 1899,1194 1935,1191 1949,1197 1969,1197 1991,1192 1991,1159 1972,1161 1958,1153 1952,1158 1919,1158 1900,1147 1883,1152 1850,1149"/>
                <Baseline points="1864,1188 1892,1186 1921,1186 1949,1187 1978,1188"/>
                <TextEquiv>
                    <Unicode>holung.</Unicode>
                </TextEquiv>
            </TextLine>
            <TextLine id="r1l52" custom="readingOrder {index:51;}">
                <Coords points="727,1200 1836,1195 1836,1148 727,1161"/>
                <Baseline points="740,1194 794,1194 848,1194 902,1193 956,1193 1010,1192 1064,1191 1118,1190 1172,1190 1226,1189 1280,1188 1334,1187 1388,1186 1442,1186 1496,1185 1550,1185 1604,1184 1658,1184 1712,1183 1766,1183 1821,1183"/>
                <TextEquiv>
                    <Unicode>nicht möglich sei, daß Anna den Todten dennoch liebte,</Unicode>
                </TextEquiv>
            </TextLine>
            <TextLine id="r1l53" custom="readingOrder {index:52;}">
                <Coords points="2858,1214 2872,1214 2881,1223 2900,1217 2906,1220 2914,1217 2919,1223 2925,1223 2931,1217 2955,1217 2955,1187 2939,1187 2931,1178 2922,1181 2908,1178 2906,1181 2900,1176 2889,1187 2858,1184"/>
                <Baseline points="2872,1211 2907,1209 2942,1211"/>
                <TextEquiv>
                    <Unicode>mit</Unicode>
                </TextEquiv>
            </TextLine>
            <TextLine id="r1l54" custom="readingOrder {index:53;}">
                <Coords points="1841,1232 2659,1233 2855,1215 2855,1184 1840,1196"/>
                <Baseline points="1854,1224 1903,1223 1952,1223 2002,1222 2051,1222 2101,1221 2150,1221 2199,1221 2249,1220 2298,1220 2348,1220 2397,1219 2446,1219 2496,1219 2545,1218 2595,1218 2644,1217 2693,1216 2743,1216 2792,1215 2842,1214"/>
                <TextEquiv>
                    <Unicode>Drachmann's poetisches Märchenspiel „Es war einmal ...“</Unicode>
                </TextEquiv>
            </TextLine>
            <TextLine id="r1l55" custom="readingOrder {index:54;}">
                <Coords points="716,1236 1764,1237 1849,1223 1849,1184 715,1202"/>
                <Baseline points="730,1235 785,1235 840,1234 895,1233 951,1232 1006,1232 1061,1231 1116,1231 1172,1230 1227,1230 1282,1230 1337,1229 1393,1229 1448,1228 1503,1228 1558,1227 1614,1227 1669,1226 1724,1226 1779,1225 1835,1224"/>
                <TextEquiv>
                    <Unicode>ihn aber aus Pflichtgefühl nicht erhörte. Und so dringt er</Unicode>
                </TextEquiv>
            </TextLine>
            <TextLine id="r1l56" custom="readingOrder {index:55;}">
                <Coords points="1847,1264 2735,1271 2956,1252 2956,1218 1847,1228"/>
                <Baseline points="1860,1263 1914,1263 1968,1262 2022,1261 2076,1260 2130,1260 2184,1259 2238,1258 2292,1257 2346,1257 2401,1256 2455,1255 2509,1255 2563,1254 2617,1253 2671,1252 2725,1252 2779,1251 2833,1250 2887,1249 2942,1248"/>
                <TextEquiv>
                    <Unicode>den Damen Anatour, Krauß, Niese, Reinhart und den Herren</Unicode>
                </TextEquiv>
            </TextLine>
            <TextLine id="r1l57" custom="readingOrder {index:56;}">
                <Coords points="1518,1262 1560,1282 1574,1273 1654,1279 1698,1265 1710,1276 1818,1276 1856,1295 1856,1218 1829,1229 1790,1223 1765,1237 1698,1232 1682,1243 1651,1232 1618,1240 1599,1226 1540,1243 1518,1237"/>
                <Baseline points="1533,1267 1558,1267 1584,1267 1610,1267 1636,1267 1662,1267 1688,1267 1713,1268 1739,1268 1765,1268 1791,1267 1817,1266 1843,1265"/>
                <TextEquiv>
                    <Unicode>geben, obwohl</Unicode>
                </TextEquiv>
            </TextLine>
            <TextLine id="r1l58" custom="readingOrder {index:57;}">
                <Coords points="715,1263 893,1286 1037,1284 1062,1259 1098,1283 1520,1272 1519,1233 1477,1226 715,1230"/>
                <Baseline points="729,1276 767,1277 806,1277 845,1277 884,1277 923,1277 962,1276 1000,1276 1039,1275 1078,1274 1117,1274 1156,1273 1195,1272 1234,1271 1272,1271 1311,1270 1350,1270 1389,1269 1428,1269 1467,1269 1506,1270"/>
                <TextEquiv>
                    <Unicode>denn in Anna ihm Aufklärung zu</Unicode>
                </TextEquiv>
            </TextLine>
            <TextLine id="r1l59" custom="readingOrder {index:58;}">
                <Coords points="1844,1302 2942,1310 2961,1257 1843,1266"/>
                <Baseline points="1858,1298 1912,1299 1966,1299 2021,1299 2075,1299 2130,1299 2184,1298 2239,1297 2293,1297 2348,1296 2402,1295 2456,1294 2511,1293 2565,1292 2620,1291 2674,1290 2729,1289 2783,1289 2838,1288 2892,1288 2947,1288"/>
                <TextEquiv>
                    <Unicode>Göstl, Kirschner, Klein, Krug, Lucas, Schildkraut und Straß¬</Unicode>
                </TextEquiv>
            </TextLine>
            <TextLine id="r1l60" custom="readingOrder {index:59;}">
                <Coords points="722,1328 1842,1315 1811,1268 722,1265"/>
                <Baseline points="736,1318 790,1317 845,1315 899,1315 954,1314 1009,1313 1063,1313 1118,1312 1173,1312 1227,1312 1282,1312 1337,1311 1391,1311 1446,1311 1501,1311 1555,1311 1610,1310 1665,1310 1719,1309 1774,1308 1829,1307"/>
                <TextEquiv>
                    <Unicode>diese ihn bittet, sie über die Angelegenheit nicht zu befragen.</Unicode>
                </TextEquiv>
            </TextLine>
            <TextLine id="r1l61" custom="readingOrder {index:60;}">
                <Coords points="1848,1349 2546,1347 2546,1300 1847,1302"/>
                <Baseline points="1861,1334 1894,1335 1928,1335 1961,1336 1995,1336 2029,1337 2062,1337 2096,1336 2129,1336 2163,1336 2197,1336 2230,1335 2264,1334 2297,1334 2331,1333 2365,1332 2398,1331 2432,1330 2465,1330 2499,1329 2533,1328"/>
                <TextEquiv>
                    <Unicode>meyer bei ermäßigten Preisen in Scene.</Unicode>
                </TextEquiv>
            </TextLine>
            <TextLine id="r1l62" custom="readingOrder {index:61;}">
                <Coords points="727,1358 1819,1365 1836,1312 727,1327"/>
                <Baseline points="740,1360 794,1359 848,1358 902,1356 956,1356 1010,1355 1064,1354 1119,1354 1173,1353 1227,1353 1281,1353 1335,1353 1389,1353 1443,1352 1498,1352 1552,1352 1606,1351 1660,1351 1714,1350 1768,1349 1823,1348"/>
                <TextEquiv>
                    <Unicode>Sein Argwohn läßt ihn immer heftiger werden, bis endlich</Unicode>
                </TextEquiv>
            </TextLine>
            <TextLine id="r1l63" custom="readingOrder {index:62;}">
                <Coords points="1982,1386 2967,1385 2966,1324 2858,1344 2788,1314 2717,1346 1982,1342"/>
                <Baseline points="1997,1382 2044,1381 2092,1380 2140,1380 2188,1379 2236,1378 2283,1378 2331,1377 2379,1376 2427,1376 2475,1375 2522,1375 2570,1374 2618,1374 2666,1373 2714,1373 2761,1373 2809,1373 2857,1373 2905,1373 2953,1373"/>
                <TextEquiv>
                    <Unicode> Im Josefstädter Theater findet morgen,</Unicode>
                </TextEquiv>
            </TextLine>
            <TextLine id="r1l64" custom="readingOrder {index:63;}">
                <Coords points="721,1389 910,1418 1844,1397 1824,1352 1610,1337 721,1356"/>
                <Baseline points="736,1404 790,1402 845,1401 900,1400 955,1399 1009,1398 1064,1397 1119,1397 1174,1396 1228,1396 1283,1395 1338,1395 1393,1395 1447,1395 1502,1395 1557,1394 1612,1394 1666,1394 1721,1394 1776,1394 1831,1393"/>
                <TextEquiv>
                    <Unicode>Anna gesteht, sie habe den Todten immer geliebt, sie liebe</Unicode>
                </TextEquiv>
            </TextLine>
            <TextLine id="r1l65" custom="readingOrder {index:64;}">
                <Coords points="1849,1426 2897,1420 2960,1378 1848,1379"/>
                <Baseline points="1862,1420 1916,1420 1970,1420 2024,1420 2078,1420 2133,1419 2187,1419 2241,1419 2295,1418 2349,1417 2404,1417 2458,1416 2512,1415 2566,1415 2620,1414 2675,1413 2729,1412 2783,1411 2837,1410 2891,1410 2946,1408"/>
                <TextEquiv>
                    <Unicode>Freitag, die erste Aufführung des dreiactigen Schwankes „Der</Unicode>
                </TextEquiv>
            </TextLine>
            <TextLine id="r1l66" custom="readingOrder {index:65;}">
                <Coords points="715,1432 929,1463 1758,1450 1846,1441 1846,1396 715,1407"/>
                <Baseline points="730,1448 785,1446 840,1445 895,1443 950,1441 1005,1440 1060,1440 1115,1439 1170,1438 1225,1437 1281,1437 1336,1436 1391,1436 1446,1436 1501,1436 1556,1436 1611,1436 1666,1436 1721,1436 1776,1436 1832,1436"/>
                <TextEquiv>
                    <Unicode>ihn auch jetzt noch und sie berene — ihre Tugend. Paul</Unicode>
                </TextEquiv>
            </TextLine>
            <TextLine id="r1l67" custom="readingOrder {index:66;}">
                <Coords points="1839,1457 2970,1463 2970,1424 1838,1427"/>
                <Baseline points="1853,1458 1908,1457 1963,1457 2018,1457 2073,1457 2128,1457 2183,1457 2239,1457 2294,1457 2349,1457 2404,1457 2459,1456 2514,1456 2569,1455 2625,1454 2680,1453 2735,1452 2790,1450 2845,1448 2900,1446 2956,1444"/>
                <TextEquiv>
                    <Unicode>Rabenvater“ von Jarno und Fischer statt. Der Schwank ist</Unicode>
                </TextEquiv>
            </TextLine>
            <TextLine id="r1l68" custom="readingOrder {index:67;}">
                <Coords points="715,1492 1838,1485 1838,1441 1796,1438 931,1462 715,1431"/>
                <Baseline points="730,1492 784,1490 839,1487 894,1485 948,1484 1003,1483 1058,1481 1112,1480 1167,1480 1222,1479 1277,1479 1331,1478 1386,1478 1441,1478 1495,1478 1550,1478 1605,1478 1659,1478 1714,1477 1769,1477 1824,1476"/>
                <TextEquiv>
                    <Unicode>hätte das „Recht ihrer Seele“ respectiren sollen, weil er dies</Unicode>
                </TextEquiv>
            </TextLine>
            <TextLine id="r1l69" custom="readingOrder {index:68;}">
                <Coords points="1840,1495 2901,1496 2962,1492 2962,1459 1839,1459"/>
                <Baseline points="1853,1495 1907,1496 1962,1496 2017,1496 2072,1496 2126,1495 2181,1495 2236,1495 2291,1495 2345,1494 2400,1494 2455,1493 2510,1493 2564,1492 2619,1491 2674,1490 2729,1489 2783,1488 2838,1487 2893,1486 2948,1484"/>
                <TextEquiv>
                    <Unicode>bekanntlich ein Cassenstück des Berliner Neuen Theaters. Die</Unicode>
                </TextEquiv>
            </TextLine>
            <TextLine id="r1l70" custom="readingOrder {index:69;}">
                <Coords points="729,1531 1838,1525 1837,1484 1787,1479 728,1492"/>
                <Baseline points="742,1532 796,1531 850,1530 904,1529 958,1529 1012,1528 1066,1527 1120,1527 1174,1526 1228,1526 1282,1525 1336,1525 1390,1525 1444,1524 1498,1524 1552,1523 1606,1522 1660,1522 1714,1521 1768,1520 1823,1519"/>
                <TextEquiv>
                    <Unicode>nicht that, verläßt sie sein Haus. Die beiden Träger der</Unicode>
                </TextEquiv>
            </TextLine>
            <TextLine id="r1l71" custom="readingOrder {index:70;}">
                <Coords points="1847,1538 2962,1528 2961,1492 2889,1487 1847,1499"/>
                <Baseline points="1861,1533 1915,1533 1969,1533 2024,1533 2078,1533 2133,1533 2187,1532 2241,1532 2296,1532 2350,1532 2405,1531 2459,1531 2513,1530 2568,1530 2622,1529 2677,1528 2731,1527 2785,1526 2840,1525 2894,1523 2949,1522"/>
                <TextEquiv>
                    <Unicode>Hauptrollen der vom Regisseur Groß inscenirten Novität befinden</Unicode>
                </TextEquiv>
            </TextLine>
            <TextLine id="r1l72" custom="readingOrder {index:71;}">
                <Coords points="1843,1574 2954,1579 2954,1532 1842,1541"/>
                <Baseline points="1856,1571 1910,1570 1964,1570 2018,1570 2072,1570 2127,1569 2181,1569 2235,1569 2289,1569 2343,1569 2398,1569 2452,1569 2506,1568 2560,1568 2614,1567 2669,1567 2723,1565 2777,1564 2831,1563 2885,1561 2940,1559"/>
                <TextEquiv>
                    <Unicode>sich in den Händen der Damen Pohl=Meiser, Fischer, Schmidt¬</Unicode>
                </TextEquiv>
            </TextLine>
            <TextLine id="r1l73" custom="readingOrder {index:72;}">
                <Coords points="721,1574 1855,1580 1855,1530 721,1538"/>
                <Baseline points="736,1575 791,1574 846,1573 901,1572 957,1571 1012,1570 1067,1569 1122,1568 1178,1568 1233,1567 1288,1566 1343,1565 1399,1565 1454,1565 1509,1564 1564,1564 1620,1564 1675,1565 1730,1565 1785,1566 1841,1566"/>
                <TextEquiv>
                    <Unicode>Hauptrollen boten ihr Bestes, um ihren Rollen Leben und</Unicode>
                </TextEquiv>
            </TextLine>
            <TextLine id="r1l74" custom="readingOrder {index:73;}">
                <Coords points="722,1632 2962,1566 722,1593"/>
                <Baseline points="737,1619 847,1616 958,1614 1068,1612 1179,1611 1289,1610 1400,1609 1510,1609 1621,1609 1731,1609 1842,1609 1952,1609 2063,1609 2173,1608 2284,1608 2394,1607 2505,1606 2615,1605 2726,1603 2836,1601 2947,1598"/>
                <TextEquiv>
                    <Unicode>Wahrscheinlichkeit zu verleihen, namentlich Frau Hohen= Leeb, Felsen, Schleinitz und der Herren Maran, Franker,</Unicode>
                </TextEquiv>
            </TextLine>
            <TextLine id="r1l75" custom="readingOrder {index:74;}">
                <Coords points="1842,1658 2973,1652 2972,1608 2914,1600 1841,1614"/>
                <Baseline points="1855,1646 1910,1646 1965,1646 2020,1646 2075,1646 2131,1646 2186,1646 2241,1645 2296,1645 2351,1644 2407,1643 2462,1643 2517,1642 2572,1642 2627,1641 2683,1640 2738,1639 2793,1638 2848,1637 2903,1636 2959,1635"/>
                <TextEquiv>
                    <Unicode>C. A. Friese und Bartl. Die Première fängt um halb 8 Uhr</Unicode>
                </TextEquiv>
            </TextLine>
            <TextLine id="r1l76" custom="readingOrder {index:75;}">
                <Coords points="727,1665 1850,1653 1850,1617 1792,1606 727,1616"/>
                <Baseline points="741,1658 795,1658 850,1657 905,1656 959,1656 1014,1655 1069,1654 1123,1654 1178,1653 1233,1653 1288,1652 1342,1651 1397,1651 1452,1650 1506,1650 1561,1650 1616,1649 1670,1649 1725,1649 1780,1650 1835,1650"/>
                <TextEquiv>
                    <Unicode>fels verdient volles Lob. Es gelang ihnen nicht. Un¬</Unicode>
                </TextEquiv>
            </TextLine>
            <TextLine id="r1l77" custom="readingOrder {index:76;}">
                <Coords points="1852,1690 2898,1701 2972,1689 2972,1634 1852,1653"/>
                <Baseline points="1866,1687 1920,1686 1975,1685 2029,1684 2084,1683 2139,1683 2193,1682 2248,1682 2303,1681 2357,1681 2412,1680 2467,1680 2521,1680 2576,1679 2631,1679 2685,1678 2740,1678 2795,1677 2849,1676 2904,1675 2959,1674"/>
                <TextEquiv>
                    <Unicode>an, Karten für Logen und Sitze werden von heute ab an den</Unicode>
                </TextEquiv>
            </TextLine>
            <TextLine id="r1l78" custom="readingOrder {index:77;}">
                <Coords points="716,1693 1847,1697 1846,1659 1760,1643 715,1665"/>
                <Baseline points="730,1706 785,1704 840,1703 895,1701 950,1700 1005,1699 1060,1697 1115,1697 1170,1696 1225,1695 1281,1694 1336,1693 1391,1693 1446,1692 1501,1692 1556,1691 1611,1691 1666,1691 1721,1691 1776,1691 1832,1692"/>
                <TextEquiv>
                    <Unicode>mögliches kann eben Niemand leisten. Und nun zu dem</Unicode>
                </TextEquiv>
            </TextLine>
            <TextLine id="r1l79" custom="readingOrder {index:78;}">
                <Coords points="1841,1749 2590,1731 2590,1684 1841,1690"/>
                <Baseline points="1856,1723 1893,1722 1931,1721 1969,1721 2007,1721 2045,1721 2083,1721 2120,1721 2158,1722 2196,1722 2234,1722 2272,1722 2310,1722 2347,1722 2385,1721 2423,1721 2461,1720 2499,1718 2537,1717 2575,1714"/>
                <TextEquiv>
                    <Unicode>Tagescassen ohne Vormerkgebühr vergeben.</Unicode>
                </TextEquiv>
            </TextLine>
            <TextLine id="r1l80" custom="readingOrder {index:79;}">
                <Coords points="729,1772 1846,1741 1845,1696 1762,1692 728,1705"/>
                <Baseline points="741,1748 795,1746 850,1745 904,1743 959,1742 1013,1741 1068,1741 1122,1740 1177,1740 1231,1739 1286,1739 1340,1739 1395,1738 1449,1737 1504,1737 1558,1736 1613,1734 1667,1733 1722,1731 1776,1728 1831,1725"/>
                <TextEquiv>
                    <Unicode>zweiten „Modernen“. Was sollen wir über Schnitzler's</Unicode>
                </TextEquiv>
            </TextLine>
            <TextLine id="r1l81" custom="readingOrder {index:80;}">
                <Coords points="1986,1768 2973,1775 2973,1728 1986,1738"/>
                <Baseline points="1999,1768 2047,1769 2095,1769 2143,1770 2191,1770 2239,1770 2287,1769 2335,1768 2383,1768 2431,1767 2479,1766 2527,1765 2575,1764 2623,1763 2671,1762 2719,1761 2767,1761 2815,1760 2863,1760 2911,1760 2960,1760"/>
                <TextEquiv>
                    <Unicode>Im Rudolfsheimer Volkstheater geht</Unicode>
                </TextEquiv>
            </TextLine>
            <TextLine id="r1l82" custom="readingOrder {index:81;}">
                <Coords points="721,1795 1674,1776 1722,1804 1849,1766 1848,1738 1621,1730 720,1754"/>
                <Baseline points="735,1794 790,1792 845,1789 900,1788 955,1786 1010,1785 1065,1784 1120,1783 1175,1782 1230,1782 1285,1781 1340,1781 1395,1780 1450,1780 1505,1780 1560,1779 1615,1779 1670,1778 1725,1777 1780,1776 1835,1775"/>
                <TextEquiv>
                    <Unicode>„Liebelei“ sagen. Daß das Stück eigentlich gar kein Stück ist</Unicode>
                </TextEquiv>
            </TextLine>
            <TextLine id="r1l83" custom="readingOrder {index:82;}">
                <Coords points="1851,1820 2965,1820 2965,1773 1850,1767"/>
                <Baseline points="1865,1810 1919,1809 1973,1809 2027,1809 2082,1808 2136,1808 2190,1808 2244,1808 2299,1808 2353,1807 2407,1807 2461,1807 2516,1806 2570,1806 2624,1805 2678,1804 2733,1803 2787,1802 2841,1800 2895,1798 2950,1796"/>
                <TextEquiv>
                    <Unicode>„Fee Million“ bis inclusive Freitag mit der Directorin Czer¬</Unicode>
                </TextEquiv>
            </TextLine>
            <TextLine id="r1l84" custom="readingOrder {index:83;}">
                <Coords points="724,1838 1839,1824 1838,1771 724,1807"/>
                <Baseline points="737,1831 791,1830 845,1830 900,1829 954,1829 1008,1828 1063,1827 1117,1827 1171,1826 1226,1825 1280,1824 1334,1823 1389,1823 1443,1822 1497,1821 1552,1821 1606,1820 1660,1820 1715,1819 1769,1819 1824,1818"/>
                <TextEquiv>
                    <Unicode>weil es jeder Handlung entbehrt? Daß dieses Stück</Unicode>
                </TextEquiv>
            </TextLine>
            <TextLine id="r1l85" custom="readingOrder {index:84;}">
                <Coords points="1853,1856 2960,1847 2940,1795 1853,1815"/>
                <Baseline points="1867,1846 1923,1845 1980,1845 2037,1845 2094,1845 2150,1845 2207,1845 2264,1845 2321,1846 2378,1846 2434,1846 2491,1845 2548,1845 2605,1844 2662,1843 2718,1842 2775,1840 2832,1838 2889,1835 2946,1832"/>
                <TextEquiv>
                    <Unicode>niawski=Loewe in der Titelrolle in Scene. Die Rolle des Volks¬</Unicode>
                </TextEquiv>
            </TextLine>
            <TextLine id="r1l86" custom="readingOrder {index:85;}">
                <Coords points="1073,1869 1844,1871 1844,1824 1381,1842 1073,1813"/>
                <Baseline points="1087,1867 1124,1867 1161,1867 1198,1867 1235,1867 1272,1867 1309,1867 1347,1866 1384,1866 1421,1866 1458,1865 1495,1865 1532,1865 1569,1864 1607,1864 1644,1864 1681,1863 1718,1863 1755,1863 1792,1862 1830,1862"/>
                <TextEquiv>
                    <Unicode>die eigentlich gar keine Acte sind?</Unicode>
                </TextEquiv>
            </TextLine>
            <TextLine id="r1l87" custom="readingOrder {index:86;}">
                <Coords points="730,1873 792,1883 850,1866 866,1882 927,1875 947,1886 1058,1873 1057,1832 1032,1827 979,1830 963,1847 927,1828 905,1840 868,1827 799,1842 755,1831 730,1840"/>
                <Baseline points="743,1871 768,1872 793,1872 818,1872 843,1872 868,1871 894,1870 919,1869 944,1869 969,1868 994,1868 1019,1868 1045,1869"/>
                <TextEquiv>
                    <Unicode>drei Acte hat,</Unicode>
                </TextEquiv>
            </TextLine>
            <TextLine id="r1l88" custom="readingOrder {index:87;}">
                <Coords points="1846,1886 2969,1897 2969,1828 1846,1853"/>
                <Baseline points="1861,1886 1915,1885 1970,1884 2025,1884 2079,1884 2134,1883 2189,1883 2243,1883 2298,1883 2353,1883 2408,1883 2462,1883 2517,1883 2572,1882 2626,1882 2681,1881 2736,1880 2790,1879 2845,1878 2900,1876 2955,1874"/>
                <TextEquiv>
                    <Unicode>geist spielt der neuengagirte Charakterdarsteller Herr Max Zilzer.</Unicode>
                </TextEquiv>
            </TextLine>
            <TextLine id="r1l89" custom="readingOrder {index:88;}">
                <Coords points="720,1936 863,1904 1815,1916 1839,1868 719,1880"/>
                <Baseline points="734,1918 788,1917 843,1915 897,1914 952,1913 1007,1912 1061,1911 1116,1910 1170,1909 1225,1909 1280,1908 1334,1908 1389,1907 1443,1907 1498,1907 1553,1906 1607,1906 1662,1906 1716,1906 1771,1906 1826,1905"/>
                <TextEquiv>
                    <Unicode>Doch wir wollen wenigstens den Versuch machen, die</Unicode>
                </TextEquiv>
            </TextLine>
            <TextLine id="r1l90" custom="readingOrder {index:89;}">
                <Coords points="1846,1925 2803,1943 2922,1926 2955,1881 1846,1886"/>
                <Baseline points="1861,1921 1917,1921 1974,1920 2031,1920 2088,1920 2144,1919 2201,1919 2258,1919 2315,1919 2372,1919 2428,1919 2485,1919 2542,1919 2599,1918 2656,1918 2712,1917 2769,1915 2826,1914 2883,1912 2940,1910"/>
                <TextEquiv>
                    <Unicode>Nächsten Samstag gelangt „Ein Wiener Freiwilliger“ zur Auf¬</Unicode>
                </TextEquiv>
            </TextLine>
            <TextLine id="r1l91" custom="readingOrder {index:90;}">
                <Coords points="731,1958 1848,1957 1848,1910 730,1925"/>
                <Baseline points="746,1958 800,1957 854,1956 909,1955 963,1954 1017,1954 1072,1953 1126,1953 1180,1952 1235,1951 1289,1951 1343,1951 1398,1950 1452,1950 1506,1949 1561,1949 1615,1948 1669,1947 1724,1946 1778,1946 1833,1945"/>
                <TextEquiv>
                    <Unicode>moderne Kraftgenialität Schnitzler's dem schlichten Laien¬</Unicode>
                </TextEquiv>
            </TextLine>
            <TextLine id="r1l92" custom="readingOrder {index:91;}">
                <Coords points="1842,1977 1856,1977 1866,1986 1889,1969 1911,1984 1925,1981 1936,1970 1944,1976 1967,1971 1975,1977 1986,1971 2011,1972 2012,1933 1989,1935 1959,1926 1931,1934 1906,1925 1843,1927"/>
                <Baseline points="1855,1958 1883,1957 1911,1957 1940,1958 1968,1959 1997,1960"/>
                <TextEquiv>
                    <Unicode>führung.</Unicode>
                </TextEquiv>
            </TextLine>
            <TextLine id="r1l93" custom="readingOrder {index:92;}">
                <Coords points="1994,2004 2967,2014 2967,1947 2873,1939 1994,1951"/>
                <Baseline points="2009,1995 2056,1995 2103,1994 2150,1994 2197,1994 2245,1994 2292,1994 2339,1994 2386,1994 2433,1994 2481,1995 2528,1995 2575,1994 2622,1994 2669,1994 2717,1994 2764,1993 2811,1992 2858,1990 2905,1989 2953,1988"/>
                <TextEquiv>
                    <Unicode>Aus Bayreuth wird uns berichtet: Im nächsten</Unicode>
                </TextEquiv>
            </TextLine>
            <TextLine id="r1l94" custom="readingOrder {index:93;}">
                <Coords points="715,2006 1838,1996 1809,1950 714,1965"/>
                <Baseline points="730,2001 784,2000 839,2000 894,1999 949,1999 1003,1998 1058,1998 1113,1997 1168,1996 1222,1995 1277,1994 1332,1993 1387,1992 1441,1992 1496,1991 1551,1990 1606,1989 1660,1989 1715,1988 1770,1988 1825,1987"/>
                <TextEquiv>
                    <Unicode>verstand näher zu rücken. Das Werk scheint sogar Ansprüche</Unicode>
                </TextEquiv>
            </TextLine>
            <TextLine id="r1l95" custom="readingOrder {index:94;}">
                <Coords points="1847,2038 2867,2041 2933,2030 2933,1994 1846,1997"/>
                <Baseline points="1861,2035 1916,2034 1972,2034 2028,2034 2083,2034 2139,2034 2195,2035 2251,2035 2306,2036 2362,2036 2418,2037 2474,2037 2529,2037 2585,2036 2641,2036 2697,2035 2752,2033 2808,2031 2864,2029 2920,2026"/>
                <TextEquiv>
                    <Unicode>Sommer wird — zwanzig Jahre nach der ersten Aufführung —</Unicode>
                </TextEquiv>
            </TextLine>
            <TextLine id="r1l96" custom="readingOrder {index:95;}">
                <Coords points="730,2039 1823,2048 1847,1995 730,2006"/>
                <Baseline points="744,2042 798,2042 852,2041 907,2041 961,2041 1016,2040 1070,2040 1125,2039 1179,2039 1234,2038 1288,2037 1342,2037 1397,2036 1451,2035 1506,2035 1560,2034 1615,2034 1669,2033 1724,2033 1778,2033 1833,2032"/>
                <TextEquiv>
                    <Unicode>auf den Namen „Volksstück“ zu erheben, denn es spielt in</Unicode>
                </TextEquiv>
            </TextLine>
            <TextLine id="r1l97" custom="readingOrder {index:96;}">
                <Coords points="1837,2083 2880,2078 2957,2072 2957,2027 1837,2028"/>
                <Baseline points="1852,2077 1906,2075 1961,2074 2015,2073 2070,2073 2125,2073 2179,2073 2234,2073 2288,2074 2343,2074 2398,2075 2452,2075 2507,2075 2561,2074 2616,2073 2671,2072 2725,2071 2780,2067 2834,2065 2889,2060 2944,2055"/>
                <TextEquiv>
                    <Unicode>hier in vollständig neuer Ausstattung der „Ring des Nibelungen“,</Unicode>
                </TextEquiv>
            </TextLine>
            <TextLine id="r1l98" custom="readingOrder {index:97;}">
                <Coords points="731,2086 1796,2080 1795,2028 731,2055"/>
                <Baseline points="746,2086 797,2085 849,2084 901,2083 953,2082 1004,2081 1056,2081 1108,2080 1160,2079 1211,2079 1263,2078 1315,2078 1367,2078 1418,2077 1470,2077 1522,2077 1574,2076 1625,2076 1677,2075 1729,2075 1781,2074"/>
                <TextEquiv>
                    <Unicode>Wien, es wird darin etlichemale „wienerisch“ gesprochen</Unicode>
                </TextEquiv>
            </TextLine>
            <TextLine id="r1l99" custom="readingOrder {index:98;}">
                <Coords points="1845,2122 2970,2112 2970,2051 1844,2078"/>
                <Baseline points="1859,2111 1913,2111 1968,2111 2023,2111 2078,2112 2133,2112 2187,2112 2242,2112 2297,2112 2352,2112 2407,2112 2461,2112 2516,2112 2571,2111 2626,2110 2681,2109 2735,2108 2790,2107 2845,2105 2900,2103 2955,2100"/>
                <TextEquiv>
                    <Unicode>wiederum zur Aufführung gelangen. Gleichwie im Jahre 1876,</Unicode>
                </TextEquiv>
            </TextLine>
            <TextLine id="r1l100" custom="readingOrder {index:99;}">
                <Coords points="728,2135 1837,2123 1806,2071 727,2083"/>
                <Baseline points="742,2130 796,2129 850,2128 904,2128 958,2127 1012,2126 1066,2126 1120,2125 1174,2124 1228,2124 1283,2123 1337,2122 1391,2122 1445,2121 1499,2120 1553,2120 1607,2120 1661,2119 1715,2119 1769,2119 1824,2118"/>
                <TextEquiv>
                    <Unicode>das genügt ja nach der Meinung Vieler, um auch dem</Unicode>
                </TextEquiv>
            </TextLine>
            <TextLine id="r1l101" custom="readingOrder {index:100;}">
                <Coords points="1849,2156 2927,2151 2958,2095 1849,2117"/>
                <Baseline points="1862,2150 1916,2149 1970,2149 2024,2148 2078,2148 2132,2148 2186,2148 2240,2148 2294,2149 2348,2149 2403,2149 2457,2149 2511,2149 2565,2148 2619,2148 2673,2147 2727,2147 2781,2146 2835,2144 2889,2142 2944,2140"/>
                <TextEquiv>
                    <Unicode>wird der Cyklus an je vier aufeinanderfolgenden Tagen gegeben</Unicode>
                </TextEquiv>
            </TextLine>
            <TextLine id="r1l102" custom="readingOrder {index:101;}">
                <Coords points="730,2183 1839,2170 1838,2123 1744,2116 729,2133"/>
                <Baseline points="743,2171 797,2171 851,2170 905,2170 959,2169 1013,2169 1067,2168 1122,2167 1176,2166 1230,2165 1284,2164 1338,2163 1392,2162 1446,2161 1501,2160 1555,2160 1609,2159 1663,2159 1717,2158 1771,2158 1826,2158"/>
                <TextEquiv>
                    <Unicode>miserabelsten Machwerk einen „volksthümlichen“ Charakter</Unicode>
                </TextEquiv>
            </TextLine>
            <TextLine id="r1l103" custom="readingOrder {index:102;}">
                <Coords points="1853,2192 2962,2193 2962,2138 1853,2156"/>
                <Baseline points="1867,2187 1921,2187 1975,2187 2029,2187 2083,2187 2137,2187 2191,2187 2245,2187 2299,2187 2353,2186 2408,2186 2462,2186 2516,2185 2570,2184 2624,2184 2678,2183 2732,2182 2786,2180 2840,2179 2894,2177 2949,2175"/>
                <TextEquiv>
                    <Unicode>werden. Es sind hierfür folgende Tage in Aussicht genommen:</Unicode>
                </TextEquiv>
            </TextLine>
            <TextLine id="r1l104" custom="readingOrder {index:103;}">
                <Coords points="720,2231 1846,2213 1845,2166 1656,2157 719,2178"/>
                <Baseline points="733,2218 790,2217 848,2215 906,2214 964,2213 1022,2212 1080,2211 1137,2210 1195,2209 1253,2209 1311,2208 1369,2207 1427,2207 1484,2206 1542,2206 1600,2205 1658,2204 1716,2204 1774,2203 1832,2202"/>
                <TextEquiv>
                    <Unicode>zu verleihen. Doch zur Sache. Der erste Act führt uns in</Unicode>
                </TextEquiv>
            </TextLine>
            <TextLine id="r1l105" custom="readingOrder {index:104;}">
                <Coords points="1845,2231 2959,2228 2959,2186 1844,2192"/>
                <Baseline points="1858,2226 1912,2225 1966,2224 2021,2224 2075,2224 2130,2223 2184,2223 2238,2223 2293,2223 2347,2223 2402,2223 2456,2223 2510,2223 2565,2222 2619,2222 2674,2221 2728,2220 2782,2219 2837,2217 2891,2215 2946,2213"/>
                <TextEquiv>
                    <Unicode>19. bis 22. Juli, 26. bis 29. Juli, 2. bis 5. August, 9. bis</Unicode>
                </TextEquiv>
            </TextLine>
            <TextLine id="r1l106" custom="readingOrder {index:105;}">
                <Coords points="724,2254 1728,2261 1841,2251 1841,2212 724,2229"/>
                <Baseline points="739,2256 793,2256 847,2256 902,2256 956,2256 1011,2255 1065,2254 1120,2254 1174,2253 1229,2252 1283,2252 1337,2251 1392,2250 1446,2249 1501,2248 1555,2247 1610,2247 1664,2246 1719,2245 1773,2245 1828,2245"/>
                <TextEquiv>
                    <Unicode>das „Junggesellenheim“ eines wohlhabenden jungen</Unicode>
                </TextEquiv>
            </TextLine>
            <TextLine id="r1l107" custom="readingOrder {index:106;}">
                <Coords points="1849,2268 2964,2255 2963,2213 1849,2230"/>
                <Baseline points="1862,2264 1916,2263 1970,2262 2025,2262 2079,2261 2134,2261 2188,2261 2242,2261 2297,2261 2351,2260 2406,2260 2460,2260 2514,2260 2569,2260 2623,2259 2678,2259 2732,2258 2786,2257 2841,2256 2895,2254 2950,2252"/>
                <TextEquiv>
                    <Unicode>12. August und 16. bis 19. August. Ueber die Besetzungsfragen</Unicode>
                </TextEquiv>
            </TextLine>
            <TextLine id="r1l108" custom="readingOrder {index:107;}">
                <Coords points="718,2306 1841,2299 1841,2249 718,2256"/>
                <Baseline points="731,2299 785,2299 840,2298 895,2298 950,2297 1005,2296 1060,2295 1114,2295 1169,2294 1224,2293 1279,2292 1334,2291 1389,2291 1444,2290 1498,2289 1553,2288 1608,2288 1663,2287 1718,2287 1773,2286 1828,2286"/>
                <TextEquiv>
                    <Unicode>Herrn, der ein echter Lebemann, nebstbei auch Student und</Unicode>
                </TextEquiv>
            </TextLine>
            <TextLine id="r1l109" custom="readingOrder {index:108;}">
                <Coords points="1843,2299 2955,2299 2954,2257 1843,2266"/>
                <Baseline points="1856,2300 1910,2300 1964,2299 2018,2299 2073,2299 2127,2298 2181,2298 2235,2298 2290,2298 2344,2298 2398,2298 2452,2298 2507,2298 2561,2298 2615,2297 2669,2297 2724,2296 2778,2295 2832,2294 2886,2293 2941,2291"/>
                <TextEquiv>
                    <Unicode>sind endgiltige Entscheidungen noch nicht erfolgt; was bisher</Unicode>
                </TextEquiv>
            </TextLine>
            <TextLine id="r1l110" custom="readingOrder {index:109;}">
                <Coords points="722,2349 2959,2332 722,2296"/>
                <Baseline points="737,2344 847,2341 957,2339 1068,2337 1178,2336 1289,2335 1399,2335 1510,2335 1620,2335 1731,2335 1841,2335 1951,2335 2062,2336 2172,2336 2283,2336 2393,2336 2504,2335 2614,2334 2725,2333 2835,2332 2946,2330"/>
                <TextEquiv>
                    <Unicode>Reservelieutenant ist. Seine Wohnung gleicht einem Durch= darüber verbreitet wurde, ist zumeist nicht richtig. Das Orchester</Unicode>
                </TextEquiv>
            </TextLine>
            <TextLine id="r1l111" custom="readingOrder {index:110;}">
                <Coords points="1838,2373 2961,2385 2961,2332 1838,2340"/>
                <Baseline points="1853,2376 1907,2375 1962,2375 2017,2374 2072,2373 2126,2373 2181,2373 2236,2373 2291,2373 2345,2373 2400,2373 2455,2373 2510,2373 2564,2373 2619,2373 2674,2372 2729,2372 2783,2371 2838,2370 2893,2369 2948,2368"/>
                <TextEquiv>
                    <Unicode>wird nur wenige Veränderungen gegen die vorhergehenden Fest¬</Unicode>
                </TextEquiv>
            </TextLine>
            <TextLine id="r1l112" custom="readingOrder {index:111;}">
                <Coords points="734,2390 1849,2386 1848,2337 1790,2334 734,2340"/>
                <Baseline points="747,2383 801,2382 855,2382 910,2381 964,2381 1019,2380 1073,2380 1127,2379 1182,2379 1236,2379 1291,2378 1345,2378 1399,2377 1454,2377 1508,2377 1563,2376 1617,2376 1671,2375 1726,2375 1780,2374 1835,2374"/>
                <TextEquiv>
                    <Unicode>haus denn kaum hat eine seiner Geliebten dieselbe verlassen,</Unicode>
                </TextEquiv>
            </TextLine>
            <TextLine id="r1l113" custom="readingOrder {index:112;}">
                <Coords points="1854,2430 1882,2443 1946,2440 2015,2411 2051,2428 2095,2419 2129,2433 2239,2409 2239,2379 1854,2380"/>
                <Baseline points="1867,2415 1892,2414 1918,2413 1943,2412 1969,2412 1994,2412 2020,2412 2046,2412 2071,2412 2097,2412 2122,2412 2148,2411 2173,2411 2199,2410 2225,2409"/>
                <TextEquiv>
                    <Unicode>spieljahre aufweisen.</Unicode>
                </TextEquiv>
            </TextLine>
            <TextLine id="r1l114" custom="readingOrder {index:113;}">
                <Coords points="731,2433 1829,2427 1851,2360 731,2391"/>
                <Baseline points="745,2425 799,2425 854,2424 908,2423 963,2423 1018,2422 1072,2421 1127,2421 1181,2421 1236,2420 1291,2419 1345,2419 1400,2418 1454,2418 1509,2417 1564,2417 1618,2416 1673,2416 1727,2415 1782,2415 1837,2414"/>
                <TextEquiv>
                    <Unicode>so kehrt auch schon wieder eine Andere in ihr</Unicode>
                </TextEquiv>
            </TextLine>
            <TextLine id="r1l115" custom="readingOrder {index:114;}">
                <Coords points="1967,2462 2957,2465 2957,2412 2452,2391 1967,2420"/>
                <Baseline points="1980,2457 2028,2457 2076,2458 2124,2458 2172,2458 2220,2458 2268,2458 2317,2457 2365,2457 2413,2457 2461,2456 2509,2456 2557,2455 2605,2454 2654,2454 2702,2453 2750,2453 2798,2452 2846,2451 2894,2451 2943,2450"/>
                <TextEquiv>
                    <Unicode>An den Musikschulen Kaiser (I., VII. und</Unicode>
                </TextEquiv>
            </TextLine>
            <TextLine id="r1l116" custom="readingOrder {index:115;}">
                <Coords points="826,2464 1741,2476 1857,2462 1857,2423 826,2431"/>
                <Baseline points="841,2464 891,2464 941,2464 991,2464 1041,2464 1091,2464 1141,2463 1191,2463 1241,2462 1291,2462 1342,2462 1392,2461 1442,2460 1492,2460 1542,2459 1592,2459 1642,2459 1692,2458 1742,2458 1792,2458 1843,2458"/>
                <TextEquiv>
                    <Unicode>So wohnen wir denn einem fröhlichen</Unicode>
                </TextEquiv>
            </TextLine>
            <TextLine id="r1l117" custom="readingOrder {index:116;}">
                <Coords points="725,2473 742,2473 750,2479 775,2470 800,2478 839,2470 839,2428 822,2428 811,2434 789,2428 775,2431 767,2440 758,2440 747,2429 742,2434 725,2432"/>
                <Baseline points="740,2467 768,2467 797,2466 826,2467"/>
                <TextEquiv>
                    <Unicode>ein.</Unicode>
                </TextEquiv>
            </TextLine>
            <TextLine id="r1l118" custom="readingOrder {index:117;}">
                <Coords points="1854,2506 2960,2485 2943,2452 1854,2448"/>
                <Baseline points="1867,2494 1920,2495 1974,2496 2028,2496 2082,2497 2136,2497 2190,2498 2244,2498 2298,2498 2352,2498 2406,2497 2459,2497 2513,2496 2567,2496 2621,2495 2675,2494 2729,2493 2783,2492 2837,2490 2891,2489 2945,2487"/>
                <TextEquiv>
                    <Unicode>VIII. Bezirt) hat der Unterricht in allen instrumentalen und theo¬</Unicode>
                </TextEquiv>
            </TextLine>
            <TextLine id="r1l119" custom="readingOrder {index:118;}">
                <Coords points="1018,2518 1451,2518 1522,2489 1847,2518 1847,2462 1018,2476"/>
                <Baseline points="1031,2510 1071,2509 1111,2509 1151,2508 1191,2507 1231,2506 1271,2506 1311,2505 1351,2505 1391,2504 1432,2503 1472,2503 1512,2502 1552,2502 1592,2501 1632,2501 1672,2501 1712,2500 1752,2500 1792,2500 1833,2499"/>
                <TextEquiv>
                    <Unicode>zu dem Fritz (Herr Kutschera)</Unicode>
                </TextEquiv>
            </TextLine>
            <TextLine id="r1l120" custom="readingOrder {index:119;}">
                <Coords points="729,2527 776,2516 862,2519 898,2499 987,2527 1012,2510 1031,2516 1031,2485 1014,2485 970,2455 934,2474 729,2474"/>
                <Baseline points="744,2508 771,2511 798,2512 825,2512 852,2512 880,2511 907,2510 934,2510 961,2510 988,2511 1016,2514"/>
                <TextEquiv>
                    <Unicode>Gelage bei,</Unicode>
                </TextEquiv>
            </TextLine>
            <TextLine id="r1l121" custom="readingOrder {index:120;}">
                <Coords points="1849,2540 2944,2543 2963,2482 1848,2504"/>
                <Baseline points="1862,2536 1916,2536 1970,2537 2025,2537 2079,2537 2133,2537 2188,2537 2242,2537 2296,2537 2351,2537 2405,2537 2459,2536 2514,2536 2568,2535 2622,2534 2677,2534 2731,2533 2785,2531 2840,2530 2894,2529 2949,2527"/>
                <TextEquiv>
                    <Unicode>retischen Fächern, wie auch in den Sologesangelassen der Frau</Unicode>
                </TextEquiv>
            </TextLine>
            <TextLine id="r1l122" custom="readingOrder {index:121;}">
                <Coords points="729,2559 1846,2557 1846,2521 1529,2488 1435,2520 729,2528"/>
                <Baseline points="743,2555 797,2554 851,2553 906,2553 960,2552 1015,2551 1069,2551 1123,2550 1178,2550 1232,2549 1287,2548 1341,2548 1395,2547 1450,2547 1504,2546 1559,2545 1613,2545 1667,2544 1722,2543 1776,2542 1831,2541"/>
                <TextEquiv>
                    <Unicode>ein Mädchen aus dem Volke, Christine (Frl. Sandrock),</Unicode>
                </TextEquiv>
            </TextLine>
            <TextLine id="r1l123" custom="readingOrder {index:122;}">
                <Coords points="1858,2578 2851,2584 2959,2577 2959,2530 1858,2539"/>
                <Baseline points="1872,2574 1925,2574 1979,2574 2032,2574 2086,2574 2140,2574 2193,2574 2247,2574 2301,2574 2354,2573 2408,2573 2462,2573 2515,2573 2569,2572 2623,2572 2676,2571 2730,2570 2784,2569 2837,2567 2891,2565 2945,2563"/>
                <TextEquiv>
                    <Unicode>Prof. Caroline Bruckner und im Staatsprüfungscurs (Prof.</Unicode>
                </TextEquiv>
            </TextLine>
            <TextLine id="r1l124" custom="readingOrder {index:123;}">
                <Coords points="736,2603 1845,2598 1844,2542 735,2559"/>
                <Baseline points="750,2599 804,2598 858,2597 912,2596 966,2595 1020,2595 1074,2594 1128,2593 1182,2593 1236,2592 1291,2592 1345,2591 1399,2591 1453,2590 1507,2589 1561,2589 1615,2588 1669,2587 1723,2587 1777,2585 1832,2584"/>
                <TextEquiv>
                    <Unicode>die Tochter eines Musikers, seinen Freund und dessen Schöne</Unicode>
                </TextEquiv>
            </TextLine>
            <TextLine id="r1l125" custom="readingOrder {index:124;}">
                <Coords points="1847,2619 2906,2614 2962,2611 2962,2564 1847,2574"/>
                <Baseline points="1861,2611 1915,2611 1969,2611 2024,2611 2078,2611 2132,2611 2187,2611 2241,2611 2295,2611 2350,2610 2404,2610 2458,2610 2513,2609 2567,2609 2621,2609 2676,2608 2730,2607 2784,2606 2839,2605 2893,2604 2948,2603"/>
                <TextEquiv>
                    <Unicode>Richard Robert) Anfangs dieses Monates begonnen. Die</Unicode>
                </TextEquiv>
            </TextLine>
            <TextLine id="r1l126" custom="readingOrder {index:125;}">
                <Coords points="729,2633 1850,2636 1849,2591 1796,2589 729,2605"/>
                <Baseline points="744,2643 798,2641 853,2640 907,2639 962,2638 1016,2637 1071,2636 1125,2635 1180,2635 1234,2634 1289,2633 1344,2633 1398,2632 1453,2631 1507,2631 1562,2630 1616,2630 1671,2629 1725,2629 1780,2629 1835,2628"/>
                <TextEquiv>
                    <Unicode>geladen hat. Während die beiden Letzteren ganz genau wissen,</Unicode>
                </TextEquiv>
            </TextLine>
            <TextLine id="r1l127" custom="readingOrder {index:126;}">
                <Coords points="1857,2654 2969,2638 2968,2610 2877,2600 1857,2599"/>
                <Baseline points="1870,2648 1924,2647 1978,2647 2032,2647 2087,2647 2141,2647 2195,2646 2249,2646 2304,2646 2358,2646 2412,2646 2466,2646 2521,2646 2575,2645 2629,2645 2683,2644 2738,2643 2792,2642 2846,2641 2900,2639 2955,2637"/>
                <TextEquiv>
                    <Unicode>ordentlichen Schüleraufnahmen werden, nachdem die diesjährigen</Unicode>
                </TextEquiv>
            </TextLine>
            <TextLine id="r1l128" custom="readingOrder {index:127;}">
                <Coords points="730,2677 1853,2678 1852,2634 729,2632"/>
                <Baseline points="744,2683 798,2683 853,2682 908,2682 962,2681 1017,2680 1072,2679 1126,2678 1181,2677 1236,2677 1291,2676 1345,2675 1400,2674 1455,2673 1509,2673 1564,2672 1619,2671 1673,2671 1728,2670 1783,2670 1838,2670"/>
                <TextEquiv>
                    <Unicode>daß das zwischen ihnen bestehende Verhältnis nur ein solches</Unicode>
                </TextEquiv>
            </TextLine>
            <TextLine id="r1l129" custom="readingOrder {index:128;}">
                <Coords points="1859,2690 2921,2689 2963,2642 1859,2654"/>
                <Baseline points="1873,2685 1926,2684 1980,2683 2034,2683 2088,2683 2142,2683 2196,2683 2249,2683 2303,2684 2357,2684 2411,2684 2465,2684 2519,2684 2573,2683 2626,2683 2680,2682 2734,2681 2788,2680 2842,2678 2896,2676 2950,2673"/>
                <TextEquiv>
                    <Unicode>Anmeldungen besonders zahlreich erfolgt sind, Mitte October ge¬</Unicode>
                </TextEquiv>
            </TextLine>
            <TextLine id="r1l130" custom="readingOrder {index:129;}">
                <Coords points="730,2721 1839,2717 1838,2676 1789,2674 1123,2702 729,2677"/>
                <Baseline points="744,2726 798,2726 852,2726 906,2725 960,2725 1014,2724 1068,2724 1122,2723 1176,2722 1230,2721 1285,2720 1339,2720 1393,2719 1447,2718 1501,2717 1555,2716 1609,2715 1663,2715 1717,2714 1771,2714 1826,2713"/>
                <TextEquiv>
                    <Unicode>auf Kündigung ist, haben Fritz und Christine eine tiefere</Unicode>
                </TextEquiv>
            </TextLine>
            <TextLine id="r1l131" custom="readingOrder {index:130;}">
                <Coords points="1854,2738 2975,2738 2974,2677 2944,2675 1854,2690"/>
                <Baseline points="1869,2725 1923,2724 1978,2723 2032,2723 2087,2722 2141,2722 2196,2721 2250,2721 2305,2721 2359,2720 2414,2720 2469,2720 2523,2719 2578,2719 2632,2719 2687,2718 2741,2718 2796,2718 2850,2717 2905,2717 2960,2716"/>
                <TextEquiv>
                    <Unicode>schlossen und finden Schüleraufnahmen während des Schuljahres</Unicode>
                </TextEquiv>
            </TextLine>
            <TextLine id="r1l132" custom="readingOrder {index:131;}">
                <Coords points="1856,2770 2763,2771 2746,2718 1856,2718"/>
                <Baseline points="1870,2762 1916,2762 1962,2762 2008,2762 2055,2762 2101,2761 2147,2761 2193,2761 2240,2760 2286,2760 2332,2759 2378,2759 2425,2759 2471,2758 2517,2758 2563,2758 2610,2758 2656,2758 2702,2759 2749,2759"/>
                <TextEquiv>
                    <Unicode>nur nach Maßgabe der noch verfügbaren Plätze statt.</Unicode>
                </TextEquiv>
            </TextLine>
            <TextLine id="r1l133" custom="readingOrder {index:132;}">
                <Coords points="722,2768 1840,2763 1839,2716 722,2721"/>
                <Baseline points="735,2771 789,2770 844,2769 898,2768 953,2768 1008,2767 1062,2766 1117,2765 1171,2765 1226,2764 1281,2763 1335,2763 1390,2762 1444,2761 1499,2761 1554,2759 1608,2759 1663,2758 1717,2756 1772,2755 1827,2753"/>
                <TextEquiv>
                    <Unicode>Neigung zu einander gefaßt. Während das Abendmahl, das</Unicode>
                </TextEquiv>
            </TextLine>
            <TextLine id="r1l134" custom="readingOrder {index:133;}">
                <Coords points="734,2802 1854,2798 1853,2759 1750,2744 733,2774"/>
                <Baseline points="748,2810 802,2809 857,2809 911,2808 966,2808 1020,2807 1075,2807 1129,2806 1184,2805 1238,2805 1293,2804 1348,2803 1402,2802 1457,2802 1511,2801 1566,2800 1620,2799 1675,2798 1729,2797 1784,2796 1839,2795"/>
                <TextEquiv>
                    <Unicode>mit seiner Ungebundenheit an die Cocottenwirthschaft des</Unicode>
                </TextEquiv>
            </TextLine>
            <TextLine id="r1l135" custom="readingOrder {index:134;}">
                <Coords points="733,2859 1856,2858 1855,2805 1778,2800 733,2826"/>
                <Baseline points="748,2854 802,2853 857,2851 911,2851 966,2850 1021,2849 1075,2849 1130,2848 1185,2848 1239,2848 1294,2847 1349,2847 1403,2846 1458,2846 1513,2845 1567,2845 1622,2844 1677,2843 1731,2842 1786,2840 1841,2839"/>
                <TextEquiv>
                    <Unicode>lateinischen Viertels in Paris gemahnt, lustig seinen Fortgang</Unicode>
                </TextEquiv>
            </TextLine>
            <TextLine id="r1l136" custom="readingOrder {index:135;}">
                <Coords points="1976,2890 2808,2908 2808,2834 2640,2802 2334,2838 2207,2806 2157,2839 2066,2805 1977,2826"/>
                <Baseline points="1989,2880 2029,2882 2069,2885 2109,2887 2150,2888 2190,2889 2230,2890 2271,2890 2311,2890 2351,2890 2392,2890 2432,2890 2472,2890 2512,2890 2553,2890 2593,2890 2633,2890 2674,2890 2714,2891 2754,2892 2795,2893"/>
                <TextEquiv>
                    <Unicode>Drahtnachrichten</Unicode>
                </TextEquiv>
            </TextLine>
            <TextLine id="r1l137" custom="readingOrder {index:136;}">
                <Coords points="733,2887 1751,2905 1856,2887 1856,2834 733,2860"/>
                <Baseline points="748,2897 802,2895 857,2894 911,2893 966,2892 1021,2891 1075,2891 1130,2891 1185,2891 1239,2890 1294,2890 1349,2890 1403,2890 1458,2890 1513,2889 1567,2888 1622,2887 1677,2886 1731,2885 1786,2883 1841,2881"/>
                <TextEquiv>
                    <Unicode>nimmt, läutet es draußen. Fritz schiebt seinen Besuch mit</Unicode>
                </TextEquiv>
            </TextLine>
            <TextLine id="r1l138" custom="readingOrder {index:137;}">
                <Coords points="736,2943 1854,2932 1853,2890 1792,2885 736,2890"/>
                <Baseline points="749,2935 803,2935 858,2935 912,2934 967,2934 1022,2933 1076,2933 1131,2933 1185,2932 1240,2932 1295,2932 1349,2931 1404,2931 1458,2930 1513,2929 1568,2929 1622,2928 1677,2927 1731,2926 1786,2924 1841,2923"/>
                <TextEquiv>
                    <Unicode>sanfter Gewalt in ein Nebenzimmer und öffnet dann. Der</Unicode>
                </TextEquiv>
            </TextLine>
            <TextLine id="r1l139" custom="readingOrder {index:138;}">
                <Coords points="1901,2974 2861,2996 2860,2915 1901,2921"/>
                <Baseline points="1914,2974 1960,2974 2007,2973 2053,2973 2100,2973 2147,2973 2193,2973 2240,2972 2286,2972 2333,2972 2380,2972 2426,2971 2473,2971 2519,2971 2566,2971 2613,2971 2659,2971 2706,2971 2752,2971 2799,2971 2846,2971"/>
                <TextEquiv>
                    <Unicode>des „Deutschen Volksblattes“.</Unicode>
                </TextEquiv>
            </TextLine>
            <TextLine id="r1l140" custom="readingOrder {index:139;}">
                <Coords points="731,2976 1868,2990 1848,2926 731,2943"/>
                <Baseline points="746,2979 801,2978 856,2978 912,2978 967,2977 1023,2977 1078,2976 1133,2976 1189,2975 1244,2974 1300,2974 1355,2973 1410,2973 1466,2972 1521,2971 1577,2971 1632,2970 1687,2970 1743,2969 1798,2969 1854,2968"/>
                <TextEquiv>
                    <Unicode>Störenfried wird im Theaterzettel nur lakonisch als „Ein</Unicode>
                </TextEquiv>
            </TextLine>
            <TextLine id="r1l141" custom="readingOrder {index:140;}">
                <Coords points="723,3022 1854,3020 1853,2973 722,2967"/>
                <Baseline points="737,3023 792,3022 847,3022 902,3021 957,3020 1013,3020 1068,3019 1123,3019 1178,3019 1233,3018 1289,3018 1344,3017 1399,3017 1454,3016 1509,3015 1565,3014 1620,3014 1675,3012 1730,3011 1785,3010 1841,3008"/>
                <TextEquiv>
                    <Unicode>Herr“ bezeichnet, er ist aber mehr. Er ist der Gatte einer</Unicode>
                </TextEquiv>
            </TextLine>
            <TextLine id="r1l142" custom="readingOrder {index:141;}">
                <Coords points="2273,3036 2306,3045 2325,3062 2331,3056 2375,3065 2392,3051 2406,3057 2422,3049 2450,3063 2478,3061 2497,3047 2514,3047 2515,2995 2481,3000 2467,2991 2459,2999 2443,2985 2420,3002 2404,2985 2373,2996 2326,2981 2287,3008 2273,3008"/>
                <Baseline points="2287,3038 2313,3038 2340,3039 2366,3039 2393,3040 2419,3041 2446,3041 2472,3040 2499,3039"/>
                <TextEquiv>
                    <Unicode>Chelera.</Unicode>
                </TextEquiv>
            </TextLine>
            <TextLine id="r1l143" custom="readingOrder {index:142;}">
                <Coords points="728,3072 1862,3047 1861,3019 1753,3012 727,3022"/>
                <Baseline points="742,3070 797,3068 852,3066 907,3064 963,3063 1018,3062 1073,3061 1128,3061 1184,3060 1239,3060 1294,3059 1349,3059 1405,3059 1460,3058 1515,3058 1570,3057 1626,3057 1681,3056 1736,3055 1791,3053 1847,3052"/>
                <TextEquiv>
                    <Unicode>Frau, mit der Fritz intim verkehrte und die ihren Schleier</Unicode>
                </TextEquiv>
            </TextLine>
            <TextLine id="r1l144" custom="readingOrder {index:143;}">
                <Coords points="1919,3096 2795,3113 2967,3099 2967,3055 2645,3036 2368,3073 2205,3034 1919,3060"/>
                <Baseline points="1932,3096 1983,3096 2034,3096 2085,3096 2136,3097 2187,3097 2238,3097 2289,3097 2340,3097 2391,3097 2443,3097 2494,3097 2545,3096 2596,3096 2647,3096 2698,3096 2749,3096 2800,3095 2851,3095 2902,3094 2954,3093"/>
                <TextEquiv>
                    <Unicode>Lemberg, 9. October. In den Dejecten einer am</Unicode>
                </TextEquiv>
            </TextLine>
            <TextLine id="r1l145" custom="readingOrder {index:144;}">
                <Coords points="728,3115 1828,3109 1858,3050 727,3073"/>
                <Baseline points="741,3109 796,3107 851,3107 906,3106 961,3105 1017,3105 1072,3104 1127,3104 1182,3104 1237,3103 1293,3103 1348,3103 1403,3103 1458,3102 1513,3102 1569,3101 1624,3100 1679,3099 1734,3097 1789,3095 1845,3094"/>
                <TextEquiv>
                    <Unicode>in seiner Wohnung vergaß. Der Hintergangene kommt</Unicode>
                </TextEquiv>
            </TextLine>
            <TextLine id="r1l146" custom="readingOrder {index:145;}">
                <Coords points="736,3161 2837,3158 2973,3099 736,3111"/>
                <Baseline points="750,3156 860,3152 970,3148 1081,3146 1191,3144 1302,3143 1412,3142 1523,3142 1633,3142 1744,3142 1854,3142 1964,3143 2075,3143 2185,3144 2296,3144 2406,3144 2517,3144 2627,3143 2738,3143 2848,3141 2959,3139"/>
                <TextEquiv>
                    <Unicode>nun, um Rechenschaft von dem Verführer zu fordern, 6. d. M. in Byszow, Bezirk Sokal verstorbenen Person</Unicode>
                </TextEquiv>
            </TextLine>
            <TextLine id="r1l147" custom="readingOrder {index:146;}">
                <Coords points="734,3198 1843,3187 1792,3143 733,3159"/>
                <Baseline points="747,3193 801,3193 855,3192 909,3191 963,3191 1017,3190 1071,3189 1125,3189 1179,3188 1233,3187 1288,3187 1342,3186 1396,3186 1450,3185 1504,3185 1558,3184 1612,3184 1666,3184 1720,3183 1774,3183 1829,3183"/>
                <TextEquiv>
                    <Unicode>den Schleier und die Liebesbriefe seiner Frau zu holen.</Unicode>
                </TextEquiv>
            </TextLine>
            <TextLine id="r1l148" custom="readingOrder {index:147;}">
                <Coords points="1858,3199 2967,3192 2966,3150 2869,3145 1857,3160"/>
                <Baseline points="1870,3194 1924,3193 1978,3193 2032,3192 2086,3192 2141,3192 2195,3192 2249,3192 2303,3192 2357,3192 2412,3192 2466,3191 2520,3191 2574,3191 2628,3191 2683,3191 2737,3191 2791,3190 2845,3190 2899,3189 2954,3188"/>
                <TextEquiv>
                    <Unicode>wurden bei der Seute vorgenommenen bacteriologischen</Unicode>
                </TextEquiv>
            </TextLine>
            <TextLine id="r1l149" custom="readingOrder {index:148;}">
                <Coords points="738,3247 2726,3261 2967,3192 738,3200"/>
                <Baseline points="751,3240 861,3236 971,3233 1081,3231 1191,3229 1301,3229 1411,3229 1522,3230 1632,3231 1742,3233 1852,3235 1962,3236 2072,3238 2182,3240 2293,3241 2403,3241 2513,3241 2623,3240 2733,3239 2843,3236 2954,3233"/>
                <TextEquiv>
                    <Unicode>Nachdem er sich entfernt hat, will Christine ihren Fritz Untersuchung Cholerabacillen constatirt. Gestern ist in</Unicode>
                </TextEquiv>
            </TextLine>
            <TextLine id="r1l150" custom="readingOrder {index:149;}">
                <Coords points="737,3281 1824,3281 1862,3231 736,3237"/>
                <Baseline points="751,3279 805,3278 860,3277 915,3277 970,3276 1025,3275 1079,3275 1134,3274 1189,3274 1244,3273 1299,3273 1353,3272 1408,3271 1463,3271 1518,3270 1573,3270 1627,3270 1682,3269 1737,3269 1792,3268 1847,3268"/>
                <TextEquiv>
                    <Unicode>ausforschen. Dieser sagt aber gleich Lohengrin: „Nie sollst</Unicode>
                </TextEquiv>
            </TextLine>
            <TextLine id="r1l151" custom="readingOrder {index:150;}">
                <Coords points="1851,3293 2983,3290 2982,3252 2885,3235 1851,3240"/>
                <Baseline points="1865,3285 1920,3285 1975,3285 2030,3285 2085,3285 2140,3285 2195,3285 2251,3285 2306,3284 2361,3284 2416,3284 2471,3283 2526,3283 2581,3282 2637,3282 2692,3282 2747,3281 2802,3281 2857,3281 2912,3281 2968,3281"/>
                <TextEquiv>
                    <Unicode>Warwarynce (Bezirk Trembowla) eine Person an Cholera</Unicode>
                </TextEquiv>
            </TextLine>
            <TextLine id="r1l152" custom="readingOrder {index:151;}">
                <Coords points="730,3325 1850,3324 1849,3271 729,3294"/>
                <Baseline points="743,3320 797,3319 852,3319 907,3318 961,3318 1016,3317 1071,3317 1125,3316 1180,3316 1235,3315 1290,3315 1344,3314 1399,3314 1454,3313 1508,3313 1563,3312 1618,3311 1672,3310 1727,3309 1782,3308 1837,3306"/>
                <TextEquiv>
                    <Unicode>Du mich befragen“ und sendet seinen Freund und seine</Unicode>
                </TextEquiv>
            </TextLine>
            <TextLine id="r1l153" custom="readingOrder {index:152;}">
                <Coords points="1847,3347 2970,3356 2986,3301 1846,3286"/>
                <Baseline points="1861,3331 1916,3332 1972,3334 2027,3334 2083,3335 2138,3335 2194,3335 2249,3334 2305,3334 2360,3334 2416,3333 2471,3333 2527,3332 2582,3332 2638,3331 2693,3331 2749,3330 2804,3330 2860,3330 2915,3330 2971,3331"/>
                <TextEquiv>
                    <Unicode>erkrankt und eine Person gestorben. In Stojanow,</Unicode>
                </TextEquiv>
            </TextLine>
            <TextLine id="r1l154" custom="readingOrder {index:153;}">
                <Coords points="731,3372 1845,3355 1825,3314 1656,3308 730,3338"/>
                <Baseline points="743,3364 797,3364 851,3364 906,3364 960,3363 1014,3363 1069,3362 1123,3361 1177,3360 1232,3359 1286,3359 1340,3358 1395,3357 1449,3355 1503,3354 1558,3354 1612,3352 1666,3352 1721,3351 1775,3350 1830,3350"/>
                <TextEquiv>
                    <Unicode>Freundinnen nach Hause. Im nächsten Acte besucht zur Ab¬</Unicode>
                </TextEquiv>
            </TextLine>
            <TextLine id="r1l155" custom="readingOrder {index:154;}">
                <Coords points="1853,3393 2948,3408 2981,3356 1852,3343"/>
                <Baseline points="1867,3382 1922,3383 1977,3383 2032,3383 2087,3382 2142,3382 2197,3381 2252,3380 2307,3380 2362,3379 2417,3378 2472,3378 2527,3377 2582,3377 2637,3377 2692,3377 2747,3378 2802,3379 2857,3380 2912,3382 2968,3385"/>
                <TextEquiv>
                    <Unicode>(Bezirk Kamionka) erkrankten gestern zwei Personen, von</Unicode>
                </TextEquiv>
            </TextLine>
            <TextLine id="r1l156" custom="readingOrder {index:155;}">
                <Coords points="740,3416 1849,3400 1848,3350 739,3364"/>
                <Baseline points="755,3408 809,3407 863,3407 917,3406 971,3405 1025,3404 1079,3404 1133,3403 1187,3402 1241,3401 1295,3400 1349,3400 1403,3399 1457,3398 1511,3397 1565,3396 1619,3396 1673,3395 1727,3394 1781,3393 1835,3393"/>
                <TextEquiv>
                    <Unicode>wechselung Fritz Christine in Abwesenheit seines Vaters.</Unicode>
                </TextEquiv>
            </TextLine>
            <TextLine id="r1l157" custom="readingOrder {index:156;}">
                <Coords points="745,3451 2212,3453 2167,3387 745,3415"/>
                <Baseline points="758,3450 833,3449 909,3448 985,3447 1060,3445 1136,3444 1212,3443 1288,3442 1363,3441 1439,3440 1515,3439 1591,3438 1666,3437 1742,3435 1818,3434 1894,3432 1969,3431 2045,3430 2121,3428 2197,3426"/>
                <TextEquiv>
                    <Unicode>Am nächsten Morgen findet das Duell statt und denen eine starb.</Unicode>
                </TextEquiv>
            </TextLine>
            <TextLine id="r1l158" custom="readingOrder {index:157;}">
                <Coords points="744,3497 1853,3491 1852,3441 743,3461"/>
                <Baseline points="756,3490 810,3490 864,3489 918,3489 972,3488 1026,3488 1080,3487 1134,3487 1188,3486 1242,3486 1297,3485 1351,3485 1405,3484 1459,3484 1513,3483 1567,3482 1621,3482 1675,3481 1729,3480 1783,3479 1838,3479"/>
                <TextEquiv>
                    <Unicode>nun fühlt er erst, daß er an der Seite dieses Mädchens</Unicode>
                </TextEquiv>
            </TextLine>
            <TextLine id="r1l159" custom="readingOrder {index:158;}">
                <Coords points="2222,3502 2280,3519 2308,3507 2433,3507 2452,3524 2488,3507 2530,3518 2557,3501 2588,3506 2588,3470 2560,3473 2524,3443 2460,3457 2385,3455 2366,3441 2335,3460 2277,3444 2255,3461 2247,3452 2222,3461"/>
                <Baseline points="2237,3499 2263,3498 2289,3498 2315,3498 2341,3497 2367,3497 2393,3497 2419,3497 2445,3497 2471,3497 2497,3497 2523,3497 2549,3497 2575,3498"/>
                <TextEquiv>
                    <Unicode>Feuersbrunst.</Unicode>
                </TextEquiv>
            </TextLine>
            <TextLine id="r1l160" custom="readingOrder {index:159;}">
                <Coords points="744,3550 1861,3527 1860,3483 1669,3476 743,3497"/>
                <Baseline points="758,3534 812,3532 866,3531 921,3530 975,3530 1030,3529 1084,3529 1138,3528 1193,3528 1247,3528 1302,3528 1356,3528 1410,3527 1465,3527 1519,3526 1574,3526 1628,3524 1682,3523 1737,3522 1791,3520 1846,3518"/>
                <TextEquiv>
                    <Unicode>hätte wahrhaft glücklich werden können. Beim Abschiednehmen</Unicode>
                </TextEquiv>
            </TextLine>
            <TextLine id="r1l161" custom="readingOrder {index:160;}">
                <Coords points="1926,3537 2362,3585 2436,3556 2966,3559 2949,3495 2558,3500 2444,3534 1926,3512"/>
                <Baseline points="1939,3552 1989,3553 2040,3555 2090,3556 2141,3557 2192,3557 2242,3557 2293,3557 2343,3557 2394,3557 2445,3556 2495,3555 2546,3555 2596,3554 2647,3553 2698,3552 2748,3552 2799,3551 2849,3550 2900,3550 2951,3549"/>
                <TextEquiv>
                    <Unicode>Drewohostiz, 9. October. In Drewohostiz wüthete</Unicode>
                </TextEquiv>
            </TextLine>
            <TextLine id="r1l162" custom="readingOrder {index:161;}">
                <Coords points="799,3573 1747,3581 1855,3575 1855,3528 798,3539"/>
                <Baseline points="812,3573 863,3572 914,3571 966,3570 1017,3570 1069,3569 1120,3568 1171,3568 1223,3567 1274,3567 1326,3566 1377,3566 1428,3566 1480,3565 1531,3565 1583,3565 1634,3565 1685,3564 1737,3564 1788,3564 1840,3563"/>
                <TextEquiv>
                    <Unicode> Fritz schützt eine Reise vor — fällt das Mondlicht in's</Unicode>
                </TextEquiv>
            </TextLine>
            <TextLine id="r1l163" custom="readingOrder {index:162;}">
                <Coords points="1863,3608 2975,3613 2950,3557 1863,3556"/>
                <Baseline points="1878,3603 1932,3602 1986,3601 2040,3600 2094,3600 2148,3600 2202,3601 2257,3601 2311,3601 2365,3602 2419,3602 2473,3603 2527,3603 2581,3603 2636,3603 2690,3603 2744,3602 2798,3601 2852,3600 2906,3598 2961,3595"/>
                <TextEquiv>
                    <Unicode>Nachmittags ein Brand, welchem 21 Häuser, darunter</Unicode>
                </TextEquiv>
            </TextLine>
            <TextLine id="r1l164" custom="readingOrder {index:163;}">
                <Coords points="739,3609 1859,3613 1858,3577 1769,3561 738,3579"/>
                <Baseline points="752,3615 806,3614 861,3613 915,3612 970,3611 1025,3610 1079,3609 1134,3608 1188,3607 1243,3607 1298,3606 1352,3606 1407,3606 1461,3605 1516,3605 1571,3605 1625,3605 1680,3605 1734,3605 1789,3606 1844,3606"/>
                <TextEquiv>
                    <Unicode>Gemach und die Stimmung wird fast lyrisch, was wir bei einem</Unicode>
                </TextEquiv>
            </TextLine>
            <TextLine id="r1l165" custom="readingOrder {index:164;}">
                <Coords points="1853,3661 2976,3656 2975,3612 2914,3604 1853,3605"/>
                <Baseline points="1868,3650 1922,3650 1977,3650 2032,3650 2086,3649 2141,3649 2196,3649 2250,3649 2305,3649 2360,3649 2415,3649 2469,3648 2524,3648 2579,3648 2633,3648 2688,3647 2743,3647 2797,3647 2852,3646 2907,3646 2962,3645"/>
                <TextEquiv>
                    <Unicode>das Rathhans und das Vorschloß=Gebäude zum Opfer</Unicode>
                </TextEquiv>
            </TextLine>
            <TextLine id="r1l166" custom="readingOrder {index:165;}">
                <Coords points="748,3667 1860,3654 1860,3613 1821,3610 748,3612"/>
                <Baseline points="761,3657 815,3657 869,3656 923,3656 978,3656 1032,3655 1086,3655 1140,3655 1195,3655 1249,3655 1303,3655 1357,3655 1412,3655 1466,3655 1520,3654 1574,3654 1629,3654 1683,3653 1737,3652 1791,3651 1846,3650"/>
                <TextEquiv>
                    <Unicode>so gewaltigen Realisten vor dem Herrn Schnitzler fürwahr</Unicode>
                </TextEquiv>
            </TextLine>
            <TextLine id="r1l167" custom="readingOrder {index:166;}">
                <Coords points="736,3709 2982,3720 2946,3651 736,3659"/>
                <Baseline points="750,3704 860,3701 971,3699 1082,3697 1193,3696 1304,3695 1415,3695 1525,3695 1636,3695 1747,3695 1858,3696 1969,3696 2080,3697 2191,3697 2301,3698 2412,3698 2523,3698 2634,3697 2745,3696 2856,3695 2967,3693"/>
                <TextEquiv>
                    <Unicode>nicht vermuthet hätten. Der letzte Art brauchte eigentlich gar fielen. Trotz des Sturmwindes gelang es, das Feuer</Unicode>
                </TextEquiv>
            </TextLine>
            <TextEquiv>
                <Unicode>und auch in dent Sie „Sitnt ine lehe seicte sich nene de den en seheschseh
immer das Vermögen des Dichters, aus einem spröden in ihren Kräften stand. Das Facit des gestrigen Abends ist,
daß das Burgtheater die dramatische Experimentalphysik
Stoffe etwas zu machen. Gestern hat er uns die Hoffnung
Anderen überlassen soll. Auf unsere „erste deutsche Bühne“
geraubt, daß wir von ihm noch etwas zu erwarten haben.
sollte die Clique keinen Einfluß gewinnen können. —ei—.
Wie in der „Sündigen Liebe“ ist auch in „Die Rechte der
Seele“ der Conflict zwischen Mann und Weib der Träger
— Unsere Hofoper scheint bei ihrer bekannten Vorliebe
der Handlung. In dem ersteren Drama entdeckt der Gatte
für fremdländische Kunst der einheimischen Tondichter ganz zu
die Untreue der Frau und straft diese, indem er sie zu
vergessen. Umso freudiger ist es zu begrüßen, daß der General¬
einem freud= und liebelosen Dasein an seiner Seite ver¬
director Hofrath Schuch aus Dresden zugesagt hat, in einer im
urtheilt. In der gestrigen Novität kann von einem eigent¬
Lause der Spielzeit zu Gunsten der Poliklinik im Carl=Theater
lichen Betrug an dem Gatten keine Rede sein, sie bricht,
stattfindenden Matinee mit vier ersten Mitgliedern des Dresdener
die Ehe nur mit
wenn der Ausdruck gestattet ist,
Hoftheaters Haydn's reizende Oper „Der Apotheker“ zur Dar¬
dem Herzen. Anna (Frau Hohenfels) hat einen
stellung zu bringen.
ungeliebten Mann (Herr Hartmann) geheiratet und ihre
Herr Dr. Tyrolt ist gestern im Deutschen
ganze Neigung gehörte einem Anderen. Sie war sich aber
Volkstheater in vollster Gesundheit zur ersten Probe des
der Pflichten gegen ihren Gatten stets bewußt, sie kleidete
Volksstückes „Pastor Brose“ erschienen und wurde von seinen
Das Novitätenprogramm dieser
Collegen lebhaft begrüßt.
sich in die Maske der Gleichgiltigkeit und als der Geliebte
Bühne ist für die nächste Zeit folgendermaßen festgestellt worden:
in seinem Werben immer stürmischer und dringender wurde,
„Ein Regentag“, „Pastor Brose“, „Gräfin Fritzi“ und „Ghis¬
schrieb sie ihm einen Brief, in dem sie ihm erklärte, er möge
monda“.
sie nicht länger quälen, denn ihre ganze Liebe gehöre ihrem
Im Raimund=Theater gelangt heute die mit
Gatten. Der Effect des Briefes ist daß der Abgewiesene sich
so außerordentlichem Erfolge aufgeführte Gesangsposse „Der
tödtet. Ein Portefeuille mit den Briefen Annas kommen in
Heiratsschwindler“ von Bernhard Buchbinder zum viertenmale
die Hände Pauls, ihres Gatten. Dieser wird nun durch die
zur Aufführung und wird Herr Fröden neue Strophen seines
Entdeckung, was den Freund in den Tod getrieben hat, wirkungsvollen Couplets „Streckenweis“ zum Vortrage bringen.
lebhaft beunruhigt. Er stellt sich die Frage, ob es denn — Morgen kommt „Bruder Martin“ zum 85. Male zur Wieder¬
Sonntag, Nachmittags halb 3 Uhr, geht Holger
holung.
nicht möglich sei, daß Anna den Todten dennoch liebte,
mit
Drachmann's poetisches Märchenspiel „Es war einmal ...“
ihn aber aus Pflichtgefühl nicht erhörte. Und so dringt er
den Damen Anatour, Krauß, Niese, Reinhart und den Herren
geben, obwohl
denn in Anna ihm Aufklärung zu
Göstl, Kirschner, Klein, Krug, Lucas, Schildkraut und Straß¬
diese ihn bittet, sie über die Angelegenheit nicht zu befragen.
meyer bei ermäßigten Preisen in Scene.
Sein Argwohn läßt ihn immer heftiger werden, bis endlich
 Im Josefstädter Theater findet morgen,
Anna gesteht, sie habe den Todten immer geliebt, sie liebe
Freitag, die erste Aufführung des dreiactigen Schwankes „Der
ihn auch jetzt noch und sie berene — ihre Tugend. Paul
Rabenvater“ von Jarno und Fischer statt. Der Schwank ist
hätte das „Recht ihrer Seele“ respectiren sollen, weil er dies
bekanntlich ein Cassenstück des Berliner Neuen Theaters. Die
nicht that, verläßt sie sein Haus. Die beiden Träger der
Hauptrollen der vom Regisseur Groß inscenirten Novität befinden
sich in den Händen der Damen Pohl=Meiser, Fischer, Schmidt¬
Hauptrollen boten ihr Bestes, um ihren Rollen Leben und
Wahrscheinlichkeit zu verleihen, namentlich Frau Hohen= Leeb, Felsen, Schleinitz und der Herren Maran, Franker,
C. A. Friese und Bartl. Die Première fängt um halb 8 Uhr
fels verdient volles Lob. Es gelang ihnen nicht. Un¬
an, Karten für Logen und Sitze werden von heute ab an den
mögliches kann eben Niemand leisten. Und nun zu dem
Tagescassen ohne Vormerkgebühr vergeben.
zweiten „Modernen“. Was sollen wir über Schnitzler's
Im Rudolfsheimer Volkstheater geht
„Liebelei“ sagen. Daß das Stück eigentlich gar kein Stück ist
„Fee Million“ bis inclusive Freitag mit der Directorin Czer¬
weil es jeder Handlung entbehrt? Daß dieses Stück
niawski=Loewe in der Titelrolle in Scene. Die Rolle des Volks¬
die eigentlich gar keine Acte sind?
drei Acte hat,
geist spielt der neuengagirte Charakterdarsteller Herr Max Zilzer.
Doch wir wollen wenigstens den Versuch machen, die
Nächsten Samstag gelangt „Ein Wiener Freiwilliger“ zur Auf¬
moderne Kraftgenialität Schnitzler's dem schlichten Laien¬
führung.
Aus Bayreuth wird uns berichtet: Im nächsten
verstand näher zu rücken. Das Werk scheint sogar Ansprüche
Sommer wird — zwanzig Jahre nach der ersten Aufführung —
auf den Namen „Volksstück“ zu erheben, denn es spielt in
hier in vollständig neuer Ausstattung der „Ring des Nibelungen“,
Wien, es wird darin etlichemale „wienerisch“ gesprochen
wiederum zur Aufführung gelangen. Gleichwie im Jahre 1876,
das genügt ja nach der Meinung Vieler, um auch dem
wird der Cyklus an je vier aufeinanderfolgenden Tagen gegeben
miserabelsten Machwerk einen „volksthümlichen“ Charakter
werden. Es sind hierfür folgende Tage in Aussicht genommen:
zu verleihen. Doch zur Sache. Der erste Act führt uns in
19. bis 22. Juli, 26. bis 29. Juli, 2. bis 5. August, 9. bis
das „Junggesellenheim“ eines wohlhabenden jungen
12. August und 16. bis 19. August. Ueber die Besetzungsfragen
Herrn, der ein echter Lebemann, nebstbei auch Student und
sind endgiltige Entscheidungen noch nicht erfolgt; was bisher
Reservelieutenant ist. Seine Wohnung gleicht einem Durch= darüber verbreitet wurde, ist zumeist nicht richtig. Das Orchester
wird nur wenige Veränderungen gegen die vorhergehenden Fest¬
haus denn kaum hat eine seiner Geliebten dieselbe verlassen,
spieljahre aufweisen.
so kehrt auch schon wieder eine Andere in ihr
An den Musikschulen Kaiser (I., VII. und
So wohnen wir denn einem fröhlichen
ein.
VIII. Bezirt) hat der Unterricht in allen instrumentalen und theo¬
zu dem Fritz (Herr Kutschera)
Gelage bei,
retischen Fächern, wie auch in den Sologesangelassen der Frau
ein Mädchen aus dem Volke, Christine (Frl. Sandrock),
Prof. Caroline Bruckner und im Staatsprüfungscurs (Prof.
die Tochter eines Musikers, seinen Freund und dessen Schöne
Richard Robert) Anfangs dieses Monates begonnen. Die
geladen hat. Während die beiden Letzteren ganz genau wissen,
ordentlichen Schüleraufnahmen werden, nachdem die diesjährigen
daß das zwischen ihnen bestehende Verhältnis nur ein solches
Anmeldungen besonders zahlreich erfolgt sind, Mitte October ge¬
auf Kündigung ist, haben Fritz und Christine eine tiefere
schlossen und finden Schüleraufnahmen während des Schuljahres
nur nach Maßgabe der noch verfügbaren Plätze statt.
Neigung zu einander gefaßt. Während das Abendmahl, das
mit seiner Ungebundenheit an die Cocottenwirthschaft des
lateinischen Viertels in Paris gemahnt, lustig seinen Fortgang
Drahtnachrichten
nimmt, läutet es draußen. Fritz schiebt seinen Besuch mit
sanfter Gewalt in ein Nebenzimmer und öffnet dann. Der
des „Deutschen Volksblattes“.
Störenfried wird im Theaterzettel nur lakonisch als „Ein
Herr“ bezeichnet, er ist aber mehr. Er ist der Gatte einer
Chelera.
Frau, mit der Fritz intim verkehrte und die ihren Schleier
Lemberg, 9. October. In den Dejecten einer am
in seiner Wohnung vergaß. Der Hintergangene kommt
nun, um Rechenschaft von dem Verführer zu fordern, 6. d. M. in Byszow, Bezirk Sokal verstorbenen Person
den Schleier und die Liebesbriefe seiner Frau zu holen.
wurden bei der Seute vorgenommenen bacteriologischen
Nachdem er sich entfernt hat, will Christine ihren Fritz Untersuchung Cholerabacillen constatirt. Gestern ist in
ausforschen. Dieser sagt aber gleich Lohengrin: „Nie sollst
Warwarynce (Bezirk Trembowla) eine Person an Cholera
Du mich befragen“ und sendet seinen Freund und seine
erkrankt und eine Person gestorben. In Stojanow,
Freundinnen nach Hause. Im nächsten Acte besucht zur Ab¬
(Bezirk Kamionka) erkrankten gestern zwei Personen, von
wechselung Fritz Christine in Abwesenheit seines Vaters.
Am nächsten Morgen findet das Duell statt und denen eine starb.
nun fühlt er erst, daß er an der Seite dieses Mädchens
Feuersbrunst.
hätte wahrhaft glücklich werden können. Beim Abschiednehmen
Drewohostiz, 9. October. In Drewohostiz wüthete
 Fritz schützt eine Reise vor — fällt das Mondlicht in's
Nachmittags ein Brand, welchem 21 Häuser, darunter
Gemach und die Stimmung wird fast lyrisch, was wir bei einem
das Rathhans und das Vorschloß=Gebäude zum Opfer
so gewaltigen Realisten vor dem Herrn Schnitzler fürwahr
nicht vermuthet hätten. Der letzte Art brauchte eigentlich gar fielen. Trotz des Sturmwindes gelang es, das Feuer</Unicode>
            </TextEquiv>
        </TextRegion>
        <TextRegion orientation="0.0" id="r2" custom="readingOrder {index:1;}">
            <Coords points="2945,115 2945,681 2995,681 2995,115"/>
            <TextLine id="r2l1" custom="readingOrder {index:0;}">
                <Coords points="2944,141 2960,140 2963,143 2999,144 2997,105 2983,105 2972,98 2969,98 2964,104 2958,101 2942,102"/>
                <Baseline points="2956,136 2986,135"/>
                <TextEquiv>
                    <Unicode>di</Unicode>
                </TextEquiv>
            </TextLine>
            <TextLine id="r2l2" custom="readingOrder {index:1;}">
                <Coords points="2952,179 2971,177 2974,174 2988,184 2991,181 2997,186 3011,185 3007,136 2977,138 2971,144 2966,141 2949,143"/>
                <Baseline points="2965,171 2995,169"/>
                <TextEquiv>
                    <Unicode>d</Unicode>
                </TextEquiv>
            </TextLine>
            <TextLine id="r2l3" custom="readingOrder {index:2;}">
                <Coords points="2940,222 2960,218 2966,223 2971,219 2980,220 2982,217 3000,222 3013,220 3004,171 2991,173 2988,177 2970,169 2960,176 2945,170 2931,173"/>
                <Baseline points="2951,205 2995,197"/>
                <TextEquiv>
                    <Unicode>9.</Unicode>
                </TextEquiv>
            </TextLine>
            <TextLine id="r2l4" custom="readingOrder {index:3;}">
                <Coords points="2932,269 2949,268 2957,259 2971,259 2981,252 2987,255 3001,254 2999,218 2985,219 2968,203 2959,204 2951,199 2945,202 2942,199 2929,200"/>
                <Baseline points="2945,251 2987,249"/>
                <TextEquiv>
                    <Unicode>n</Unicode>
                </TextEquiv>
            </TextLine>
            <TextLine id="r2l5" custom="readingOrder {index:4;}">
                <Coords points="2933,288 2947,290 2950,287 2955,293 2971,295 2976,301 2992,288 3005,289 3008,259 2992,258 2981,251 2975,256 2967,258 2964,255 2958,260 2950,251 2937,250"/>
                <Baseline points="2947,288 2991,292"/>
                <TextEquiv>
                    <Unicode>ei</Unicode>
                </TextEquiv>
            </TextLine>
            <TextLine id="r2l6" custom="readingOrder {index:5;}">
                <Coords points="2943,369 2968,366 2986,378 2989,375 3003,374 2994,297 2975,299 2952,290 2935,292"/>
                <Baseline points="2958,364 2988,361"/>
                <TextEquiv>
                    <Unicode>5</Unicode>
                </TextEquiv>
            </TextLine>
            <TextLine id="r2l7" custom="readingOrder {index:6;}">
                <Coords points="2944,483 2957,483 2963,488 2969,482 2977,482 2980,479 3004,478 3003,436 2986,437 2983,434 2972,443 2959,444 2956,447 2942,447"/>
                <Baseline points="2957,477 2990,476"/>
                <TextEquiv>
                    <Unicode>r</Unicode>
                </TextEquiv>
            </TextLine>
            <TextLine id="r2l8" custom="readingOrder {index:7;}">
                <Coords points="2942,532 2956,530 2960,524 2969,523 2976,516 2995,513 2990,477 2935,485"/>
                <Baseline points="2954,516 2982,512"/>
                <TextEquiv>
                    <Unicode>2</Unicode>
                </TextEquiv>
            </TextLine>
            <TextLine id="r2l9" custom="readingOrder {index:8;}">
                <Coords points="2944,565 2977,563 2988,551 3002,550 2999,512 2988,512 2982,516 2974,516 2972,519 2966,519 2958,526 2942,527"/>
                <Baseline points="2957,557 2988,555"/>
                <TextEquiv>
                    <Unicode>9</Unicode>
                </TextEquiv>
            </TextLine>
            <TextLine id="r2l10" custom="readingOrder {index:9;}">
                <Coords points="2940,633 2981,629 2951,437 2937,439 2933,446 2924,441 2910,444"/>
                <Baseline points="2952,627 2966,625"/>
                <TextEquiv>
                    <Unicode></Unicode>
                </TextEquiv>
            </TextLine>
            <TextLine id="r2l11" custom="readingOrder {index:10;}">
                <Coords points="2947,674 2961,676 2964,673 2966,676 2991,663 3004,665 3011,621 2997,619 2983,603 2958,600"/>
                <Baseline points="2962,664 2990,668"/>
                <TextEquiv>
                    <Unicode>1</Unicode>
                </TextEquiv>
            </TextLine>
            <TextEquiv>
                <Unicode>di
d
9.
n
ei
5
r
2
9

1</Unicode>
            </TextEquiv>
        </TextRegion>
    </Page>
</PcGts>
