3436 4320
338 243 1311 353 Liebelei box 13//7
247 271 623 381 nene en enenen
362 945 1076 1046 Alex. Weigis unternen.
1371 978 1564 1065 Aussennt..
688 1015 1335 1166 „OBSERVER“
1390 1048 1699 1167 Nr. 63
295 1148 1768 1243 I. österr. behördl. conc. Burezu für Zeitungsberichte u. Personalnachrichten
474 1219 1589 1321 Wien, IX. Türkenstrasse 17.
576 1295 1375 1398 — Filiale in Budapest: „Firyelö“ —
298 1367 1748 1464 Vertretungen in Berlin, Chicago, Genf, Lundon, Newyork, Paris, Rom, Stockholm.
296 1497 842 1589 Ausschnitt aus:
915 1490 1661 1599 Meraner Zeitung
310 1598 847 1747 vom 21100
951 1829 1632 1921 Am Mittwoch wird auf vielseitiges
591 1874 1630 1943 Verlangen statt „Gelsha“ die glänzende Komödie
602 1942 1633 1997 Arthur Schnitzlerh „Licbeiel“ wiederholt, walche
603 1988 1649 2043 überall einen sensationellen Erfolg hatte. Bei bieser.
612 2033 1646 2085 Gelagenheit sei ausbrücklich darauf hingewiesen, daß
606 2073 1637 2137 dieses Stück eine athische Tenbanz verfolgt und durchau¬
601 2125 1634 2175 nicht im Siile gewisser französischer Pilanterien ge¬
605 2162 1651 2230 schrieben ist, zu welcher Annahme der Titel leicht ver¬
608 2210 900 2285 führen fbrnte.
759 2384 1314 2478 Bezugs-Bedingungen:
342 2442 1495 2539 Für 50 Zeitungsaussshnitte (Artikel oder Notizen). Kr. 15.—
1317 2463 1715 2572 „ 28 — inelnsire
1537 2522 1692 2570 Porto.
1358 2547 1489 2590 50.—
430 2510 541 2594 100
1529 2557 1713 2610 Zahlbar
1332 2575 1488 2629 110.—
416 2586 533 2633 500
1324 2603 1739 2690 200.— im Voraus.
412 2622 539 2679 1000
440 2661 1768 2735 Im Gegensatze zu anderen Bureaux für Zeitungsausschnitte ist das
327 2708 1773 2770 Abonnement durch keine bestimmte Zeitdauer begrenzt; — auch steht es den
326 2754 1602 2827 Abonnenten frei die aufgegebenen Themen zu ergänzen oder zu ändern.
440 2814 1753 2894 Der „ObSERVER“ veranstaltet täglich einen Auszug enthaltend die
319 2886 1762 2934 Inhaltsangabe aller wichtigen Mittheilungen der Wiener Morgen¬
321 2915 1759 2964 blätter (Tagesjournale ausser „Neue Freie Presse“ und „Wiener Zeitung“)
324 2965 1752 3010 wodurch eine Uebersicht über das gesammte politische und wirthschaftliche Leben
329 2995 1775 3069 des In- und Auslandes in drastischer Kürze gebeten wird. Diese Mittheilungen
337 3041 1183 3121 werden in Wien um 9 Uin Früh verschickt.
628 3086 1457 3200 Prospecte gratis und franco.
2622 1111 3030 1228 Telephon 12.801.
2104 1202 2839 1353 „OBSERVER‘
1936 1338 3042 1430 1. österr. beh. konz. Unternehmen für Zeitungs¬
2147 1405 2806 1473 Ausschnitte und Bibliographie.
2113 1437 2861 1532 Wien, I., Conoordiaplatz 4.
2329 1515 2664 1587 Vertretungen
1934 1559 3022 1630 In Berlin, Brüssel, Budapest, Chicago, Cleveland, Christiania,
1948 1618 3006 1669 Genf, Kopenhagen, London, Madrid, Mailand, Minneapolis,
1948 1650 3013 1722 New-Vork, Paris, Rom, San Francisco, Stockholni, St. Peters¬
2327 1693 2639 1745 burg, Toronto.
2284 1721 2637 1789 Quellapangube Gewühr
1939 1898 2508 2020 —
2358 2002 2568 2062 * * *
1919 2034 3120 2109 „Liebelgi“-von Arthur Schnitzler. Mit „Liebelei“ tritt Schnitz¬
1847 2102 3102 2175 ser eigentlich a's dem Kreis-der Liebelei heraus. Denn er stellte in
1849 2155 3112 2228 diesem Werke die Ftage auf: wie, wenn sich das „süße Mädel“ vom
1852 2216 3116 2280 satterhaften und naschsüchtigen Schmetterling in einen Menschen
1852 2257 3107 2319 verwandeltz der mits dem Leben nicht spielen kann, dessen Liebe zur
1844 2308 3099 2363 heiligen Leidensaift wird? — So entwickelt sich das frisch=froh¬
1848 2359 3118 2416 freie Spiel zu einen tiefergreifenden Drama. — Aber still, ohne
1841 2380 3121 2478 viel Worte und ehne Lärm, nur hie und da ein Ausbruch, ein ab¬
1840 2436 3124 2529 gebrochener Schrei ... Seine Gestalten gehen auf weichen
1848 2501 2343 2583 Sammetteppichen herum.
1928 2542 3107 2626 Schnitzler besitzt die geschliffene Feinheit der französischen Bild¬
1844 2613 3113 2678 hauer — sein Dialog ist wie in Bronze gegossen — scharf und präg¬
1843 2671 3000 2749 nant. Sowie Aurokolskv ist auch er ein Bildhauer der Seele.
1923 2722 3118 2794 Frl. Steinitz gab die Christine in einer temperamentvollen und
1849 2777 3108 2846 empfundenen Darstellung. Herr Saldern war als Fritz sehr gut,
1844 2825 3107 2895 ebenfalls Frau Greger in der Rolle der Katharina Binder. Herr
1857 2883 3109 2945 Seewaldt als Theodor und Frl. Weinreich als Mizi ergänzten sich
1863 2920 3075 2986 aufs glücklichste und entwickelten ein glänzendes Bühnenspiel. —
1865 2971 3117 3042 Leider hat Herr Saloschin den prächtigen alten Mlusikanten nicht ge¬
1861 3013 3118 3091 nügend wirken lassen. Schnitzler hat die gutmütige und weise Le¬
1854 3071 3087 3130 bensphilosophie dieses Alten in so wunderbare Sätze kristallisiert —
1858 3088 3199 3192 die einzelnen Worte reihen sich aneinander und wirken wie eine#
2883 3166 3049 3245 D. F.
1855 3177 2369 3263 funkelnde Diamantenkette.
