3436 4320
418 219 805 289 Liebelei
912 222 1381 311 box 10/4
234 221 919 334 5. LlezEIET
1350 639 2284 721 Ar in den Glaf Lärisch'schen Cokesösen in sei
2183 701 2270 746 in
998 702 2178 750 Karwin in Folge des starken Gefälles mit dem Zuge zusammen¬
2177 730 2280 790 91
998 744 2187 789 stießen und zertrümmert wurden. Vom Zugspersonal wurde Nie¬
849 748 1001 813 zia.]
1010 777 1296 844 mand verletzt.
2177 781 2285 834 bo
844 794 1000 870 r traf
2173 828 2284 896 F
1083 820 2174 888 [Burgschauspieler in Triest.] Aus Triest wird
879 839 1005 897 dem
2179 865 2273 930 en
1012 867 2173 919 uns gemeldet: Dis gestern im hiesigen A.monia=Theater von einem
854 870 998 941 ürger¬
2180 902 2286 969 da
1009 910 2186 958 Burgtheater =Ensemble gegebene Schauspiel „Liebelei“ von
849 922 1003 980 Baron
2172 954 2274 1002 see
1007 951 2186 1006 Arthur Schnitzler fand im ersten Act einen durchschlagenden,
842 966 1004 1024 #estand
2173 992 2279 1051 sei
1006 993 2195 1053 im folgenden Act einen freundlichen Erfolg. Der erste Act wurde
842 1008 1001 1066 u und
2180 1030 2278 1086 der
1003 1030 2180 1083 durch das degagirte Spiel des Fräul### Kallina und des
845 1043 995 1110 erhielt
2170 1076 2278 1139 sor
1006 1076 2185 1126 Herrn Hartmann außerordentlich gekoben; auch die Danen
838 1093 998 1149 r und
1006 1112 2286 1173 Ernst und Röckel, sowie die Herren Kulschera, Gimnig get
833 1129 1000 1193 avicza
999 1151 1784 1222 und Sommer fanden lebhaften Beifall.
829 1176 1000 1240 Herren
1082 1200 2256 1285 [Schloßbrand.] Aus Breslau wird gemeldet: Heute de
813 1263 2273 1336 ##r der Nachis brach im Schlosse der Gräfn Kwilecli bei Fraustadt 11
1632 2003 1736 2070 11
406 2104 1692 2169 so konnte dem Schauspiel der Erfolg, der ein recht nach¬
1691 2110 2989 2181 Paare sind brillant charakterisirt. Die fesche, kecke Schlager=Mizi mit
406 2161 1686 2226 haltiger sein dürfte, um so weniger ausbleiben. Das Zu¬
1690 2166 2982 2224 ihrem drolligen, leicht oberflächlichen Schatz Theodor sind prächtige, echte
404 2193 866 2274 sammenspiel ging glatt
1696 2207 2976 2247 Gewächse des Wiener Bodens, auf dem Harmlosigkeit und heiterer Lebens¬
1704 2239 2981 2282 genuß noch immer — wenn auch weit seltener als früher — gedeihen
794 2252 1308 2331 „Wiesbadener Presse“:
1698 2276 2978 2339 können. Daneben der tief angelegte, melancholisch=blasirte Frauenliebling
483 2304 1700 2376 Zu welchen tragischen Konflikten jene Gesetzbestimmung nun führen
1700 2323 2974 2387 Fritz, an dem die stille, zarte Christine in tiefer hingebender Liebe hängt.
405 2360 1697 2401 kann, das zeigt so recht das neue Schauspiel von Paul Lindau „Die
1698 2362 2972 2406 Die vier sind in der Garconwohnung Fritzens zusammen. Sie soupiren,
412 2394 1692 2458 Erste“, welches gestern Abend im Residenztheater seine Erstaufführung
1707 2402 2972 2450 schwatzen Blödsinn, amüsiren sich. Ein ohne Sensationsmacherei ge¬
410 2427 1699 2509 erlebte. (Folgt Inhult.) Das Publikum spendete wiederholl
1703 2436 2974 2495 zeichnetes Bild von prägnantester Lebensschärfe. Mitten hinein in den
403 2462 839 2542 lebhaften Beifall.
1702 2470 2973 2525 Trubel schrillt die Klingel, mitten in die Posse greift die Tragödie. Der
1707 2503 2968 2561 weitherzige Fritz hat sein Liebebedürfniß nicht nur zu Mädchen geringeren
1702 2558 2967 2606 Standes, auch zu Damen der sogenannten guten Gesellschaft geführt.
1702 2594 2976 2643 Zu einer verheiratheten Frau hat er zuletzt in unerlaubten Beziehungen
1706 2622 2977 2683 gestanden. Der betrogene Gattee ist es, der mitten in die Lustigkeit des
1700 2677 2986 2739 itimen Soupers hineinplatzt. Er kommt, um Rechenschaft zu fordern.
724 2695 1379 2753 Drebeten.
1705 2718 2979 2761 Eine kurze, harte, schwüle Scene. Dann geht der Mann und die ver¬
1697 2754 2977 2808 scheuchten Mädchen kehren aus dem Nebenzimmer zurück. Aber die
500 2752 1595 2846 Drama in drei Akten von Zerthur Schnitzler.
1709 2782 2982 2849 richtige Lustigkeit ist erloschen. Es dräckt auf sie Alle wie Ahnung
1697 2829 2983 2882 kommenden Unheils. Man bricht auf und während sich draußen in der
1699 2872 2970 2925 Nacht die lachenden Stimmen entfernen, bleibt Fritz allein mit den Ge¬
406 2874 1680 2955 Aufführung im Lobe-Theater zu Breslau, den
1691 2904 2983 2955 danken an das kommende Unheil. Fürwahr ein Akt, wie ihrer nicht
1689 2944 2972 2998 viele geschrieben worden sind Einfach, zwingend logisch, erschütternd.
744 2942 1371 3031 12. September 1896.
1689 2982 2972 3032 Die beiden Aufzüge, die dann folgen, haben wunderschöne Scenen,
1694 3027 2967 3075 scharf gezeichnete Charaktere, sehr viel des Guten, aber sie reichen in
481 3058 1691 3133 Ueber die erfolgreiche Aufführung berichteten wir bereits und
1701 3055 2969 3114 ihrer poetischen wie dramatischen Wirksamkeit an ihre Vorgänger nicht
399 3088 1332 3173 lassen wir heute hier die Referate in Kürze folgen.
1698 3099 2974 3154 heran. Das Schicksal Fritzen's und Christineu's erfüllt sich. Gerade
1707 3145 2969 3193 als Fritz erkennt, daß Christine ihm mehr sein dürfte, als eine bloße
720 3150 1365 3234 „Breslauer Morgenzeitung":
1702 3180 2973 3235 „Liebelei“, daß sie ihm das Glück bedeuten könnte, fordert ihn die Ver¬
479 3208 1683 3263 Schnitzler's „Liebelei“ bedient sich der Prosa und ist eine
1693 3211 2973 3271 geltung. Er fällt im Duell von der Hand des Mannes, den er be¬
1690 3256 2973 3317 trogen. Und die arme Christine, die von der Katastrophe nicht eher er¬
406 3244 1686 3304 Dichtung. Der Dichter ist ein Wiener Kinn und wenn ich nicht irre,
414 3295 1700 3350 Arzt gewesen, bevor er zur Feder griff. Es verging bereits manches
1705 3292 2972 3359 fährt, als bis ihr Liebstes schon im Grabe ruht, wird nicht länger lben.
407 3336 1687 3388 Jahr, seit die damals als Beilage zur „Presse“ erscheinende Wochen¬
1696 3334 2964 3397 „Sie kommt nicht wieder,“ ruft die bange Ahnung aus Christinen's
413 3367 1693 3425 schrift „An der schönen blauen Donau“ zuerst kleine, feine Noveletten
1695 3381 2969 3432 Vater. Dieses Stück, mit seinem knappen, alltäglichen Dialog, zeigt
407 3402 1690 3472 von Arthur Schnitz##r veröffentlichte. Schon zu jener Zeit nannten
1705 3417 2973 3471 seinen Schöpfer als eine scharfumrissene dichterische Persönlichkeit. Nicht
1689 3442 2966 3513 daß Alles, was Schnitzlerzeigt, neu wäre. Im Gegentheil, die Handlung
408 3488 1691 3548 Talent. Schnitzler hat noch geraume Weile gebraucht, um sich zu
1695 3492 2975 3560 von „Liebelei“ ist ebenso oft dagewesen, wie etwa das Duell als drama¬
407 3524 1690 3578 offenbaren, aber nun ist er zum Unterschiede von anderen Literaturcafé¬
1694 3534 2965 3583 tisches Motiv. Aber Schnitzler durchdringt den trivialen Stoff mit der
412 3582 1686 3622 Talenten wirklich „Wer“ geworden. Ein Novellist, den man kauft, und
1691 3572 2974 3627 Kraft seines eigenen, besonderen Empfindens und erringt so, als wenn
413 3613 1687 3668 ein Dramatiker, den man aufführt. Schnitzler besitzt die selteue Fähig¬
1705 3617 2970 3668 sie ihm von selber zuflögen, ganz erstaunliche, theatralische Wirkungen.
403 3639 1685 3693 keit, diese Erscheinungen zu kontrastreichen Bühnenwirkungen zu ver¬
1690 3662 2982 3704 Daß Beide: die Literatur und das Theater, Vortheil haben von Schnitzler's
412 3688 1689 3741 werthen. Der erste Akt von „Liebelei“ ist davon ein starkes Beispiel.
1705 3687 2963 3745 Erstlinsgschaffen, das ist das desonders Erfreuliche an diesem dichterischen
418 3725 1686 3781 Ein Quartett junger, verliebter, leichtsinniger Menschenkinder, zwei Lebe¬
1692 3721 2978 3797 Debut. „Liebelei“ gehört zu den Stücken, die sich nicht von selber
409 3767 2872 3827 männer des Mittelstandes und zwei Mädchen, bessere Grisetten. Beide spielen, die einer starken, schauspielerischen Interpretation bedürfen.
1007 3812 2369 3929 In Perbereitung am Feritaeg Sheater in Pertin:
398 3907 1023 4000 2
