3436 4256
253 227 625 302 Liebelej
234 232 1239 331 — box 1377
992 741 1362 835 15—— —
1152 769 2164 863 („Liebelei.“) Komödie von Arthur Schnitzler. — von
985 824 2159 908 Ein Paibacher Professor gab vor mehlm sich
991 886 2161 967 einen volkstümlichen Vortrage des Kasinovereines eine Kra¬
995 958 1186 995 —.—
1600 958 1842 1019 Cetiertercelsehschsten Aersise
1944 933 2027 1012 Gelie
986 992 2075 1083 Analyse sämtlicher Schnitzlerschen Dich lungen. Wir nannt
1010 1044 2064 1096 ten diesen Überblick damals in diesem Blatte eine
1008 1091 2077 1151 Steeple=Chaise durch Blut, Wollust und widernatürliche
1006 1125 2083 1203 Erotik. Arthur Schnitzler als Gesamterscheinung ist als
1004 1178 2065 1223 Dekadenzfrucht zu würdigen. Das hindert uns nicht, ein
1010 1228 2077 1282 Werk wie „Liebelei“ für ein dramatisches Meisterwerk
1016 1273 2076 1325 zu erklären. Gerade bei wiederholter Kenntnisnahme
1006 1307 2076 1377 tritt uns die wunderbare Feinheit der Schilderung, der
1012 1353 2078 1404 meisterhafte Dialog, die Plastik der Gestalten entgegen.
1006 1401 2076 1446 Dabei ist ein Laut echtesten Menschentums hörbar: das
1015 1440 2069 1492 Wesen des Eros fordert von einer rein und tief empfin¬
1007 1477 2067 1535 denden Seele die volle Ausschließlichkeit der Hingabe.
1010 1524 2077 1582 Kulturverderbnis macht aus der großen, verzehrenden
1013 1568 2063 1620 Flamme einen Zeitvertreib, eine lrichte Unterhaltung.
1011 1613 2075 1671 Wo die wahre Empfindung jedoch lebendig wird, da wird
1007 1665 2079 1722 wie hier aus dem leichten Getändel jedoch die Tragödie
1015 1697 2068 1756 eines im Innersten verwundeten Herzens. Mag Schnitz¬
996 1736 2085 1806 ller in allzureicher Hervorbringung genug Abstoßendes
1008 1785 2095 1845 geschaffen haben, in seiner „Liebelei“ sehen wir eine
1015 1821 2095 1878 Schöpfung, die auch den ethisch ernst denkenden Menschen
1018 1874 2100 1920 ansprechen kann. Die Aufführung am Samstag entsprach
1019 1918 2089 1974 billigen Anforderungen. Frl. Annie Wipperich ver¬
1014 1957 2084 2015 fügt über Seele, Innerlichkeit, Gemüt, um eine Gestlt
1017 2005 2088 2057 zu verkörpern, die in ihrer reichen Empfindung an eine
1009 2049 2081 2103 Luise in „Kabale und Liebe“ oder an Gretch'n in
1017 2098 2083 2151 „Faust“ heranreicht. Das gemütvoll=schwärmerisch ver¬
1013 2144 2079 2193 anlagte Mädchen, dem die erste große Emtäuschung in
1007 2170 2076 2241 der Ziebe das Herz bricht, wurde von der sympathischen
1012 2223 2088 2285 Künstlerin klar erfaßt und lebendig #nacht. Der alte
1018 2262 2081 2312 Weiring hat eine gewisse Ahnlichkeit mit dem alten
1007 2304 2082 2367 Miller in Schillers Jugenddrama, seinem musikalischen
1004 2350 2080 2417 Kollegen in Apoll. Herr Nasch hatte sich gewiß red¬
1001 2401 2083 2457 liche Mühe gegeben, dem so reich und menschlich emp¬
999 2448 2083 2500 findenden Künstler möglichst lebenswahre Züge zu
997 2494 2080 2540 leihen; vielleicht blieb aber doch zu viel Pose haften.
1016 2530 2080 2593 Das Stück bietet uns weiter die unübertrefflich lebens¬
1009 2568 2075 2621 wahr gezeichneten Rollen der beiden Studenten, junge
1009 2614 2082 2665 verwöhnte Wiener Lebemänner, die durch ihre Eleganz
1005 2659 2071 2715 und Leichtigkeit der Umgangsformen bestechen müssen.
1003 2691 2086 2761 „Die Herren Goldhaber und Loidner sind wohl
997 2744 2085 2792 tbeide schon etwas zu alt und schwen für diese Rollen;
1018 2793 2074 2852 Herr Loibner hatte seine Aufgabe ja auch nir als Lük¬
1013 2838 2074 2906 kenbüßer für den erkrankten Herrn Aurich übernommen.
1012 2881 2075 2935 Herr Goldhaber fand sich mit gewohnter Routine und
1010 2921 2081 2980 Geschick in diese nicht leichte Rolle. Frl. Telona ent¬
1016 2961 2089 3019 wickelte als Modistin Schlager ihre gewohnte Munter¬
1021 3006 2077 3065 keit und verdarb nichts. Das süße Wiener Mäoi, das
1012 3069 2074 3115 sie zu geben hatte, mag seinem Ideal nach noch leichter,
1010 3096 2071 3161 duftiger sein. Herr Tema hatte die Rolle zu spielen,
1005 3144 2068 3200 die der Dichter „ein Herr“ nennt, Felix Schweighofers
1011 3183 2086 3234 vielbewunderte Rolle! Wie der steinerne Gast im „Don
1012 3223 2076 3283 Juan“ platzt der Rächer seiner Ehre in das Bacchanal
1023 3277 2070 3328 des ersten Aktes hinein, wir vermißten den tödlichen,
1007 3316 2074 3373 schneidenden Ernst, der erst den vollen Kontrast hervor¬
1018 3359 2072 3412 bringt. In dem Kabinettsstückchen der alten Binder war
1026 3405 2082 3468 Frau Frolda vorzüglich. Das Theater war ausge¬
1022 3443 2076 3506 zeichnet besucht, was hoffentlich die Bühnenleitung er¬
1006 3491 2085 3555 muntern wird, das ausschließliche Schwankfutter etwas
1000 3543 2089 3600 (öfter mit feinliterarischer Kost abwechseln zu lassen. H.
