<?xml version="1.0" encoding="UTF-8" standalone="yes"?>
<PcGts xmlns="http://schema.primaresearch.org/PAGE/gts/pagecontent/2013-07-15" xmlns:xsi="http://www.w3.org/2001/XMLSchema-instance" xsi:schemaLocation="http://schema.primaresearch.org/PAGE/gts/pagecontent/2013-07-15 http://schema.primaresearch.org/PAGE/gts/pagecontent/2013-07-15/pagecontent.xsd">
    <Metadata>
        <Creator>prov=University of Rostock/Institute of Mathematics/CITlab/Gundram Leifert/gundram.leifert@uni-rostock.de:name=ONB_Newseye_GT_M1+(htr_id=10810)::::v=2.4.2
prov=University of Rostock/Institute of Mathematics/CITlab/Tobias Gruening/tobias.gruening@uni-rostock.de:name=de.uros.citlab.module.baseline2polygon.B2PSeamMultiOriented:v=2.4.2
prov=University of Rostock/Institute of Mathematics/CITlab/Tobias Gruening/tobias.gruening@uni-rostock.de:name=/mnt/transkribus/LA/DEA/URO/LA_news_onb_att.pb:de.uros.citlab.segmentation.CITlab_LA_ML:v=2.4.2
Transkribus</Creator>
        <Created>2019-10-07T12:02:33.044+02:00</Created>
        <LastChange>2019-10-09T17:59:00.422+02:00</LastChange>
        <TranskribusMetadata docId="223992" pageId="9509841" pageNr="1652" tsid="16681380" status="IN_PROGRESS" userId="40391" imgUrl="https://files.transkribus.eu/Get?id=GKLBMTFRQCTIHGRNMDFUAKBU&amp;fileType=view" xmlUrl="https://files.transkribus.eu/Get?id=JQKCVYOGKKVMEIMOQCYCSWIB" imageId="6198547"/>
    </Metadata>
    <Page imageFilename="223992_1652.jpeg" imageWidth="3484" imageHeight="4224">
        <ReadingOrder>
            <OrderedGroup id="ro_1711446407953" caption="Regions reading order">
                <RegionRefIndexed index="0" regionRef="r1"/>
                <RegionRefIndexed index="1" regionRef="r2"/>
            </OrderedGroup>
        </ReadingOrder>
        <TextRegion orientation="0.0" id="r1" custom="readingOrder {index:0;}">
            <Coords points="182,184 182,2719 1386,2719 1386,184"/>
            <TextLine id="r1l1" custom="readingOrder {index:0;}">
                <Coords points="312,218 716,234 716,185 682,164 579,162 541,184 509,184 483,157 422,172 371,154 313,172"/>
                <Baseline points="318,216 344,215 370,214 396,214 422,213 448,213 474,213 500,213 527,214 553,214 579,215 605,216 631,216 657,216 683,217 710,217"/>
                <TextEquiv>
                    <Unicode>Liebelei</Unicode>
                </TextEquiv>
            </TextLine>
            <TextLine id="r1l2" custom="readingOrder {index:1;}">
                <Coords points="872,225 982,244 1065,220 1124,245 1152,230 1187,249 1237,248 1281,225 1283,164 1199,170 1139,154 1031,193 1003,179 953,187 908,162 873,169"/>
                <Baseline points="878,214 904,216 931,217 957,219 984,220 1010,221 1037,223 1063,223 1090,224 1116,225 1143,225 1169,225 1196,225 1222,225 1249,224 1276,223"/>
                <TextEquiv>
                    <Unicode>box 13/2</Unicode>
                </TextEquiv>
            </TextLine>
            <TextLine id="r1l3" custom="readingOrder {index:2;}">
                <Coords points="176,211 285,245 437,258 516,246 531,260 557,244 640,271 718,267 721,227 318,217 207,151 179,156"/>
                <Baseline points="182,204 208,211 235,217 261,222 288,226 315,229 341,232 368,234 394,236 421,238 448,239 474,240 501,240 527,240 554,240 581,240 607,240 634,241 660,241 687,241 714,241"/>
                <TextEquiv>
                    <Unicode>5. </Unicode>
                </TextEquiv>
            </TextLine>
            <TextLine id="r1l4" custom="readingOrder {index:3;}">
                <Coords points="505,1102 1369,1148 1382,1095 1121,1066 1053,1096 1029,1071 829,1059 506,1073"/>
                <Baseline points="511,1102 554,1103 597,1105 640,1106 683,1108 727,1110 770,1111 813,1113 856,1115 899,1116 943,1118 986,1120 1029,1121 1072,1122 1115,1124 1159,1125 1202,1126 1245,1127 1288,1128 1331,1129 1375,1130"/>
                <TextEquiv>
                    <Unicode>Palmer erfreut die helle Rossana Masi,</Unicode>
                </TextEquiv>
            </TextLine>
            <TextLine id="r1l5" custom="readingOrder {index:4;}">
                <Coords points="502,1135 1388,1188 1389,1154 1287,1134 967,1139 907,1115 783,1139 692,1107 503,1106"/>
                <Baseline points="508,1142 551,1145 595,1147 639,1149 683,1150 726,1152 770,1154 814,1155 858,1157 901,1159 945,1160 989,1162 1033,1163 1076,1165 1120,1166 1164,1168 1208,1169 1251,1171 1295,1173 1339,1175 1383,1177"/>
                <TextEquiv>
                    <Unicode>mehr Musette als Mitzi. Vor allem aber über¬</Unicode>
                </TextEquiv>
            </TextLine>
            <TextLine id="r1l6" custom="readingOrder {index:5;}">
                <Coords points="500,1187 833,1217 913,1193 1021,1228 1376,1221 1376,1190 1199,1172 501,1160"/>
                <Baseline points="505,1188 548,1189 591,1190 634,1192 678,1194 721,1195 764,1197 808,1199 851,1200 894,1203 938,1204 981,1207 1024,1208 1067,1210 1111,1212 1154,1214 1197,1216 1241,1217 1284,1219 1327,1221 1371,1223"/>
                <TextEquiv>
                    <Unicode>rascht Giulio Oppi als Fritz; modernes, ge¬</Unicode>
                </TextEquiv>
            </TextLine>
            <TextLine id="r1l7" custom="readingOrder {index:6;}">
                <Coords points="508,1230 1351,1273 1393,1222 932,1206 847,1227 509,1191"/>
                <Baseline points="514,1227 557,1230 601,1234 644,1237 688,1238 732,1241 775,1243 819,1245 862,1246 906,1248 950,1249 993,1250 1037,1251 1080,1252 1124,1253 1168,1254 1211,1255 1255,1256 1298,1257 1342,1258 1386,1259"/>
                <TextEquiv>
                    <Unicode>decktes Spiel, das auf keine Stretta hinarbeitet,</Unicode>
                </TextEquiv>
            </TextLine>
            <TextLine id="r1l8" custom="readingOrder {index:7;}">
                <Coords points="500,1280 927,1291 1004,1321 1387,1309 1370,1260 502,1234"/>
                <Baseline points="506,1270 549,1274 593,1277 637,1280 681,1283 724,1284 768,1286 812,1288 856,1289 899,1290 943,1291 987,1292 1031,1293 1074,1294 1118,1296 1162,1297 1206,1298 1249,1300 1293,1302 1337,1304 1381,1307"/>
                <TextEquiv>
                    <Unicode>sondern im Blutkreislauf eines vom Schicksal</Unicode>
                </TextEquiv>
            </TextLine>
            <TextLine id="r1l9" custom="readingOrder {index:8;}">
                <Coords points="509,1315 570,1337 611,1325 653,1340 675,1327 693,1338 744,1331 784,1356 821,1338 840,1347 883,1338 885,1302 768,1287 749,1302 680,1281 575,1294 552,1277 510,1285"/>
                <Baseline points="514,1315 540,1317 566,1319 592,1320 618,1321 644,1322 670,1323 696,1324 722,1324 748,1325 774,1326 800,1327 826,1328 852,1328 878,1329"/>
                <TextEquiv>
                    <Unicode>Gezeichneten bleibt.</Unicode>
                </TextEquiv>
            </TextLine>
            <TextLine id="r1l10" custom="readingOrder {index:9;}">
                <Coords points="1129,1342 1167,1356 1198,1346 1224,1353 1255,1344 1275,1349 1293,1366 1300,1359 1316,1364 1337,1351 1338,1332 1320,1319 1305,1322 1293,1309 1270,1321 1233,1305 1224,1309 1214,1300 1187,1313 1163,1301 1130,1302"/>
                <Baseline points="1134,1339 1162,1341 1190,1342 1218,1343 1247,1344 1275,1345 1303,1346 1332,1349"/>
                <TextEquiv>
                    <Unicode>F. R. C.</Unicode>
                </TextEquiv>
            </TextLine>
            <TextLine id="r1l11" custom="readingOrder {index:10;}">
                <Coords points="482,1500 931,1505 1007,1531 1122,1504 1159,1532 1386,1509 1387,1467 1328,1438 631,1417 483,1463"/>
                <Baseline points="487,1493 531,1492 576,1491 620,1491 665,1491 710,1492 754,1492 799,1494 844,1495 888,1496 933,1497 978,1500 1022,1501 1067,1503 1112,1505 1156,1507 1201,1509 1246,1511 1290,1512 1335,1514 1380,1515"/>
                <TextEquiv>
                    <Unicode>Fertenfreude für Kinder</Unicode>
                </TextEquiv>
            </TextLine>
            <TextLine id="r1l12" custom="readingOrder {index:11;}">
                <Coords points="555,1564 666,1588 1381,1594 1382,1558 1274,1539 1016,1551 697,1502 556,1533"/>
                <Baseline points="561,1560 601,1562 642,1564 683,1565 723,1567 764,1568 805,1570 845,1571 886,1572 927,1574 968,1576 1008,1577 1049,1578 1090,1579 1130,1581 1171,1582 1212,1584 1252,1585 1293,1587 1334,1588 1375,1590"/>
                <TextEquiv>
                    <Unicode>Noch dringender als in früheren Jahren</Unicode>
                </TextEquiv>
            </TextLine>
            <TextLine id="r1l13" custom="readingOrder {index:12;}">
                <Coords points="486,1609 914,1645 1360,1629 1332,1595 1163,1586 731,1591 552,1563 487,1584"/>
                <Baseline points="492,1611 535,1612 578,1612 621,1614 664,1615 707,1616 750,1618 793,1619 836,1620 879,1622 923,1623 966,1625 1009,1626 1052,1628 1095,1630 1138,1632 1181,1633 1224,1635 1267,1637 1310,1637 1354,1639"/>
                <TextEquiv>
                    <Unicode>müssen wir uns diesmal an die Hilfsberei¬</Unicode>
                </TextEquiv>
            </TextLine>
            <TextLine id="r1l14" custom="readingOrder {index:13;}">
                <Coords points="489,1659 1336,1703 1367,1699 1369,1654 490,1628"/>
                <Baseline points="494,1659 537,1659 580,1660 624,1661 667,1661 711,1663 754,1664 797,1666 841,1668 884,1669 928,1671 971,1673 1014,1675 1058,1676 1101,1678 1145,1680 1188,1681 1231,1682 1275,1683 1318,1684 1362,1685"/>
                <TextEquiv>
                    <Unicode>schaft unserer Leser und Freunde wenden</Unicode>
                </TextEquiv>
            </TextLine>
            <TextLine id="r1l15" custom="readingOrder {index:14;}">
                <Coords points="491,1712 1372,1737 1373,1708 1234,1683 925,1699 798,1666 753,1687 493,1662"/>
                <Baseline points="497,1706 540,1707 584,1708 627,1709 671,1711 714,1712 758,1713 801,1714 845,1716 888,1718 932,1720 975,1721 1019,1723 1062,1724 1106,1726 1149,1727 1193,1729 1236,1731 1280,1732 1323,1733 1367,1735"/>
                <TextEquiv>
                    <Unicode>Die Zahl der Kinder, die auf die Hilfe der</Unicode>
                </TextEquiv>
            </TextLine>
            <TextLine id="r1l16" custom="readingOrder {index:15;}">
                <Coords points="492,1752 527,1774 589,1754 872,1783 1306,1774 1347,1799 1359,1750 493,1722"/>
                <Baseline points="497,1756 539,1756 582,1757 625,1758 668,1758 710,1759 753,1761 796,1762 839,1763 881,1765 924,1767 967,1768 1010,1770 1052,1772 1095,1773 1138,1775 1181,1777 1223,1778 1266,1780 1309,1781 1352,1782"/>
                <TextEquiv>
                    <Unicode>privaten Wohltätigkeit angewiesen sind, ist</Unicode>
                </TextEquiv>
            </TextLine>
            <TextLine id="r1l17" custom="readingOrder {index:16;}">
                <Coords points="490,1805 1052,1837 1366,1818 1297,1780 980,1798 661,1762 491,1775"/>
                <Baseline points="496,1804 539,1805 582,1805 625,1806 668,1807 712,1808 755,1809 798,1810 841,1811 884,1812 928,1813 971,1814 1014,1816 1057,1818 1100,1819 1144,1821 1187,1823 1230,1824 1273,1826 1316,1829 1360,1831"/>
                <TextEquiv>
                    <Unicode>noch größer geworden — wegen der Not der</Unicode>
                </TextEquiv>
            </TextLine>
            <TextLine id="r1l18" custom="readingOrder {index:17;}">
                <Coords points="482,1847 1348,1876 1348,1838 1289,1827 483,1817"/>
                <Baseline points="488,1851 530,1852 573,1853 616,1855 658,1856 701,1858 744,1858 786,1860 829,1861 872,1861 915,1863 957,1864 1000,1864 1043,1865 1085,1866 1128,1867 1171,1868 1213,1870 1256,1870 1299,1872 1342,1873"/>
                <TextEquiv>
                    <Unicode>Zeit und weil Stadt und Staat die Ver¬</Unicode>
                </TextEquiv>
            </TextLine>
            <TextLine id="r1l19" custom="readingOrder {index:18;}">
                <Coords points="488,1902 1080,1937 1321,1932 1358,1892 489,1867"/>
                <Baseline points="494,1900 536,1900 579,1900 622,1901 665,1902 708,1902 751,1904 794,1905 837,1906 880,1908 923,1909 965,1910 1008,1912 1051,1914 1094,1915 1137,1916 1180,1917 1223,1918 1266,1919 1309,1919 1352,1920"/>
                <TextEquiv>
                    <Unicode>schickung von erholungsbedürftigen Kinderr</Unicode>
                </TextEquiv>
            </TextLine>
            <TextLine id="r1l20" custom="readingOrder {index:19;}">
                <Coords points="489,1938 912,1984 1095,1965 1150,2000 1339,1977 1358,1944 1174,1916 1061,1945 897,1913 490,1908"/>
                <Baseline points="494,1946 536,1946 579,1947 622,1948 665,1949 708,1950 751,1951 793,1953 836,1955 879,1956 922,1958 965,1960 1008,1961 1051,1963 1093,1965 1136,1967 1179,1968 1222,1969 1265,1971 1308,1972 1351,1972"/>
                <TextEquiv>
                    <Unicode>aufs Land diesmal ganz erheblich ein</Unicode>
                </TextEquiv>
            </TextLine>
            <TextLine id="r1l21" custom="readingOrder {index:20;}">
                <Coords points="488,2001 551,2005 568,2019 618,1996 673,2015 718,2002 775,2022 798,2005 814,2020 865,2005 866,1984 757,1954 742,1965 649,1968 608,1953 561,1963 505,1946 488,1953"/>
                <Baseline points="493,1998 519,1996 545,1994 571,1994 597,1993 624,1993 650,1994 676,1994 702,1995 728,1996 755,1997 781,1998 807,2000 833,2000 860,2001"/>
                <TextEquiv>
                    <Unicode>schränken mußten.</Unicode>
                </TextEquiv>
            </TextLine>
            <TextLine id="r1l22" custom="readingOrder {index:21;}">
                <Coords points="546,2065 713,2090 806,2066 1148,2099 1350,2086 1351,2055 1245,2028 1078,2053 997,2051 937,2012 548,2019"/>
                <Baseline points="552,2061 591,2063 631,2065 670,2067 710,2069 750,2070 789,2072 829,2073 868,2074 908,2075 948,2076 987,2077 1027,2078 1066,2079 1106,2079 1146,2081 1185,2082 1225,2083 1264,2085 1304,2086 1344,2089"/>
                <TextEquiv>
                    <Unicode>Wir bitten deshalb herzlichst, unser</Unicode>
                </TextEquiv>
            </TextLine>
            <TextLine id="r1l23" custom="readingOrder {index:22;}">
                <Coords points="477,2113 1325,2149 1351,2088 1163,2110 1102,2086 478,2076"/>
                <Baseline points="482,2111 525,2111 568,2112 611,2113 654,2114 697,2115 740,2117 783,2119 826,2121 869,2122 913,2125 956,2126 999,2128 1042,2129 1085,2131 1128,2133 1171,2134 1214,2135 1257,2135 1300,2135 1344,2135"/>
                <TextEquiv>
                    <Unicode>Sammlung, die der Verlag Ullstein mit eine</Unicode>
                </TextEquiv>
            </TextLine>
            <TextLine id="r1l24" custom="readingOrder {index:23;}">
                <Coords points="474,2167 1337,2186 1338,2145 476,2126"/>
                <Baseline points="480,2157 522,2157 565,2158 607,2159 650,2161 692,2162 735,2164 777,2166 820,2168 862,2170 905,2172 948,2175 990,2176 1033,2178 1075,2180 1118,2181 1160,2182 1203,2183 1245,2183 1288,2183 1331,2183"/>
                <TextEquiv>
                    <Unicode>Stiftung von 5000 Mark eröffnet hat, zu</Unicode>
                </TextEquiv>
            </TextLine>
            <TextLine id="r1l25" custom="readingOrder {index:24;}">
                <Coords points="480,2206 1146,2246 1354,2216 1331,2186 481,2172"/>
                <Baseline points="485,2207 528,2209 571,2210 614,2211 657,2213 700,2214 743,2216 787,2218 830,2220 873,2221 916,2223 959,2224 1002,2225 1045,2227 1089,2227 1132,2228 1175,2228 1218,2228 1261,2227 1304,2226 1348,2225"/>
                <TextEquiv>
                    <Unicode>unterstützen. Für 70 Mark, in den Ferien</Unicode>
                </TextEquiv>
            </TextLine>
            <TextLine id="r1l26" custom="readingOrder {index:25;}">
                <Coords points="481,2256 1227,2290 1314,2285 1340,2251 483,2206"/>
                <Baseline points="487,2253 529,2254 571,2254 613,2255 656,2256 698,2258 740,2259 783,2260 825,2262 867,2263 910,2265 952,2266 994,2268 1036,2270 1079,2271 1121,2273 1163,2274 1206,2275 1248,2276 1290,2277 1333,2278"/>
                <TextEquiv>
                    <Unicode>Monaten Juli=August 80 Mark, kann ein be</Unicode>
                </TextEquiv>
            </TextLine>
            <TextLine id="r1l27" custom="readingOrder {index:26;}">
                <Coords points="469,2294 617,2326 818,2296 860,2323 1186,2338 1246,2309 1311,2328 1337,2292 470,2270"/>
                <Baseline points="475,2299 517,2301 560,2303 603,2305 646,2306 689,2308 731,2309 774,2310 817,2312 860,2313 903,2314 945,2315 988,2317 1031,2317 1074,2318 1117,2320 1159,2321 1202,2322 1245,2323 1288,2324 1331,2326"/>
                <TextEquiv>
                    <Unicode>dürftiges Kind einen vierwöchigen Er</Unicode>
                </TextEquiv>
            </TextLine>
            <TextLine id="r1l28" custom="readingOrder {index:27;}">
                <Coords points="461,2353 1166,2386 1338,2368 1339,2334 462,2324"/>
                <Baseline points="467,2351 510,2351 553,2352 596,2353 640,2354 683,2355 726,2355 770,2357 813,2358 856,2359 900,2360 943,2362 986,2363 1029,2364 1073,2366 1116,2367 1159,2369 1203,2370 1246,2372 1289,2373 1333,2374"/>
                <TextEquiv>
                    <Unicode>holungsaufenthalt genießen. Jede, auch di</Unicode>
                </TextEquiv>
            </TextLine>
            <TextLine id="r1l29" custom="readingOrder {index:28;}">
                <Coords points="461,2417 606,2400 1292,2437 1343,2424 1344,2397 1051,2362 462,2365"/>
                <Baseline points="467,2396 510,2398 554,2399 597,2402 641,2403 684,2404 728,2405 771,2407 815,2408 858,2409 902,2409 945,2410 989,2411 1032,2413 1076,2414 1119,2415 1163,2416 1206,2418 1250,2420 1293,2422 1337,2424"/>
                <TextEquiv>
                    <Unicode>kleinste Spende trägt dazu bei, vom Ertraß</Unicode>
                </TextEquiv>
            </TextLine>
            <TextLine id="r1l30" custom="readingOrder {index:29;}">
                <Coords points="463,2444 1233,2486 1316,2475 1338,2430 464,2416"/>
                <Baseline points="469,2446 512,2447 555,2449 598,2450 641,2451 684,2453 727,2455 770,2456 813,2457 856,2458 900,2459 943,2460 986,2461 1029,2462 1072,2464 1115,2464 1158,2465 1201,2466 1244,2467 1287,2468 1331,2468"/>
                <TextEquiv>
                    <Unicode>der Sammlung werden keinerlei Unkoster</Unicode>
                </TextEquiv>
            </TextLine>
            <TextLine id="r1l31" custom="readingOrder {index:30;}">
                <Coords points="464,2492 848,2524 1343,2516 1312,2473 464,2469"/>
                <Baseline points="469,2496 512,2496 555,2497 599,2498 642,2498 686,2499 729,2501 772,2502 816,2503 859,2504 903,2505 946,2507 989,2508 1033,2509 1076,2510 1120,2511 1163,2513 1206,2514 1250,2515 1293,2515 1337,2516"/>
                <TextEquiv>
                    <Unicode>abgezogen. Beiträge erbitten wir auf Post</Unicode>
                </TextEquiv>
            </TextLine>
            <TextLine id="r1l32" custom="readingOrder {index:31;}">
                <Coords points="464,2553 1274,2577 1341,2567 1342,2529 465,2505"/>
                <Baseline points="470,2541 513,2542 556,2543 599,2544 643,2546 686,2547 729,2548 773,2549 816,2550 859,2551 903,2553 946,2554 989,2554 1032,2556 1076,2557 1119,2558 1162,2559 1206,2560 1249,2561 1292,2563 1336,2564"/>
                <TextEquiv>
                    <Unicode>scheckkonto Berlin 660 der Ullstei. A. G</Unicode>
                </TextEquiv>
            </TextLine>
            <TextLine id="r1l33" custom="readingOrder {index:32;}">
                <Coords points="472,2593 1268,2623 1339,2608 1341,2568 473,2555"/>
                <Baseline points="478,2587 520,2586 563,2586 606,2587 649,2587 692,2588 734,2589 777,2591 820,2593 863,2595 906,2596 948,2598 991,2601 1034,2602 1077,2604 1120,2606 1162,2607 1205,2609 1248,2610 1291,2610 1334,2610"/>
                <TextEquiv>
                    <Unicode>Ferner werden Spenden in allen Ullstein¬</Unicode>
                </TextEquiv>
            </TextLine>
            <TextLine id="r1l34" custom="readingOrder {index:33;}">
                <Coords points="467,2644 1333,2677 1335,2621 469,2594"/>
                <Baseline points="474,2630 516,2632 559,2634 602,2635 644,2637 687,2638 730,2639 772,2642 815,2643 858,2644 901,2645 943,2647 986,2648 1029,2650 1071,2651 1114,2653 1157,2654 1199,2656 1242,2657 1285,2659 1328,2661"/>
                <TextEquiv>
                    <Unicode>Filialen und im Ullsteinhaus (Hauptkasse)</Unicode>
                </TextEquiv>
            </TextLine>
            <TextLine id="r1l35" custom="readingOrder {index:34;}">
                <Coords points="459,2684 1274,2733 1336,2715 1337,2680 460,2648"/>
                <Baseline points="465,2680 508,2683 551,2686 594,2687 638,2689 681,2691 724,2693 768,2694 811,2695 854,2696 898,2697 941,2698 984,2698 1027,2699 1071,2700 1114,2701 1157,2702 1201,2704 1244,2705 1287,2707 1331,2709"/>
                <TextEquiv>
                    <Unicode>Berlin SW 68, Kochstr. 22=26, angenommen.</Unicode>
                </TextEquiv>
            </TextLine>
            <TextEquiv>
                <Unicode>Liebelei
box 13/2
5. 
Palmer erfreut die helle Rossana Masi,
mehr Musette als Mitzi. Vor allem aber über¬
rascht Giulio Oppi als Fritz; modernes, ge¬
decktes Spiel, das auf keine Stretta hinarbeitet,
sondern im Blutkreislauf eines vom Schicksal
Gezeichneten bleibt.
F. R. C.
Fertenfreude für Kinder
Noch dringender als in früheren Jahren
müssen wir uns diesmal an die Hilfsberei¬
schaft unserer Leser und Freunde wenden
Die Zahl der Kinder, die auf die Hilfe der
privaten Wohltätigkeit angewiesen sind, ist
noch größer geworden — wegen der Not der
Zeit und weil Stadt und Staat die Ver¬
schickung von erholungsbedürftigen Kinderr
aufs Land diesmal ganz erheblich ein
schränken mußten.
Wir bitten deshalb herzlichst, unser
Sammlung, die der Verlag Ullstein mit eine
Stiftung von 5000 Mark eröffnet hat, zu
unterstützen. Für 70 Mark, in den Ferien
Monaten Juli=August 80 Mark, kann ein be
dürftiges Kind einen vierwöchigen Er
holungsaufenthalt genießen. Jede, auch di
kleinste Spende trägt dazu bei, vom Ertraß
der Sammlung werden keinerlei Unkoster
abgezogen. Beiträge erbitten wir auf Post
scheckkonto Berlin 660 der Ullstei. A. G
Ferner werden Spenden in allen Ullstein¬
Filialen und im Ullsteinhaus (Hauptkasse)
Berlin SW 68, Kochstr. 22=26, angenommen.</Unicode>
            </TextEquiv>
        </TextRegion>
        <TextRegion orientation="0.0" id="r2" custom="readingOrder {index:1;}">
            <Coords points="1965,1463 1965,2787 2794,2787 2794,1463"/>
            <TextLine id="r2l1" custom="readingOrder {index:0;}">
                <Coords points="1960,1518 2732,1502 2799,1483 2798,1447 2729,1416 2075,1435 1958,1477"/>
                <Baseline points="1965,1510 2006,1509 2047,1508 2089,1506 2130,1505 2172,1503 2213,1502 2255,1500 2296,1499 2338,1498 2379,1497 2420,1495 2462,1494 2503,1493 2545,1492 2586,1490 2628,1489 2669,1488 2711,1487 2752,1486 2794,1486"/>
                <TextEquiv>
                    <Unicode>„OBSERVER</Unicode>
                </TextEquiv>
            </TextLine>
            <TextLine id="r2l2" custom="readingOrder {index:1;}">
                <Coords points="2076,1562 2193,1576 2255,1556 2336,1568 2747,1537 2746,1511 2627,1499 2075,1528"/>
                <Baseline points="2082,1559 2115,1557 2148,1556 2181,1555 2214,1554 2247,1553 2280,1552 2313,1551 2346,1550 2379,1549 2412,1548 2445,1547 2478,1546 2511,1545 2544,1543 2577,1542 2610,1541 2643,1539 2676,1537 2709,1535 2742,1534"/>
                <TextEquiv>
                    <Unicode>I. österr. behördl. konzessioniertes</Unicode>
                </TextEquiv>
            </TextLine>
            <TextLine id="r2l3" custom="readingOrder {index:2;}">
                <Coords points="2022,1627 2373,1599 2623,1614 2789,1586 2787,1542 2764,1538 2020,1575"/>
                <Baseline points="2027,1604 2064,1604 2102,1604 2140,1604 2178,1603 2216,1602 2253,1602 2291,1601 2329,1600 2367,1599 2405,1597 2442,1596 2480,1595 2518,1592 2556,1591 2594,1589 2631,1587 2669,1585 2707,1584 2745,1582 2783,1579"/>
                <TextEquiv>
                    <Unicode>Unternehmen für Zeitungs-Ausschnitte</Unicode>
                </TextEquiv>
            </TextLine>
            <TextLine id="r2l4" custom="readingOrder {index:3;}">
                <Coords points="2101,1670 2148,1687 2313,1682 2345,1663 2478,1680 2713,1662 2711,1607 2640,1601 2100,1629"/>
                <Baseline points="2107,1665 2138,1665 2170,1666 2201,1666 2233,1665 2264,1665 2296,1664 2327,1663 2359,1662 2390,1661 2422,1660 2453,1658 2485,1657 2516,1655 2548,1653 2579,1652 2611,1651 2642,1650 2674,1649 2706,1649"/>
                <TextEquiv>
                    <Unicode>WIEN, I., WOLLZEILE 11</Unicode>
                </TextEquiv>
            </TextLine>
            <TextLine id="r2l5" custom="readingOrder {index:4;}">
                <Coords points="2169,1720 2382,1727 2651,1706 2649,1676 2597,1658 2478,1680 2410,1668 2167,1679"/>
                <Baseline points="2175,1723 2201,1720 2227,1718 2253,1717 2279,1716 2305,1714 2331,1713 2357,1713 2383,1712 2410,1711 2436,1710 2462,1709 2488,1708 2514,1707 2540,1706 2566,1705 2592,1703 2618,1701 2645,1699"/>
                <TextEquiv>
                    <Unicode>TELEPHON R-23-0-43</Unicode>
                </TextEquiv>
            </TextLine>
            <TextLine id="r2l6" custom="readingOrder {index:5;}">
                <Coords points="1981,1857 2009,1874 2042,1864 2072,1874 2110,1857 2165,1872 2188,1856 2211,1868 2234,1854 2272,1869 2357,1853 2354,1805 2310,1817 2277,1805 2166,1814 2127,1804 2060,1829 2018,1820 1980,1834"/>
                <Baseline points="1987,1859 2013,1859 2039,1859 2065,1858 2091,1857 2117,1856 2143,1855 2169,1853 2195,1852 2221,1850 2247,1848 2273,1847 2299,1846 2325,1845 2351,1845"/>
                <TextEquiv>
                    <Unicode>Ausschnitt aus:</Unicode>
                </TextEquiv>
            </TextLine>
            <TextLine id="r2l7" custom="readingOrder {index:6;}">
                <Coords points="2335,1979 2442,1973 2457,1985 2503,1954 2554,1970 2596,1962 2623,1982 2692,1957 2753,1963 2756,1910 2627,1896 2545,1916 2438,1901 2397,1918 2339,1898"/>
                <Baseline points="2342,1943 2367,1946 2392,1948 2417,1949 2443,1951 2468,1951 2493,1953 2519,1953 2544,1954 2569,1955 2595,1955 2620,1957 2645,1958 2671,1959 2696,1960 2721,1963 2747,1966"/>
                <TextEquiv>
                    <Unicode> Stampa Torne</Unicode>
                </TextEquiv>
            </TextLine>
            <TextLine id="r2l8" custom="readingOrder {index:7;}">
                <Coords points="2304,2155 2483,2121 2548,2146 2651,2145 2759,2108 2756,2035 2639,2064 2587,2051 2543,2068 2479,2046 2374,2068 2300,2055"/>
                <Baseline points="2309,2123 2335,2127 2361,2129 2387,2131 2413,2132 2439,2132 2465,2131 2491,2130 2517,2128 2544,2127 2570,2125 2596,2122 2622,2120 2648,2118 2674,2117 2700,2116 2726,2115 2753,2115"/>
                <TextEquiv>
                    <Unicode>—4 NON 1932</Unicode>
                </TextEquiv>
            </TextLine>
            <TextLine id="r2l9" custom="readingOrder {index:8;}">
                <Coords points="2049,2301 2589,2268 2670,2248 2668,2218 2576,2205 2046,2270"/>
                <Baseline points="2055,2303 2085,2301 2116,2299 2146,2297 2177,2295 2207,2292 2238,2290 2268,2288 2299,2285 2329,2283 2360,2280 2390,2278 2421,2276 2451,2273 2482,2270 2512,2267 2543,2265 2573,2263 2604,2260 2634,2257 2665,2255"/>
                <TextEquiv>
                    <Unicode>&amp; Cristina p di Schiltzler</Unicode>
                </TextEquiv>
            </TextLine>
            <TextLine id="r2l10" custom="readingOrder {index:9;}">
                <Coords points="2180,2361 2331,2338 2368,2352 2409,2323 2457,2338 2495,2332 2556,2313 2552,2269 2480,2288 2421,2277 2374,2291 2338,2281 2227,2293 2193,2332 2177,2333"/>
                <Baseline points="2185,2351 2211,2348 2237,2346 2263,2343 2289,2341 2315,2338 2341,2336 2367,2334 2393,2331 2419,2329 2445,2326 2471,2324 2497,2321 2523,2318 2550,2314"/>
                <TextEquiv>
                    <Unicode>al Valle di Roma</Unicode>
                </TextEquiv>
            </TextLine>
            <TextLine id="r2l11" custom="readingOrder {index:10;}">
                <Coords points="2387,2378 2410,2369 2499,2370 2549,2352 2593,2360 2693,2345 2689,2314 2651,2318 2634,2307 2574,2328 2532,2313 2491,2336 2465,2329 2384,2346"/>
                <Baseline points="2392,2370 2418,2367 2445,2365 2472,2362 2499,2359 2526,2355 2552,2352 2579,2349 2606,2346 2633,2344 2660,2341 2687,2339"/>
                <TextEquiv>
                    <Unicode>Roma, 3 notte.</Unicode>
                </TextEquiv>
            </TextLine>
            <TextLine id="r2l12" custom="readingOrder {index:11;}">
                <Coords points="2015,2440 2730,2374 2715,2315 2683,2345 2596,2361 2383,2384 2355,2366 2296,2393 2196,2367 2123,2409 2011,2399"/>
                <Baseline points="2020,2432 2055,2430 2090,2427 2125,2425 2160,2422 2195,2420 2230,2417 2266,2414 2301,2410 2336,2407 2371,2404 2406,2400 2441,2397 2476,2394 2512,2390 2547,2387 2582,2383 2617,2379 2652,2376 2687,2372 2723,2368"/>
                <TextEquiv>
                    <Unicode>cen „Gristinan di Arturo Schmicer</Unicode>
                </TextEquiv>
            </TextLine>
            <TextLine id="r2l13" custom="readingOrder {index:12;}">
                <Coords points="1983,2480 2741,2406 2715,2372 2575,2405 1980,2441"/>
                <Baseline points="1988,2473 2025,2470 2062,2467 2100,2464 2137,2461 2174,2458 2212,2454 2249,2451 2286,2447 2324,2444 2361,2441 2398,2437 2436,2433 2473,2429 2510,2426 2548,2422 2585,2418 2622,2415 2660,2411 2697,2408 2735,2404"/>
                <TextEquiv>
                    <Unicode>la Compagnia di Kiki Palmer, diretta</Unicode>
                </TextEquiv>
            </TextLine>
            <TextLine id="r2l14" custom="readingOrder {index:13;}">
                <Coords points="1993,2508 2603,2469 2649,2443 2739,2463 2718,2402 1991,2489"/>
                <Baseline points="1998,2510 2034,2506 2071,2503 2107,2500 2144,2496 2181,2493 2217,2489 2254,2486 2291,2482 2327,2478 2364,2475 2401,2471 2437,2468 2474,2464 2511,2460 2547,2456 2584,2453 2621,2448 2657,2444 2694,2440 2731,2435"/>
                <TextEquiv>
                    <Unicode>a Camilio Potte, ha debutato al var¬</Unicode>
                </TextEquiv>
            </TextLine>
            <TextLine id="r2l15" custom="readingOrder {index:14;}">
                <Coords points="2004,2548 2729,2475 2719,2441 2065,2522 2001,2511"/>
                <Baseline points="2009,2541 2044,2539 2080,2536 2116,2532 2151,2529 2187,2526 2223,2523 2258,2520 2294,2516 2330,2513 2366,2509 2401,2505 2437,2501 2473,2498 2508,2494 2544,2490 2580,2486 2615,2482 2651,2479 2687,2475 2723,2471"/>
                <TextEquiv>
                    <Unicode>ie 1a commedle, nuona per ie sene</Unicode>
                </TextEquiv>
            </TextLine>
            <TextLine id="r2l16" custom="readingOrder {index:15;}">
                <Coords points="1996,2570 2059,2584 2737,2516 2725,2474 2173,2549 1993,2541"/>
                <Baseline points="2002,2576 2038,2573 2074,2570 2111,2567 2147,2564 2184,2561 2220,2558 2257,2554 2293,2551 2330,2548 2366,2543 2402,2540 2439,2536 2475,2532 2512,2528 2548,2524 2585,2520 2621,2516 2658,2512 2694,2508 2731,2503"/>
                <TextEquiv>
                    <Unicode>vemane se non na conptnto del tutel</Unicode>
                </TextEquiv>
            </TextLine>
            <TextLine id="r2l17" custom="readingOrder {index:16;}">
                <Coords points="2002,2608 2158,2619 2200,2596 2745,2543 2734,2504 2667,2530 2000,2583"/>
                <Baseline points="2008,2609 2044,2606 2081,2604 2117,2601 2154,2597 2190,2594 2227,2591 2263,2588 2300,2584 2336,2581 2373,2577 2410,2574 2446,2570 2483,2566 2519,2562 2556,2559 2592,2555 2629,2551 2665,2548 2702,2544 2739,2540"/>
                <TextEquiv>
                    <Unicode>u perbice, ha rieoste Pattendlone do¬</Unicode>
                </TextEquiv>
            </TextLine>
            <TextLine id="r2l18" custom="readingOrder {index:17;}">
                <Coords points="2002,2648 2728,2588 2736,2546 2194,2598 2165,2620 2054,2608 2001,2632"/>
                <Baseline points="2007,2643 2043,2641 2079,2638 2115,2635 2152,2632 2188,2628 2224,2626 2261,2622 2297,2619 2333,2616 2370,2612 2406,2609 2442,2605 2478,2602 2515,2598 2551,2594 2587,2590 2624,2585 2660,2582 2696,2577 2733,2573"/>
                <TextEquiv>
                    <Unicode>vuta a uno scrittore per molti versi</Unicode>
                </TextEquiv>
            </TextLine>
            <TextLine id="r2l19" custom="readingOrder {index:18;}">
                <Coords points="2015,2680 2438,2652 2581,2615 2698,2624 2740,2608 2737,2580 2012,2655"/>
                <Baseline points="2020,2680 2055,2675 2091,2671 2127,2668 2162,2664 2198,2661 2234,2657 2269,2654 2305,2651 2341,2647 2377,2644 2412,2641 2448,2638 2484,2634 2519,2631 2555,2627 2591,2624 2626,2620 2662,2617 2698,2613 2734,2608"/>
                <TextEquiv>
                    <Unicode>meritevolissimo di riguardo. se pure</Unicode>
                </TextEquiv>
            </TextLine>
            <TextLine id="r2l20" custom="readingOrder {index:19;}">
                <Coords points="2011,2716 2745,2654 2736,2608 2669,2633 2637,2619 2009,2694"/>
                <Baseline points="2017,2714 2053,2709 2089,2706 2125,2701 2161,2697 2197,2694 2233,2690 2269,2686 2305,2683 2341,2679 2377,2676 2413,2673 2449,2670 2485,2667 2521,2664 2557,2660 2593,2656 2629,2652 2665,2649 2701,2645 2738,2640"/>
                <TextEquiv>
                    <Unicode>ai faclle riconosere in 4Crlstimas 1.</Unicode>
                </TextEquiv>
            </TextLine>
            <TextLine id="r2l21" custom="readingOrder {index:20;}">
                <Coords points="2024,2748 2200,2730 2232,2748 2437,2717 2457,2693 2689,2733 2787,2709 2780,2625 2593,2676 2022,2721"/>
                <Baseline points="2030,2750 2067,2744 2105,2740 2142,2735 2180,2731 2217,2727 2255,2723 2292,2720 2330,2716 2367,2713 2405,2710 2442,2708 2480,2705 2517,2702 2555,2700 2592,2698 2630,2696 2667,2694 2705,2693 2742,2691 2780,2690"/>
                <TextEquiv>
                    <Unicode>gredotto delreperotd mend rreintel</Unicode>
                </TextEquiv>
            </TextLine>
            <TextLine id="r2l22" custom="readingOrder {index:21;}">
                <Coords points="2022,2798 2052,2808 2080,2781 2156,2792 2215,2772 2261,2795 2291,2785 2289,2748 2258,2753 2197,2731 2127,2746 2073,2743 2061,2752 2020,2746"/>
                <Baseline points="2027,2777 2052,2775 2078,2773 2104,2771 2129,2769 2155,2768 2181,2767 2206,2766 2232,2766 2258,2767 2284,2768"/>
                <TextEquiv>
                    <Unicode>dell’autore.</Unicode>
                </TextEquiv>
            </TextLine>
            <TextEquiv>
                <Unicode>„OBSERVER
I. österr. behördl. konzessioniertes
Unternehmen für Zeitungs-Ausschnitte
WIEN, I., WOLLZEILE 11
TELEPHON R-23-0-43
Ausschnitt aus:
 Stampa Torne
—4 NON 1932
&amp; Cristina p di Schiltzler
al Valle di Roma
Roma, 3 notte.
cen „Gristinan di Arturo Schmicer
la Compagnia di Kiki Palmer, diretta
a Camilio Potte, ha debutato al var¬
ie 1a commedle, nuona per ie sene
vemane se non na conptnto del tutel
u perbice, ha rieoste Pattendlone do¬
vuta a uno scrittore per molti versi
meritevolissimo di riguardo. se pure
ai faclle riconosere in 4Crlstimas 1.
gredotto delreperotd mend rreintel
dell’autore.</Unicode>
            </TextEquiv>
        </TextRegion>
    </Page>
</PcGts>
