3484 4256
161 242 268 325 5
278 239 691 313 Liebelei
259 278 711 365 n en en e den een en .
819 227 1274 321 box 13/6
2698 176 2861 261 —
2405 184 2505 285 N
1737 383 2184 497 A S
2486 375 2619 510 2
2185 402 2287 519 D
1729 452 1866 536 8
1875 478 2005 577 S
1780 516 1870 577 2
2029 537 2078 599 6
1663 571 1836 632 4
1658 615 1836 666 S
1691 697 1802 748 4—
1560 807 1992 918 9— Nuns#
2128 850 2924 981 teag.-Gbet Pocge. Genkurg
1798 893 2139 985 S
2001 945 2635 1041 Jensenius-Skitser fra Premièren.
1608 1020 3088 1086 ER var to Partier, der stredes omVerdensoperette over Daaben. Man havde
2320 1086 3088 1149 udvidet Orkestret, man havde gjort sig
1528 1067 2296 1164 □□ Masten indenfor Det ny Teaters
2320 1137 3092 1196 megen Umage for at fremtryile den rig¬
1527 1144 2301 1214 Publikum i Aftes: Schnitzlervennerne og
2311 1191 3104 1240 tige Wienerstemning fra Tournure-Tiden
1533 1195 1893 1262 Operettevennerne.
2348 1228 3097 1296 og Skuespillerne havde taget deres Op¬
1551 1232 2307 1308 Schnitzlervennerne sad blege af Forar¬
2315 1284 3083 1349 gave uhyre alvorligt. En henrivende En¬
1522 1287 2302 1351 gelse over, at man havde forgrebet sig
2324 1324 3092 1381 semblekunst som den, mam i sin Tid saa
1522 1326 2298 1407 paa Digterens elegante og ubarmhjertige
2308 1375 3104 1447 1 „Jomfruburet“ — det er vel saadan en
1535 1385 2307 1444 Skuespil og forvandlet det til Wienerope¬
2297 1421 3121 1484 Sukces, Teatret drommer om — saa man
1535 1434 2299 1493 rette med Sukkerkringlei og Glycerintaa¬
2307 1468 3099 1533 ikke, men al Respekt for Erling Schroe¬
1534 1484 2294 1548 rer. Operettevennerne derimod var hen¬
2313 1513 3094 1582 der, der var den netteste Wienerlejtnant,
1525 1519 2307 1580 rykte, fordi det nu engang ikke synes, at
2315 1571 3091 1634 man kunde teenke sig og i sin store Arie
1532 1580 2308 1646 Livet kan udtrykkes smukkere og sandere
2319 1612 3102 1674 havde det rigtige internationale Snit over
1528 1628 2306 1691 end i smeltende Toner og med smaegten¬
2321 1659 3095 1724 sig — for Else Jarlbak, der sang nydeligt
1527 1666 2307 1730 de Blikke. Teatret skal altsaa ikke regne
2319 1724 3097 1775 og virkelig mindede om et Daguerretypi
1533 1722 2316 1782 Schnitzlervennerne men det har de
2315 1759 3095 1827 fra de gamle Dage, for Clara Oste, der
1536 1774 2310 1830 Herrer Ivar Schmidt og Schenberg nok
2326 1815 3109 1869 gaar frem i Lune og Naturlighed, for hver
1535 1824 2307 1888 heller ikke gjort. De haaber sikkert paa,
2316 1860 3101 1922 Rolle, hun faar — og. Aftes tog os allt¬
1538 1861 2318 1934 a“ der endnu findes saa mange Operette¬
2325 1908 3107 1967 sammen om Hjertet som den lille Mizzi
1535 1910 2313 1982 venner i Kobenhavn, at Teatret kan fyl¬
2319 1952 3100 2008 Schlager, — men forst og fremmest for
1532 1963 2304 2034 des Aften efter Aften af et Publikum, der
2326 2006 3100 2067 Holger Reenberg, der som den gamie Vio¬
1530 2009 2318 2074 tror, at Schnitzler er en Ret og kan hin¬
2318 2046 3109 2120 linist repraesenterede Memneskeligheden
1539 2071 2311 2131 give sig til en ubetinget Nydelse af San¬
2319 2101 2995 2175 midt 1 Operette-Sentimentaliteten.
1539 2109 2309 2183 gene, Optränene og den rerende Historie.
1559 2157 2313 2217 For os Neutrale, der ikke tager Schnitz¬
1524 2211 2321 2271 ler alt for heitideligt, og til Gengseld ikke
2404 2190 3106 2292 Et undefuldt Talent i Sving.
1529 2256 2330 2327 er fanatiske Operettebeundrere, var det en
2345 2278 3104 2345 Mogens Dam herer aabenbart til de
1541 2311 2319 2365 noget blandet Aften. Begyndelsen var
2337 2334 3116 2398 rigtige Operettevenner, for han har haft
1540 2366 2312 2418 bedst med de brogede Optrin fra det keere
2327 2380 3115 2442 sit yndefulde Talent i fuldt Sving, da han
1543 2407 2311 2460 Wien, fra Veeddelobsbanen og de smaa
2321 2437 3106 2500 foretog Overssettelsen. Emanuel Gregers
1540 2450 2321 2512 Heurigen-Haver — men de den unge Vin
2335 2474 3114 2547 skal roses for Iscenesettelsen, den gamle
1541 2508 2311 2560 var drukket, begyndte vi unsegtelig saa
2323 2531 3110 2594 Heurigen-Ven Carl Lund for sine Deko¬
1540 2551 2320 2605 smaat at kede os .. hvilket ikke skal
2330 2580 3117 2645 rationer, Holger Bjerre for Dansene, Ka;
1540 2592 2320 2653 hindre os i at konstatere, at Hundreder
2334 2622 3114 2696 Rosenberg med lidt mere Reservation for
1542 2650 2314 2709 af Lommeterkleeder omkring os var driv¬
1534 2676 3109 2771 vaade under den store, rerende Scene 1 Ledelsen af orkestret ... og lad os saa
2312 2716 3113 2805 til Slut prise Carl Strakosch, der skaffer
1536 2739 1771 2817 sidste Akt.
2331 2770 3123 2833 Kobenhayn den ene internationale Ur¬
1834 2784 2321 2850 Huad der var gjort.
2327 2817 2846 2897 première efter den anden.
1565 2862 2314 2922 Teatret har virkelig felt Forpligtelser¬
2338 2882 3129 2966 Om Stykkets Skeebne er det lidt svaert
1538 2909 2322 2975 ne ved at blive udvalgt til at holde en ny
2318 2933 3116 3001 lat udtale sig men vi er nu mest til¬
2324 2982 3110 3040 bejelige til at holde paa Operettevenner¬
2318 3022 2676 3112 nes absolute Seir.
2720 3060 3082 3155 JORGEN BAST.
1574 3116 1713 3180 20
1606 3129 1917 3259 ## #
1990 3189 2208 3289 □
1573 3316 1759 3519 X0
1719 3604 2030 3713 20
1686 3651 1769 3708 S4
1819 3671 1861 3718 21
1686 3683 1782 3741 2
1681 3672 1965 3775 S
1661 3749 1889 3823 S
1789 3757 2091 3876 —
2035 3832 2099 3909 3
1557 3940 2304 4051 G— Sese
