3484 4256
518 195 851 262 Liebele
972 181 1468 283 box 12/6
334 193 912 310 5. S
557 809 1178 917 Ausschnitt allledenhurg
1183 823 1509 928 er. Zeitung
571 890 742 977 vom:
897 1025 1218 1130 Theater.
546 1063 694 1188 14
594 1168 1534 1239 Der Freitagabend war ein „Schnitzler¬
565 1213 1522 1276 Abend“ Es wurde dieses modernen Schrift¬
566 1280 1538 1329 stellers „Liebelei; gegeben. Der Widerstreit der
558 1326 1524 1392 leichten, flatterhaften, nnechten mit der ernsten
561 1373 1525 1429 tiefen, echten Liebe; oder Liebelei und Liebe.
555 1424 1530 1497 Ein junges, reines, aber armes Mädchen ver¬
544 1474 1534 1529 liebt sich in einen flotten, leichtfertigen jungen
541 1527 1534 1582 Mann aus gutem Hause. Glücklich in ihrer
537 1577 1527 1639 ersten, echten und großen Liebe, ovfert sie
527 1652 1478 1741 ihm Alles. Während das ganze Milien diev
523 1702 1429 1786 echte Liebe, die Liebelei als ein Postulat
533 1753 1375 1824 Daseinsfreude betrachtet, geht sie in
529 1817 1412 1875 echten, großen Liebe auf und daran zugr.
537 1863 1503 1937 Ihr Geliebter, den sie wie einen Gott ange##
541 1905 1529 1985 fallt im Duelle wegen der Frau eines Andern;
528 1959 1522 2042 und sie, die ihm alles geopfert, darf ihn nicht
529 2010 1530 2083 einmal im Tode mehr sehen, nicht einmal zu
527 2045 1005 2121 seinem Grabe wallen.
1004 2063 1528 2135 — Die Handlung wäre
521 2104 1532 2184 mager zu neunen, wenn der dramatische Dialog
534 2145 1520 2230 nicht für ihre Ergänzung sorgen würde. Er
533 2197 1531 2280 ist gewiß interessant, leidet aber manchmal an
528 2258 1529 2327 der notwendigen Kürze, sowie an lebhaften
528 2289 1533 2381 Wendungen, erscheint auch zerrissen durch sich
527 2358 1527 2424 kreuzende Fragen und Antworten und verirrt
535 2394 1523 2480 sich hie und da in die Breite. — Die Auf¬
532 2448 1527 2533 führung war zu schleppend; wohl eine Folge
536 2508 1515 2560 des schwachen Besuches, welcher auf die Am¬
525 2558 1520 2631 bition der Darsteller lähmend wirken mußte.
520 2604 1519 2665 Fri. Lili Weinberger, in der Rolle der
531 2639 1521 2729 „Christine“ gab sich gleich von allem Anfange
535 2701 1531 2787 zu resigniert, bot aber im III. Akte eine sehr
518 2756 1526 2827 respektable, dramatische Leistung Sie zeigte,
530 2799 1519 2879 daß sie die Skala der Empfindungen beherrscht.
518 2839 1527 2921 Hr. Juhn stattete den Theatermusiker Wei¬
526 2894 1526 2964 ring mit natürlichen Zügen aus Lebhaft
530 2953 1524 3017 und frisch war Frl. Hohlstein. Hr. Ottokar
523 2995 1524 3076 Klang weist gute Qualitäten auf, hatte aber
532 3041 1524 3119 keine rechte erste Liebhaberrolle, als „Theodor“
532 3097 1519 3166 Gut war Frl. Kühnau als „Frau Binder:
528 3131 1520 3218 Hr. Grünwald („Fritz“) war befriedigend,
522 3178 1526 3272 wollte oder konnte aber seine Rolle nicht voll
533 3236 1524 3308 ausnützen. Stück und Darstellung fanden gute
528 3298 1518 3359 Aufnahme. Wir glauben, den schwachen Theater¬
526 3329 1523 3418 besuch auf die „Künstler=Abende“ im Kasino
531 3384 1522 3465 zurückführen zu sollen. Nun, die Kunstaus¬
535 3442 1515 3518 stellung wird demnächst geschlossen. Empfehlens¬
523 3480 1543 3566 wert aber wäre es, die Theatervorstellungen
523 3555 1549 3639 um eine halbe Stunde später beginnen zu
521 3579 701 3644 lassen.
2161 407 3112 508 Ausschnitt aus: Gaere
2159 470 2339 552 vom:
2506 473 2707 573 Mal 1976
2762 501 3199 602 Teeuun
2166 538 2370 632 S
2139 674 3224 829 Theater, Literatn und Kunst.
2156 802 3208 893 Deutsches Theater, Zielona 17. „Liebelei“,
2129 866 3211 934 Schauspiel in drei Akten von Artbur Sehnitaler
2142 912 3204 994 Wenn ich aufrichtig sein soll, so muss ich ge¬
2134 965 3207 1046 stehen, dass mir der Zusammenhang des Titels
2128 1013 3203 1073 mit den Ereignissen im Stücke nicht recht klar
2130 1065 3210 1137 hervortritt. Christine Weiring, eines der „lieben
2126 1100 3204 1193 süssen Mädel“ geht zugrunde, nicht weil sie
2128 1150 3206 1237 zu leichtfertig ein Verhältnis mit einem jungen
2134 1198 3205 1269 Stud. jur. angeknüpft hatte, eine „Liebelei“, aus
2120 1240 3214 1322 der sich eine tiefe, das Leben des Mädchens
2131 1291 3203 1372 vernichtende Leidenschaft herausbildet, sondern
2134 1340 3212 1422 weil ihr Liebhaber das Pech hat, sich von einem
2116 1396 3197 1461 Ehemann, dessen Gemahlin auf ihn einen ver¬
2123 1441 3200 1531 hängnisvollen Einfluss ausübt, im Zweikampf
2124 1485 3188 1553 erschiessen zu lassen. Würde Christine die ehe¬
2122 1538 3204 1607 liche Gattin und nicht „Liebelei“ des Herrn
2113 1583 3207 1669 Fritz Lobheimer gewesen sein, so könnte sie
2102 1716 3183 1789 ebenso gut vom harten Schicksal getroffen
2113 1792 3176 1861 werden. Wo ist ihre Schuld? Wo ist die Moral
2112 1837 3191 1903 des Stückes? Soll man sie etwa in den vom
2110 1885 3189 1959 Regisseur gestrichen Worten Theodors sehen.
2115 1936 3184 1997 „Du musst Dein Glück suchen, wo ich es bis¬
2107 1983 3188 2039 her gesucht und gefunden habe, dort, wo es
2114 2021 3186 2092 keine grossen Szenen, keine Gefahren, keine
2112 2080 3190 2146 tragischen Verwicklungen gibt, wo der Be¬
2103 2133 3186 2186 ginn keine besonderen Schwierigkeiten, und
2097 2170 3185 2239 das Ende keine Annalen hat, wo man lächelnd
2096 2227 3181 2286 den ersten Kuss empfängt und mit sehr sanfter
2107 2270 3187 2338 Rührung scheidet.“ Das wäre doch zu banal.
2105 2320 3188 2370 Es bleibt im Stücke trotz allem etwas Unbellag¬
2102 2370 3181 2417 liches, etwas, das den Zuschauer nicht befrie¬
2098 2411 3188 2481 digt. Fritz erscheint als pathologisches Phäno¬
2096 2462 3188 2529 men eines modernen, nervösen, von „ewigen
2100 2515 3187 2582 Aufregungen und Martern“ gequälten jungen
2106 2555 3185 2628 Mannes sehr interessant, erregt aber kein be¬
2096 2601 3194 2661 sonderes Mitleid beim Publikum. Er bewegt
2105 2658 3196 2736 sich zu stark in den Bahnen der lbsenschen
2098 2700 3184 2760 Fatalistik, ohne die Ei, eit jener Gestalten zu
2095 2757 3179 2818 haben, die uns bei den orwegischen Dichter
2096 2799 3189 2859 frappiert. — Die Aufführung war glänzend.
2098 2847 3184 2900 Vor allem sei festgestellt, dass der neue Spiel¬
2105 2901 3189 2963 leiter Herr Hugo Martin, der auch die Rolle
2097 2952 3177 3011 des Hans Weiring spielte, in der einen wie in
2102 2997 3175 3059 der anderen Funktion, als Akteur und Regisseur,
2102 3044 3180 3095 tadellos war, und wir können der Direktion des
2099 3092 3186 3155 Apollo-Theaters nur gratulieren, eine solche
2094 3146 3180 3205 bewährte und erfahrene Kraft engagiert zu
2096 3191 3188 3234 haben. Frl. Lotte Bertran spielte ihre Rolle
2095 3238 3175 3307 ausgezeichnet. Sie war in ihrem Kummer und
2098 3273 3178 3332 Leiden so hinreissend, dass sie die Sympathie
2106 3332 3187 3375 der Zuschauer, die sich anfangs etwas reserviert
2094 3382 3174 3444 hielten, in vollem Masse errang. Frl. Emmy
2099 3427 3178 3492 Bogner als Mizzi brachte durch ihr heiteres
2094 3475 3179 3537 ungeniertes Wesen den wahren Typus des
2106 3526 3171 3586 „lieben süssen Mädels“ zum richtigen Ausdruck.
2098 3571 3169 3624 Ihe sekundierte vortrefflich Herr Hans Gregor
2098 3624 3163 3680 (als Theodor). Herr Rudolf Klausner als un¬
2097 3678 3169 3732 genannter Herr hatte die richtige Maske der
2098 3718 3172 3764 lbsenschen Schicksalsfiguren. Endlich Hess sich
2098 3768 3167 3844 auch Herr Heinz Wittels von seiner besten
2091 3807 2587 3864 Seite kennen lernen.
2952 3816 3143 3888 —Nr.
