3436 4256
1000 151 1440 244 box 10/4
510 157 871 231 iebelei
302 172 984 266 5. K . nen ae
1312 965 2286 1031 .. wil wollen ale L. Masse bestimmt, ein rasch sec "
1171 968 1255 1034 0.
2290 982 2368 1063 1
976 1055 2634 1111 wechselten in bunter Folge. Eine im= Herren Klein=Rohden und Sick, sowie Fräulein Sanden
888 1073 926 1118 7
1688 1093 2636 1145 spielten nicht schlecht; aber sie interessirten nicht. Herr Ger¬
1065 1112 1686 1175 #ung über einen Texanischen Cow¬
1681 1142 2625 1200 lach erweckte an einer sehr ernsten Stelle durch ein paar un¬
872 1087 1677 1208 7 7 r Hochpiraten bildete den Beschluß
1685 1173 2635 1226 geschickt geschrieene Worte eine unerwünschte Heiterkeit.
868 1156 983 1245 2%
1037 1196 1675 1252 #nter den Klängen der „Wacht am
1680 1215 2636 1272 Nach jedem Aufzug freundlicher Applaus. Sogar Blumen
967 1207 1673 1282 %# 7 Passagiere das Schiff, das, begleitet
845 1240 929 1314 7
1681 1256 2624 1310 u. dgl. wurden auf die Bühne gereicht, ein Beweis, daß es
953 1238 1671 1320 22: / 7Künschen, wenige Tage später die jetzt
1680 1290 2638 1341 auch in unserer prosaischen Zeit noch phantastische Köpfe
914 1286 1674 1362 ## 7# nach der Heimat antrat. — Wünschen
1673 1332 2629 1380 oder Herzen gibt .... Im Ernste: das „Deutsche Theater“
816 1330 1638 1419 ch#  echiffe auch weiterhin glückliche Fahrt!
1685 1373 2637 1421 muß sein Personal verbessern oder es wird sich nicht halten
981 1376 1679 1443 Zsches. Im Zorn. Sonntagsjäger
1675 1416 2635 1463 können. Mit einem viertel oder halben Dutzend begabter
821 1374 1593 1479 #%%%4 davonlaufen): „Feige Bande!“:
1681 1457 2640 1500 Anfänger kann eine Bühne für das Münchner gebildete
880 1456 1683 1531 % und. Geschäftsmann: „Ich begreife nicht,
1687 1490 2634 1543 Publikum nicht bestehen. Dieses Publikum ist an die Leist¬
911 1502 1687 1557 herer Prinzipal mir so einen Erzfaulenzer, wie
776 1513 848 1583 7
1685 1527 2635 1572 ungen des Hofschauspiels gewöhnt: und so Viel gegen das
767 1539 1678 1602 ½ 6„ehlen konnte!“ — Kommis (gemüthlich): „Na,
1691 1568 2645 1621 Letztere auch einzuwenden ist — jeden entferntesten Ver¬
846 1586 1679 1642 ch 'n Konkurrent von Ihnen!“ —— Ver¬
1684 1603 2638 1667 gleich mit diesem „Deutschen Theater“ darf es lächelnd
737 1623 1682 1677 #spirt. Vater (im Eifer): „ Laura, nimm Dir ja
1686 1650 1936 1710 zurückweisen.
810 1662 1684 1723 Zggescheidten Mann — Deine Mutter hat leider nur
1381 1695 1420 1726 7
1707 1683 2646 1743 m. Wiener Richard Wagner=Verein. Man schreibt
753 1695 1441 1764 /778 Geld geseh'n.“ („Fliegende Blätter.
1672 1723 2649 1778 uns aus Wien: Hugo Wolfs Lieder, deren Verbreitung
1687 1772 2639 1827 der hiesige rührige Wagnerverein zu seinen Aufgaben
784 1772 1679 1862 Theater und Musik.
1688 1808 2638 1864 zählt, eröffneten auch heuer wieder die vornehmen musikal¬
1692 1846 2648 1897 ischen Veranstaltungen dieses Vereins. Neben Liedern von
770 1850 1672 1903 bl. B. Deutsches Theater. Dienstag, zum ersten Male:
1699 1896 2632 1937 Wagner und Liszt sang Frl. Klementine Schönfield aus
756 1893 1685 1944 „Liebelei“, Schauspiel in drei Akten von Arthur Schnitz¬
1694 1934 2643 1979 München eine Gruppe feinsinnig gewählter Lieder Wolfs
759 1929 1680 1983 ler. — Zwei junge Männer und zwei junge Mädchen:
1695 1960 2634 2021 und exweckte sowohl durch deren geist= und temperament¬
758 1970 1680 2022 Theodor und Mizi nehmen's nicht ernst mit ihrer Liebelei,
1691 2001 2645 2071 vollen Vortrag, wie durch die künstlerische Behandlung
753 2009 1687 2065 Fritz ist in Christine ein wenig verliebt und Christine liebt
1686 2046 2327 2105 ihres schönen Organs lautesten Beifall.
751 2057 1684 2106 ihn aus tiefem Herzen. Fritz hat noch eine andere Liebelei,
753 2088 1687 2138 mit einer Frau. Der Mann dieser Frau tödtet ihn im
749 2120 1689 2186 Zweikampf. Und als Christine erfährt, daß er gestorben
1848 2127 2489 2221 Kunstchronik.
750 2164 1688 2229 und warum er gestorben, da geht sie in den Tod. — Es ist
751 2202 1695 2264 ein gutes, feines, sympathisches Werk. Es aufgeführt zu
1738 2208 2651 2259 * Kunstausstellung im Glaspalaste. Fernere Ver¬
759 2244 1692 2303 haben, ist ein Verdienst des „Deutschen Theaters“. Es nicht
1704 2245 2652 2299 käufe an Private: Cyrus Johnson (London): „Schwere
756 2287 1686 2335 aufgeführt zu haben, ist eine unbegreifliche Unterlassung
1696 2285 2640 2342 Lektüre", Oelgemälde; G. Mayr (München): „Weiblicher
703 2329 1679 2374 n- des Hoftheaters. Wohl sprechen die jungen Wiener und
1697 2335 2645 2394 Studienkopf“ Radirung; Hrch. Seufferheld (Stuttgart):
758 2356 1676 2410 Wienerinnen in diesem Stücke die freie Sprache der Wahr¬
1702 2359 2153 2430 „Blumenwiese“, Radirung.
759 2408 1688 2450 heit. Erröthet etwa davor die Muse des Hoftheaters, die
1712 2406 2635 2473 B.Künstlerhaus in Salzburg. Erzherzog Otto ist,
752 2439 1696 2491 doch geldbringendem literarischem Unwerth gegenüber eine
1694 2467 2650 2519 wie man uns aus Salzburg berichtet, dem dortigen
741 2484 1687 2547 Madame sans géne ist? Auf der Hofbühne hätte es ent¬
1692 2493 2312 2563 Kunstverein als Mitglied beigetreten.
762 2517 1687 2565 sprechend dargestellt werden können — während die Auf¬
1757 2522 2651 2599 Ein neuet Correggio. Unter den Gemälden, die
760 2561 1697 2610 führung am „Dautschen Theater“ es vergröbert und ver¬
1698 2579 2649 2632 der kgl. Pinakothek zu Mailand von dem dortigen Erz¬
764 2591 1691 2648 flacht hat. Vergröbert durch die allzu derbe Auffassung der
1711 2620 2648 2688 bisthum überlassen worden sind, findet sich auch eine „An¬
752 2637 1686 2710 „Mizi“. Frl. Timling sah nicht jung, nicht frisch genug
1697 2662 2653 2711 betung der Hl. Drei Könige, die nach dem Urtheil des
756 2680 1693 2737 aus, ihr Ton wie ihre Toilette waren zu aufdringlich; diese
1699 2693 2649 2744 Galeriedirektors Bertini und anderer Fachmänner zweifel¬
765 2714 1687 2764 „Mizi“ stand eine Stufe zu tief; eine solche Person kann nicht
1707 2738 2649 2792 los als ein Jugendwerk Antonio Allegris da Correggio
752 2752 1685 2800 die Freundin der trotz aller Schuld unschuldigen Christine
1701 2781 2646 2833 anzusehen ist. Das Bild ist auf Leinwand gemalt, hat die
767 2796 1690 2840 sein. Aber gut durchgeführt war die falsche Auffassung;
1700 2809 2648 2873 Größe von 1,08X0,84 Meter, enthält über 20 Figuren
761 2830 1693 2877 Fräulein Timling kann spielen. Verflacht erschien die Rolle
1708 2858 2648 2913 voll Leben und Ausdruck in einer sonnigen Landschaft und
765 2862 1711 2919 der „Christine" durch die Sentimentalität, welche Fräulein
1699 2902 2642 2949 zeigtigleich Correggios übrigen Jugendarbeiten noch den
762 2910 1695 2956 Renier, an Stelle des Gefühls setzte. In der ersten Hälfte
1704 2935 2648 2985 Einfluß der Montagna'schen Schule. Der Zeit nach setzt
762 2952 1699 3010 des dritten Aktes, besonders bei Empfang der Todesnach¬
1701 2971 2647 3020 Bertini das Bild zwischen 1513 und 1514, vor die be¬
759 2982 1699 3039 richt, hatte sie einige sehr gute Momente; in dem — auch
1703 3015 2653 3059 rühmte Madonna di San Francesco im Dresdener
764 3019 1696 3068 vom Rutor zu sehr gedehnten — Schlusse fiel sie wieder in
1706 3049 2660 3120 Museum, die bisher als Correggios erstes größeres Werk
772 3064 1689 3115 die Konvention. Herr Schmidt=Häßler, als Christinens
771 3090 2040 3160 alter Vater, machte den Eindruck eines begabten jungen galt. („Köln. Ztg.)
762 3131 1729 3209 Schauspielers, der sich als alter Mann verkleidet hat. Die!
1200 3195 1676 3407 55
