3436 4224
287 196 690 270 Liebelei
830 189 1277 302 box 13/8
162 188 707 314 5. 1
652 1262 1058 1385 GRATIS
791 1393 1196 1503 BSERVER“
961 1464 1270 1563 seile Nr. 1:
899 1538 1205 1620 # 3.0-43
767 1763 1044 1863 82 E3
450 1835 637 1917 Lap; —
698 1845 1086 1980 N 002 K
542 1951 1271 2040 *Schnitzler szobrot kap Bécsben.
501 2000 1332 2064 bschi Cettage-villanegyedben, ahol a költö
506 2035 1333 2101 lakott, legközelebb felällitjäk Schnilzler
512 2082 1331 2152 Artür szohrät Ugyanaz a Jdray Sündor
504 2120 1339 2178 szobräsz Rszitette, akinek Kainz szokra
517 2155 1357 2229 mär régôta äll ugyancsak a Cottage egyik
518 2208 850 2286 kis barkjäban.
2472 45 2558 135 8
2064 119 2586 180 WIEN. I., WOLTTEILE
2106 151 2573 217 TELEPHOIE R-23-0-43
1913 293 2290 378 Ausschnitt aus:
1936 528 2063 590 vom:
1926 675 2900 785 Abschied von Wien.
1799 755 3029 846 Aus dem schneebedeckten Wienerwald in das
2116 826 2710 905 Land der Pyramiden.
2221 929 2585 1006 Gustav Waldau.
2211 983 2609 1079 Arus einem Gespräch.
1885 1036 3016 1143 Wenn man, nun schon zums# und sovieltenmal, wieder
1787 1103 3031 1191 einmal von Wien Abschied nehmen muß, so beschleicht einem
1790 1155 3029 1234 jenes melancholische, echt wienerische Gefühl der Wehmut, das
1791 1216 3031 1273 in Artur Schnitzler seinen Dichter gefunden hat. Man wandelt
1801 1253 3030 1330 noch einmal durch die stillen Straßen der Inneren Stadt, führt
1798 1303 3031 1374 zum letztenmal hinaus in die Vorstädte an den Abhängen des
1803 1342 3028 1434 schneebedeckten Wienerwaldes und freut sich, rückblickend über
1810 1399 3034 1471 die Zeit, die man i# tünstlerischer Arbeit in Wien verbringen
1793 1444 3033 1520 durfte, wenn sie auch diesmal kürzer war und nicht jene Aus¬
1794 1503 3028 1558 breitung annehmen konnte, die man#ch gewünscht und erwartet
1804 1544 3029 1623 hatte. Als Aktivum nehme ich von meiner Tätigkeit im Theater
1794 1590 3050 1659 in der Josefstadt die Freude mit, daß ich den Hofrat in Hanns
1799 1651 3030 1702 Saßmanns Steuerstück spielen konnte, eine Rolle, die ich sehr
1800 1695 3030 1745 gern übernommen habe und auch noch in München zu spielen
1795 1735 3024 1804 hoffe. Trotz der kurzen Dauer der Aufführungen in Wien bin
1802 1787 3031 1865 ich nicht in meiner Ueberzeugung erschüttert worden, daß die
1803 1833 3032 1903 Steuerkomödie Saßmanns ein äußerst wirksames Theaterstück
1799 1879 3037 1940 ist. Sehr bedauern muß ich natürlich, daß ich den Musiker
1802 1919 3037 2008 Weyring in Schnitzlers „Liebelei“ nicht spielen konnte. Aber
1804 1978 3027 2039 es hatte sich nun einmal heuer alles gegen eine längere Dauer
1808 2029 2430 2107 meines Gastspiels verschworen.
1895 2072 3033 2138 Man weiß ja, daß ich deshalb vorzeitig aus Wien scheide,
1792 2127 3029 2190 weil eine Erkrankung meiner Frau einen Erholungsurlaub im
1797 2166 3036 2258 Süden notwendig macht, Ich nehme auch in dieser Beziehung
1794 2232 3031 2308 von Wien eine glückliche Erinnerung mit, da ein Wiener
1795 2268 3023 2346 Arzt, Professor Paul Werner, durch eine äußerst gelungene
1791 2314 3036 2408 Operation das Meisterstück zustande gebracht hat, meine Frau
1807 2378 3044 2432 in dem unglaublich kurzen Zeitraum von vierzehn Tagen soweit
1790 2411 3031 2490 herzustellen, daß sie mit mir schon dieser Tage die Reise nach
1794 2472 3033 2523 dem Süden antreten kann. Die Genesung meiner Frau ent¬
1805 2505 3036 2588 schädigt mich jedenfalls für die Schatten kleiner beruflicher
1810 2560 3037 2637 Unannehmlichkeiten, die mir in diesem Jahre beschieden waren.
1896 2610 3034 2682 Bemerkenswert ist, daß ich diesmal nicht wie sonst nach
1791 2668 3035 2756 München zur Bühne zurückkehre, sondern eigentlich meine erste
1795 2708 3027 2789 große Filmrolle spiele. Es ist interessant, daß sich mir erst nach
1798 2759 3033 2817 über dreißigjähriger Bühnentätigkeit eine derartige Gelegenheit
1810 2815 3036 2870 bietet. Mein erstes Filmauftreten in einer größeren Rolle, in dem
1796 2848 3034 2938 Lustspiel „Der Mann mit Herz“ hatte meine Eignung für den
1810 2892 3033 2973 Tonfilm erwiesen, so daß mir jetzt eine Reihe größerer Anträge
1802 2941 3038 3010 vorliegt, von denen ich, in erster Linie meiner Frau zuliebe, die
1803 2989 3036 3062 Berufung zu dem in Aegypten spielenden Filmlustspiel „Saison in
1813 3040 3033 3118 Kairo“ angenommen habe. Ich werde Donnerstag in Genua das
1805 3078 3033 3155 Schiff nach Aegypten besteigen, auf dem ich mit den übrigen
1810 3127 3037 3212 Hauptbarstellern des Films, mit Renate Müller, Marga Lion und
1810 3195 3030 3243 Willi Fritsch, zusammentreffen werde. Wir werden drei Tage unter¬
1809 3220 3027 3297 wegs sein und uns dann sofort in die Aufnahmen stürzen, die mir
1814 3266 3035 3342 eine Reihe bisher ungewohnter Aufgahen zumuten. So werde ich
1816 3319 3030 3389 in Zylinder und Cut auf einem Kamel durch die Wüste reiten, ein
1810 3376 3027 3430 andermal gemeinsam mit Marga Lion, meiner Partnerin im Film,
1813 3408 3045 3484 einen weißen Esel besteigen. Ich fürchte mich, daß man mir, wenn ich
1811 3457 3028 3530 erst einmal in Aegypten angelangt bin, auch zumuten wird, auf
1809 3518 2299 3585 einem Krokodil zu reiten.
1912 3522 3033 3612 Ich freue mich zwar, aus der großen Kälte, die gegenwärtig
1812 3611 3025 3665 in Wien herrscht, in wärmere Gegenden zu gelangen. Der
1811 3636 3035 3700 Trennungsschmerz bleibt aber dennoch unvermindert, da ich mich
1808 3684 3022 3748 in Wien wirklich wie zu Hause gefühlt habe. Ich werde jetzt einen
1810 3731 3027 3810 Monat in Aegypten bleiben, wo sich hoffentlich meine Frau in dem
1810 3793 3025 3840 warmen Klima vollständig erholen wird. Nach Vollendung der
1804 3825 3023 3887 Außenaufnahmen geht es zum 1. März nach Berlin, wo der Film
1810 3885 3036 3935 durch die Atelieraufnahmen ergänzt werden wird. Mitte März kehre
1805 3919 3029 3997 ich dann nach München zurück, wo ich zunächst die Rollen meines
1805 3972 3034 4031 Repertoires darstellen werde. Dann trennen mich eine Reihe von
1813 4013 3035 4087 Monaten von einem neuerlichen Wiedersehen nach Wien, wo ich
1812 4060 3045 4133 meine Tätigkeit durch ein Rundfunkauftreten im „Blaufuchs“ be¬
2500 4107 3031 4148 Rufenthalt wird sich hoffent¬
2205 4112 2497 4166 Hächtter Mienar
