3436 4256
932 160 1376 257 box 12/2
432 170 794 246 iebelei
237 162 939 275 5. LIELEL.
135 1011 866 1081 sterr. behördl. konz. Onternomser.
141 1056 934 1130 itungs-Ausschnitte und Bibliographien
145 1117 904 1228 en, I. Concordiaplatz 4
291 1194 671 1271 Vertretungen
144 1247 935 1304 in, Budapest, Chicago, Christiania, Genk,
149 1292 930 1364 agen, London, Madrid, Mailand, Minne¬
162 1343 925 1396 New-York, Paris, Rom, San Francisco.
221 1380 730 1438 Stockholm, St. Petersburg.
219 1426 739 1501 (Quellenangahe ohne Gewühr.)
141 1471 419 1569 Ehnitt aus:
189 1564 919 1686 A Parespost. Graz
568 1664 611 1703 9
409 1657 559 1719 S
414 1679 762 1758 Abendblatt
992 1774 2051 1855 Symbol ist für unserer Seele Launen“. Auch in den
158 1809 791 1916 Theater und Musik.
992 1843 2044 1897 meisten übrigen Dramen des Dichters treten seine Ge¬
990 1894 2044 1964 stalten nie plötzlich aus dem Dunkel hewvor, tauchen
548 1886 939 1984 Graz, 11. April.
1002 1950 2039 2013 in Dämmerlicht und verschwinden wieder im Dunkel,
262 1932 635 2033 Stadttheater.
988 1991 2047 2052 wie Rudolf Lothar in seinem Buche „Das deutsche
139 1990 967 2088 und der Tod. Von Hugo v. Hofmanns¬
989 2041 2048 2096 Drama der Gegenwart“ treffend bemerkt. — An lyri¬
173 2065 903 2137 Liebelei. Von Artur Schnitzler.
978 2101 2053 2164 schen Schönheiten fehlt es dem Drama nicht, aber diese
151 2116 965 2198 piel der Mitglieder des k. k. Hofburgtheaters
989 2143 2047 2203 erschließen sich doch nur erst bei der Lektüre. Im
338 2161 534 2236 in Wien.
990 2197 2053 2255 Sprechen, namentlich wenn die Deutlichleit mangelt —
137 2215 970 2278 ste Vorstellung wurde uns Hofmannsthals
985 2241 2050 2321 und darüber hatte man sich gestern, mit Rücksicht auf
148 2271 969 2344 nd der Tod“ aufgeführt. Aufgeführt? Nein,
982 2291 2045 2358 den großen Bühnenraum, oft zu beklagen — bleibt
143 2319 966 2392 hen, denn das kleine Werk ist bloß ein
984 2337 2043 2412 vieles unklar. Eine nennenswerte dramatische Wirkung
143 2374 971 2437 r von Monologen, von dramatischer Hand¬
980 2389 2047 2446 auf das Publikum ist selbst dann kaum zu erwarten,
142 2423 970 2489 Spur. Eine Art Faust in kleinstem Format,
977 2438 2041 2510 wenn jede Silbe der gerühmten Wortkunst Hofmannsthals
143 2477 974 2543 nst, Verse oft wunderbar schön und über¬
980 2500 2039 2561 deutlich an die Ohren schlägt. Man klatschte wohl Bei¬
141 2520 967 2583 dern, doch allzuoft auch gesucht, schwer ver¬
977 2544 2047 2613 fall am Schlusse und rief die Darsteller, unter denen
143 2574 970 2637 ne Schärfe, Prägnanz und Plastik. Aber
977 2606 2041 2665 namentlich Herr Korff sich bemühte, in das ziem¬
157 2624 973 2686 erk mit genialen Spuren. Zum Dramatiker
983 2646 2032 2707 lich eintönige Gepräge der Versmonologe einige Ab¬
149 2679 963 2742 insthal erst, wenn er sich an fremde Stoffe
980 2702 2041 2754 wechslung und dramatische Bewegung zu bringen: aber
153 2724 976 2782 mit seiner mitunter etwas schwülen Vers¬
974 2748 2046 2804 im Ganzen verhielt sich das Publikum dem Werke selbst
140 2776 970 2830 idet, z. B. in der „Elektra“. Sonst sind
986 2788 2044 2861 gegenüber eher ablehnend und interesselos. Weit mäch¬
143 2829 971 2887 n nur Schatten, ihrer Gestalt sehlt die
983 2855 2058 2913 tiger und wirksamer schlug die Darstellung von Schnitz¬
152 2872 963 2937 ftigkeit, ihrem Tun die Realität und Wirk¬
982 2895 2050 2944 lers Schauspiel „Liebelei“ ein, wobei in erster Linie
149 2933 968 2989 ganze Einakter ist nur eine Klage Claudios
981 2945 2046 3003 die treffliche Wiedergabe der Christine durch Frau Me¬
153 2962 967 3053 ben, das er nicht oder nur töricht gelebt
970 2992 2057 3067 delsky in Betracht kommt, welche namentlich im
984 3048 2057 3104 letzten Akte eine dramatische Höhe erreichte, die das
147 3053 851 3137 was mich quälte und was mich erfreute,
976 3106 2047 3153 erschütterte Publikum zu stürmischem, nicht endenwol¬
157 3115 838 3174 war, als ob es nie sich selbst bedeute,
982 3139 2059 3209 lendem Beifall und Hervorruf begeisterte. Durch ihr
165 3151 869 3215 künft'gen Lebens vorgeliehenen Schein
158 3199 841 3258 hohles Bild von einem vollern Sein.
978 3205 2057 3256 Spiel wurde das rührselige Schauspiel des armen Vor¬
141 3232 962 3300 undert und berührt uns auch nicht beson¬
976 3233 2058 3310 stadtmädchens zu einer wirklichen Tragödie und aus dem
160 3296 967 3349 Claudio nach solchem Schattenleben zu¬
968 3273 2054 3369 herkömmlichen „süßen Mädel“ wurde eine hochtragische
153 3342 962 3402 den Füßen des Todes zusammenstürzt, und
979 3346 2049 3406 Frauengestalt, die in ihrer ergreifenden Schlichtheit, in
970 3393 2036 3467 ihrer stillen und lautlosen Hingebung, in ihrem innigen
157 3394 964 3457 in Stücke ein und aus geht, so wie die
973 3438 2046 3496 und doch zurückhaltenden Wesen, in ihrem seligen und
148 3444 964 3511 kabgeschiedenen Mutter und Geliebten und
159 3494 961 3553 eundes vor dem Schattenmenschen Claudio
984 3493 2049 3560 doch schmerzlichen Glücke an die dichterischen Gesilde
164 3542 973 3597 s Gleichen erscheinen, dem wie dem Dichter
976 3544 2037 3612 mahnt, in denen etwa ein Gretchen, ein Klärchen aus
159 3593 2046 3684 ben, sowie die ganze ewige Natur „nur ein] Goethes weiblichen Gestalten sich bewegen, ohne daß
2061 1765 3122 1850 die Darstellerin darüber allzusehr über die Art und
2060 1850 3110 1911 Milieu des spezifischen Wiener Bodens hinausgreift,
2053 1894 3126 1951 worin Schnitzlers Stücke meist wurzeln. Herr Korff
2059 1949 3122 2020 gab den Fritz Lobheimer mit gewohnter Natürlichkeit
2060 2002 3126 2067 und in der Abschiedsszene in Christinens Wohnung mit
2058 2045 3118 2111 kunstvoller Einfachheit und lebenswahrer Charakteristik.
2055 2104 3144 2169 Prächtig, als echten Typus Wiener Weiblichkeit spielte
2057 2141 3125 2226 Frl. Gerzhofer die fesche, lebenslustige Mizi Schläger.
2062 2195 3122 2261 Auch Frl. Walbeck als Katharina Binder, Herr
2054 2243 3122 2313 Löwe als Weiring, Herr Heine als Herr dürfen nicht
2049 2279 3144 2367 unerwähnt bleiben. Herrn Frank als Theodor Kaiser
2057 2346 3186 2416 fehlt die rechte Wiener Note, die für das Stück nicht#
2054 2393 3173 2465 leicht entbehrlich ist. Das Haus war ausverkauft, und &¬
2051 2444 3157 2518 wir sehen den weiteren Darbietungen der Wiener Gäste
2053 2503 3137 2566 mit Interesse entgegen. Nur über die langen Zwischen¬
2052 2533 3187 2642 pausen wurde geklagt, die wohl nur in äußern Regie=□
2047 2602 2614 2676 gründen ihre Ursache haben.
2942 2605 3111 2690 Gn.,
