3436 4352
201 175 753 267 5. Liebelei
369 184 1341 295 nebeter box 10/1
1253 740 1432 808 cxpo
329 739 624 814 3 1020 5
956 744 1274 831 #r esenen nach
702 770 852 828 UAr
107 760 322 832 einer der¬
1267 769 2167 842 gegen der Export den Import um 93.130.977. B..
2204 786 3105 870 soctaldemokrätische Eaneleunn durchölingen.
329 781 1261 862 Turiu. 1859 schickte ihn Larbur nach Reapel, wo
98 804 336 868 in Aus¬
1256 800 2188 883 den ersten 9 Monaten des laufenden Kalender¬
3129 803 3300 889 Suarez
2236 836 3129 907 Graf Kasimir Badeni äußerte zu
317 837 1265 918 er das Blati „Il Nazionale“ gründese und zum
101 857 323 909 rwacht, so
1260 864 2196 921 jahres überstieg der Import den Export um
3119 859 3298 922 möglich
102 886 320 941 r von den
2198 879 3127 958 einem conservativen Herrenhausmitgliede be¬
322 876 1270 963 Abgeordneten gewählt wurde. Er gxhörte fort¬
1251 894 2186 964 § 43,052.276 und in dem entsprechenden Zeitraum
3117 901 3305 981 inform
102 919 336 987 ng kommt
2188 930 3120 994 treffs der Stelle seines Programms von der
1251 937 2191 1008 des Vorjahres der Export den Import um
323 935 1267 989 dauernd der Rechten an und hatte seine besten
3112 953 3292 1018 den Be
161 958 328 1022 s beim
1260 968 1550 1037 8 73,028.334.
333 980 1261 1037 Freunde und Anhänger stets unter den Gemäßigten.
2189 970 3113 1043 deutschen Cultur, derselben würde bedauer¬
3106 997 3302 1062 der 8
96 989 327 1057 zung Wil¬
1287 988 2191 1067 Der Goldexport überstieg im September den
323 1003 1263 1078 Trotzdem war er, seiner dialectischen und allseitigen
2184 1022 3120 1085 licher Weise von nichtdeutscher Seite eine
91 1029 322 1097 der öffent¬
3117 1028 3305 1106 oemerk
1257 1035 2185 1109 Goldimport um § 16,674,609, während im Sep¬
328 1060 1260 1130 Begabung nach, Feind jeder Paxteid.sciplin
99 1065 325 1131 nigin ein
2188 1060 3124 1142 Deutung gegeben, welche darin nicht gelegen
1260 1076 2196 1140 tember 1894 der Goldimport den Export um
3124 1083 3299 1138 flun
312 1094 830 1195 und konnte es so ei¬
780 1098 1253 1161 als Sophist nicht ver¬
2196 1100 3120 1164 habe. Bedauerlich sei der schroffe Ton der
1245 1117 2189 1156 § 418,118 überstieg. In den ersten neun Monaten
3120 1124 3295 1176 tung u
2566 1155 2741 1222 S
117 1199 2195 1259 und auch daß sie ihm — einem Wasserfalle gleich — eine giftige beschönigen, was sie practisch thut, umso mehr, wenn
2187 1200 3305 1284 der Sense die verwirrten Fäden durchschneide und dahinter
96 1218 2197 1309 jener Form Rede, alle Unbill in das Gesicht schüttet, die sie sie fühlt, daß sie nicht feei von Schuld ist. Nun
2190 1249 3126 1306 dem Stücke ein Ende mache, das ist nicht Kunst, das
3125 1259 3276 1313 macht.
98 1285 2200 1347 ennen, an= nur irgendwie aufbringen kann. Das ist der aber läßt Schnitzler einen siebzigjährigen Manu,
2188 1284 3128 1349 ist Künstelei. Diese Künstelei verhält sich zur Kunst
3121 1283 3304 1368 heute n
102 1329 2192 1390 vo man die Punkt, wo das Stück sterblich ist. Es giebt keine Frau, einen hinfälligen Greis den armen Musikanten
2195 1338 3135 1392 wie die Liebe zur „Liebelei“, mit der Herr Schnitzler
3142 1341 3273 1405 Die
125 1360 2203 1432 Geschöpfe die sich erhobenen Hauptes hinstellt, um ihre Schuld einer Vorstadtbühne, die Theorie des Lebensgenusses,
2191 1386 3131 1460 — übrigens ein sehr begabter und geistreicher junger
97 1404 2203 1480 verschlossen, zu bekennen und diese zugleich als Trumpf für ihre man kann sagen, der freien Liebe, den Vater des
2191 1425 2616 1501 Mann — gespielt hat.
3119 1386 3188 1486 ie
96 1452 1266 1519 jener Welt, Rechtfertigung auszuspielen. Wenn sie wahrhaft ist,
1249 1466 2197 1520 Mädchens, das voll Herz und Sinnlichkeit sich dem
105 1504 2210 1575 wird, aber sagt de, wie Ibsens Dora, was vorgefallen, zeigt sich Ersten hingiebt, welcher ihr sein Herz anbietet, mit
102 1547 2212 1602 erwenigsten wie sie ist, aber triumphirt nicht, und beschuldigt der abgeklärten Milde und Weisheit des alten
103 1586 2225 1644 solch einem nicht einen Andern als Ursache dessen, was sie selbst] Nathan predigen. Das verletzt, das stößt ab, denn
92 1627 1274 1702 Gesellschaft gethan hat. Das verwirrt, das schädigt! Von dem
1249 1642 2220 1701 es ist unwahr. Die Herren, welche sich der angeblich
2349 1655 2964 1744 Kleine Mittheilungen.
99 1670 1257 1737 in Doctor, Standpunkte aus muß man sich gegen die verlogene
1243 1681 2222 1741 neuen Richiung zuwenden, aber unwahr sind und
95 1729 1260 1782 rmeidet er Logik Giacosas und seiner Genossen stemmen und
1241 1722 2208 1785 unwahr schildern, vergessen oft, den Gedanken, den
97 1760 1255 1816 Begleitung, kann ein Stück nicht ruhig hinnehmen, das hundert¬
1238 1767 2201 1836 sie auf das grüne Tuch hingeworfen haben, auszu¬
100 1814 2201 1877 elblaue Un- mal mehr Unheil anrichtet, als andere, vor deren denken, Bis in die äußeriten Consequenzen muß man
2205 1798 3297 1899 * In der permanenten Ausstellung des Kunstvereins letzteren
2183 1848 3123 1912 im Börsenanbau ist ein interessanter Gast erschienen, und
285 1854 1248 1930 Besuch man die Menschheit wieder und wieder
1245 1861 2205 1924 aber die Vorgänge führen, wenn man den Charakter
3120 1875 3299 1935 auch im
289 1893 607 1969 gewarnt hat!
2188 1902 3132 1950 seiner Anwesenheit haben wir eine neuerliche Be¬
1224 1892 2208 1973 entwickeln will, zeigen, daß das, was gesogt wird,
3113 1902 3301 1982 Frauend
1235 1951 3293 2017 mit dem was man thut, harmonirt. Das Alter ist stätigung einer zwar alten, nichtsdestoweniger aber stimmtöc
101 1921 3309 2000 #i anderen gehnlich verhält es sich auch mit dem Stücke: weise und milde, aber die Weisheit des Alters besteht immer, wieder, interessirenden Thatsache zu Charakt
99 1986 339 2049 das andere
98 2003 1252 2077 in Zweiseln Liebelei“ von Schnitzler, das ebenfalls mit Geist
1242 2030 3300 2110 darin, daß es die Jugend vor den Folgen unbedachter danken. Der Gast ist Hubert Herkomer, der aus jedoch a
92 2066 1254 2141 tück hieß: T gedacht und gemacht ist, aber in einen
1239 2062 3301 2159 Handlungen warnt, nicht aber dieselben noch im Irre= Bayern nach England ausgewanderte und daselbst von den
126 2110 3290 2195 Giacale Fischschwanz ausläuft. Falsches Denken, falsche gehen bestärkt. Nehmen wir an, die Tochter dieses zum Favoritkünstler der vornehmen Welt aufgerückte Landscha
86 2165 3131 2217 Petitelt und Moral sind seine Zeichen. Es handelt sich um weisen Unweisen, klugen Unklugen würde getreu Maler, und die interessante Wahrnehmung zu der
3111 2187 3288 2240 verkrüp
115 2207 3133 2269 Schnitzler Wiener in dem Stücke Schnitzlers. Junge Leute, die seinen Lehren: man solle die Liebe in der Jugend er uns verholfen, ist: daß nach wie vor bei uns
3107 2225 3302 2294 Vermerk
295 2231 3305 2320 Tags über unbeschäitigt sind, Studenten, welche von genießen, nachkommen, und da ja diese jungen Leute, Alles vor dem von außen Kommenden auf den Knieen Sitzung
97 2289 3126 2352 E Haus aus so glänzend mit Mitteln ausgestattet die in dem Stücke geschildert werden, nicht darauf liegt. Von Hubert Herkomer sind sechszehn Blatt
3118 2318 3289 2374 weggebl
95 2340 3117 2399 sane b####s daß sie das Loben in vollen Zügen genießen ausgehen, zu heirathen, sondern um einige Wochen Malerradirungen ausgestellt und von diesen 16 sind
3113 2364 3288 2417 fünfzig
461 2367 3117 2443 deme junge Wieger Mädchen andererseils, Mon= oder Jahre mit dem netten Wiener Kinde 10 Blatt verkauft. Dieser Erfolg wäre als ein er¬
94 2375 341 2443 ch minder.
3105 2393 3300 2463 schauer
321 2402 3113 2488 weiche eleganten Burschen nur zu leicht Gehör zu charmiren, so könnte es sich leicht ereignen, daß freulicher Beweis für den bei uns entwickelten
89 2419 336 2492 Eisenschitz
3115 2451 3298 2514 es nur
474 2453 614 2514 and
852 2451 1026 2514 ihnen
749 2454 872 2514 von
133 2446 491 2537 Bühnen schenken
1004 2461 3121 2529 beschenken, der alte Wiene# saische Prophet eine kleine Familie Kunstsinn zu begrüßen, — wenn es immer so wäre.
3104 2492 3299 2552 geworde
91 2511 3125 2578 siacosa ist ja von diesen in de Collegies der Mediein oder der von drei oder   Kindern in seinem Hause ver¬ Doch wie viele geschickte Radirer und vortreffliche
3115 2538 3302 2595 Vermerk
105 2566 3126 2622 ganz ab= Rechtswissenschaft inseribirten Junglingen zu Untele sammelt sehen würde, von denen jedes, einen andern Radirungen sind schon an derselben Stelle aufgezogen,
3103 2580 3302 2644 angebra
92 2598 3114 2653 nd Wand= haltungen und Lustbarkeiten führen #n verführen Vater sein zuen, das wenig beneidenswerthe ohne daß sich irgend wer um sie bekümmert hätte,
3097 2621 3291 2685 für den
132 2647 2190 2716 weniger lassen. Das Collegium wird von diesen Jünglingen Glück hätte! Das Mädchen ist zerstört, die Kinder
2174 2638 3119 2709 wie denn auch von einer jetzt gleichzeitig mit aus¬
3100 2669 3295 2729 Radirung
114 2686 326 2751 lebt mit
304 2675 3116 2727 das ganze Jahr über nicht besucht, das Theater und haben Hunger# Mädchen als Abschreiberin von gestellten Collection Originalradirungen von Hermann
3098 2713 3269 2773 hierher
81 2728 3111 2803 lben. Dag der Tanzboden desto häufiger. Wissenschaft ist ihnen Noten verdien kaum so viel, um sich selbst zu er= Hirzel, unter denen einzelne Blätter — z. B. die
3094 2751 3296 2823 seinen je
83 2772 3093 2836 unglückliche nichts, „Liebeln“ Alles. Das trifft zu. Ein ähn halten. Der alte Vater wird für sein zweifelhaft drei Birken, die Weiden, die Etrurische Landschaft —
3095 2799 3307 2880 des Mei
79 2817 313 2883 nd erkennt
303 2807 3293 2897 liches Herumvagiren bei Musikklang zu jungem Wein künstlerisches Geigenspiel von einem Vorstadttheater voll Zartheit sind und künstlerischer Führung, auch breit auf
295 2853 2186 2936 und junger Liebe trifft man allerorten. Der erste recht nieder honorirt. Die Alimentations=Gebühren,
2163 2866 2956 2917 nicht ein Blatt einen Käufer gefunden hat.
92 2862 1238 2954 Versuchung get, welcher dieses Stimmungsbild entrollt, ist mit
3081 2882 3297 2949 auch das
85 2918 316 2972 Fsüchtig und
1232 2903 2183 2975 zu welchen die jungen Leute verhalten werden, sind
2183 2902 3298 3004 Aber das Fremde! Diesem gegenüber ist unser alter vernehme
290 2935 1237 2997 all seinem Bratenduft und Weingeruch, seiner Freude
83 2947 318 3016 scht, ist ein
2167 2946 3107 3016 Adam nicht umzubringen, und der Sohn Herkomer
1230 2954 2189 3019 auch nicht ausreichend, kurz, der alte Mann hätte
3097 2975 3284 3045 der Rad
81 2991 1231 3071 ferin“ dahinson der Musik und am Leben ein gelungenes Genre¬
2214 3007 3114 3060 es ist dies der jetzt berühmte Hubert — wußte
1232 3009 2184 3061 als gerechte Strafe für seine falschen Lehren in seinem
3088 3012 3276 3083 leichten,
85 3018 1243 3092 eu zu ent= bild von der Gasse und aus schön eingerichteten
2166 3056 3118 3115 gar wohl, was er that, als er aus seinem Ge¬
1234 3035 2182 3107 hohen Alter das Vergnügen die ganze ehrenwerthe
3092 3073 3297 3129 so wenig
77 3062 1247 3132 Antreue er= Zimmern, in denen sich derlei mehr oder weniger
1220 3101 2184 3149 Sippschaft zu erhalten, zu arbeiten für das „Bischen
2164 3095 3100 3153 bortswinkel heraus sich dech wieder der Fremde zu¬
3092 3115 3291 3185 kaum me
86 3113 848 3189 j eben recht zahme Orgien hier abspielen.
1207 3126 2178 3197 Liebe", das die Tochter in ihrer Jugend genossen,
2171 3143 3111 3201 wandte, trotzdem sein Vate ohne etwas erreicht zu
73 3168 331 3244 sem Körper
318 3180 1239 3238 Wenn junge Leute nicht denken, sondern nur
1233 3172 3113 3238 was er als das höchste Glück des Lebens hingestellt haben, von dorther wieder nach Hause zurückgekehrt war.
82 3198 1248 3280 Hten zuzu=liebeln, wenn sie in die Welt hinausrufen: „Freu'
1228 3213 3123 3304 hat. So ist es! Nicht anders! Giebt man uns das Alle menschlichen Berechnung nach wäre Hubert
70 3252 3116 3343 #nderer An= dich des Lebens solang' noch das Lämpchen glüht!" Leben, so gebe man uns das volle Leben. Aber Herkemer auch daheim etwas geworden, denn
77 3307 3118 3371 Ifünf Jahre so wird man dazu den Kopf schütteln; aber die mitten in der Beweisführung abbrechen und den das sogenannte „Glück“ hat es bei dem nicht allein
85 3348 3146 3443 . dadurch, Jugend findet leicht ein Wort, um das thevretisch zu lieben Mann, den Tod, kommen lassen, damit er mit entschieden, es steckt auch ein hervorragend Tüchtiges
