3436 4320
255 243 679 315 Liebelei
808 240 1250 343 box 13/7
253 286 691 362 G
945 598 1124 806 22
315 890 1108 1038 Dr. Max Goldschmidt
465 980 976 1088 222 Bureau für 122
462 1046 1001 1163 Zeitungsausschnitte
849 1098 1172 1200 Ttaphee Ill. 15.
293 1145 637 1240 Berlin N. 24
548 1232 951 1337 Ausschnitt aus
270 1429 1145 1558 Nashr. f. Stadt u. Land, Uidensen
675 1621 1099 1814 KI ME
2734 1597 3331 1777 —
1429 1749 2645 1830 —zugetun ist, ihr ganzes Leben opfern? Ist das wahrschein.
2657 1779 3329 1865 für den Zuschauer, dem weitege
1428 1798 2655 1876 lich? Milada soll die Verlobte Retlaffs werden oder bleiben,
281 1802 1311 1907 Großherzogliches Theater.
2663 1850 3338 1908 Sorgen erspart bleiben. Mit ba
1424 1852 2652 1916 der, wie sie weiß, die Schwester ihres Jugendgeliebten zum
2663 1888 3334 1949 Versuches kann Herr Ulrich tro
1440 1898 2660 1970 Selbstmord getrieben? Nun, Milada rächt sich sozusagen
209 1882 1390 1977 Milapa, Schaust iel in ei#em Aufzug von Franz Ulbrich. —
2649 1929 3342 2003 großer Lorbeerkranz und ein Bei
1438 1949 2651 2012 an Retlaff: sie schenkt dem Dichter ihre volle Gunst, weigert
532 1955 1085 2041 Liebelei, von Schnitzler.
2658 1991 3344 2041 mal zu erscheinen, sind Lohn, der##
1428 1995 2662 2062 sich aber, seine Frau zu werden; sie würde ihm nur hinderlich
272 2006 1434 2099 Den Dramaturgen unseres Theaters, Herrn Dr. Franz
2665 2028 3343 2091 „Milada“ steht an Wert der Dicht
1431 2038 2662 2110 sein auf der Bahn des Ruhmes, sie, die an einem schweren
196 2058 1427 2141 Ulbrich, lernten vir in der letztvergangenen Spielzeit als
2649 2079 3330 2133 sehr weit nach; letztere ist auch
1434 2090 1836 2165 Herzleiden krankt.
201 2114 1436 2187 symbolistisch=phantastischen Poeten kinnen, in der Art Hoss¬
2666 2122 3330 2184 spielt wurde mit Lust und Lie
1515 2125 2650 2206 Da sitzt nun der Glückliche und Ahnungslose abends
209 2157 1436 2233 mannsthals und Maeterlincks, deren Spuren er in dem
2653 2145 3339 2221 regte u zärtliche, im Anzuge ein
1427 2185 2658 2274 nach seinem Erfolge im Restaurant und plaudert mit dem
1027 2200 1422 2263 eistvoll und mit
190 2202 1048 2266 Einakter „Du gleichst dem Geist ...
2656 2208 3342 2269 Frl. Ella Hartmann; ein lieben
1424 2236 2658 2312 Leutnant darüber. Sein Freund, der junge Arzt Miladas,
204 2248 1424 2320 gutem Gelingen folgte. Gestern, in seinem einaktigen Schau¬
2663 2254 3334 2331 Drach. Den gewissenlesen Rei
1436 2288 2646 2352 kommt und beruhigt ihn zunächst über deren Befinden (sie
201 2282 1432 2340 spiele „Milada“, zeigte er uns eine andere Seite seiner
2660 2300 3334 2370 charakteristisch bestimmt. Herr
1429 2312 2660 2395 ist nach der Vorstellung in Ohnmacht gefallen); er überbringt
192 2338 1441 2403 dramatischen Befähigung in dem Blick für das realistisch
2659 2341 3341 2405 Herr Adami als Oberregisseur sim
1424 2368 2659 2444 auch den seltsamen Wunsch der Lünstlerin, der Dichter möge
186 2382 1439 2435 Wirksame, ja für den unbedenklichen Theatereffekt. Heinz
2656 2394 3345 2474 der Leutnant taugt alich nicht vie
194 2424 1432 2496 Lied ist ein junger Dichter, Mitte der Zwanzig. Er hat
1431 2422 2426 2504 sofort abreisen, ohne nach Gründen zu forschen.
199 2466 1434 2531 soeben den ersten großen dramatischen Erfolg erlebt, an dem
1521 2453 2648 2553 Milada kann ihm ja nicht sagen, daß der abwesende
2725 2465 3274 2563 Es folgte die hier gut
205 2509 1429 2581 Milada, die gefeierte Schauspielerin, die Schöpserin der
1433 2511 2661 2585 Retlasf plötzlich angekommen ist. Sie will den Geliebten
2653 2523 3295 2598 Schnitzler. Frl. Käte Busch en
211 2557 1427 2635 Hauptrolle, den größten Anteil hat. Lied ist mit ihr von
1436 2560 2663 2637 vor einem Zusammentreffen mit Retlaff bewahren; sie weiß,
2662 2577 3337 2636 besserer Momente nicht die der R
208 2593 1439 2665 Kindheit an bekannt, sie hat den mittellosen Dichter vor
1439 2601 2659 2678 jener fahndet auf den Verführer seiner Schwester, um ihn
2663 2624 3291 2683 talität und Innigkeit. Daß C
208 2645 1432 2710 dem Untergange im literarischen und künstlerischen Zi¬
1436 2654 2657 2722 zur Rechenschaft zu ziehen. Treffen sich beide, so muß einer
2660 2678 3321 2740 glaubt man nach dem nicht genüg
208 2701 1432 2757 geunertum bewahrt, sie liebt ihn seit Jahren, und diese
1429 2691 2660 2764 von ihnen fallen. Darum eilt sie, trotz ihrer hochgradigen
2651 2717 3329 2765 Schlußakt nicht. Das echte Wie
201 2729 1432 2789 Liebe hat sich nun, in den letzten Tagen vor der Aufführung
1436 2734 2653 2810 Herzbeschwerden, nach Mitternacht selbst noch in das Re¬
2650 2760 3307 2831 seinem Leichtsinn und seiner
202 2776 1430 2822 des Erstlingswertes ihres Schützlings, zu einer Leiden¬
1431 2790 2658 2865 staurant, fleht ihren Bruder unter der schon besprochenen
2654 2803 3286 2879 gegen Frl. Gisa Dorn (Mi¬
208 2820 1432 2886 schaft erschlossen, die nichts mehr zu versagen vermag.
1431 2830 2659 2909 Enthüllung ihres Opfers für ihn on, eine Begegnung Lieds
2663 2841 3330 2909 Jugend“ Wiens in ihrer rücksich
214 2871 1431 2928 Aber Milada hat dem jungen Tichter eins verschwiegen:
1433 2888 2664 2951 mit Retlaff zu verhindern, und hat auch den Geliebten durch
2663 2898 3298 2956 Herr Heinz Perino. Bei ihm
212 2922 1429 2976 daß sie schon verlobt ist, und verlobt sogar mit dem Schur¬
1428 2919 2662 2996 ihre Zärtlichkeiten schon zur Abreise bewogen. Da tritt
2662 2934 3294 2988 Gestalt mehr hervor, während
201 2948 1431 3015 ken Retlaff, der die Schwester des Dichters verführt, ver¬
1445 2969 2661 3042 Retlaff ein, den Lied übrigens dem Aeußern
2666 2966 3240 3041 blasierte Liebenswürdig eit
204 2991 1446 3059 lassen und dadurch in den Tod getrieben hatte. Mill##
2122 3007 2665 3083 auch eine Unwahr¬
2663 3017 3277 3080 Fritz ließ es an Gefühl nicht
1432 3027 2061 3088 nach noch nicht kennt,
213 3034 1436 3098 wußte dies, und obwohl sie es wußte, und obwohl sie schon
2662 3064 3290 3123 streben, den wir'lichkeitstreuer
1439 3061 2656 3133 scheinlichkeit, wenn auch möglich. Retlaff ist seit
209 3087 1444 3149 dem jungen Poeten geneigt war, versprach sie sich doch
3100 3111 3309 3167 etisches m
1446 3109 2648 3168 drei Tagen in der Stadt, die Eifersucht auf den
2656 3107 3055 3177 mancherlei hohl P
216 3139 1436 3194 jenem gewissenlosen Egoisten. Retlaff hatte ihren Bruder
2655 3156 3266 3217 alter Papa und Musikus ist
1442 3154 2662 3220 Dichter und ein verräterischer Brief Lieds an Milada hat
197 3168 1439 3223 auf einer, Ehrlosigkeit ertappt, die, wäre sie bekannt go¬
2658 3200 3318 3262 alte Klatschbase voll neugieriger
1440 3196 2660 3256 ihn bereits über deren Vergehen aufgeklärt. Er stellt nun
212 3212 1443 3284 worden, dem Leutnant Ehre und Rock gekostet hätte. Den
2657 3245 3310 3315 Herr Weiß stellte mit bestem C
1429 3238 2650 3310 Lied zur Rede, Lied erfährt erst jetzt, daß Milade. Braut
217 3259 1434 3325 Bruder vor Schande zu bewahren, verlobte sich Milada
2664 3267 3292 3338 mann dar. — Die „Liebelei“
1437 3286 2662 3365 ist, ein Duell ist unvermeidlich. Aber Retlaff ist, wie Milada¬
210 3305 1441 3378 mit ihre Verehrer Retlaff, den sie dadurch zum
2650 3320 3329 3400 genießen; die lyrischen gefühlvol
1445 3332 2651 3397 weiß, ein nie fehlender Schütze; als er sich jetzt zum Gehen
206 3334 1441 3416 Schweigen verpflichtete. Daß Retlaff sein ehrloses Ver¬
2659 3372 3320 3451 Komponisten wohl zu diesem
1433 3369 2657 3441 wendet mit den Worten: „Erwarten Sie morgen meine
206 3386 1440 3447 gehen kennt, weiß Kurt; der Verfasser will uns aber
2745 3405 3342 3487 Es scheint übrigens, als wür
1434 3410 2654 3491 Sekundanten!“, da verliert Milada jede Ueberlegung und
219 3426 1443 3510 glauben machen, Kurt ahne trotzdem nichts von dem Opfer
2657 3446 3328 3530 Spielplan geboten. Die Vertiefu
1449 3473 2658 3529 verrät selber, was sie doch verschwiegen wis¬
215 3471 1442 3560 seiner Schwester. Wir sollen es glaublich finden, daß der
2652 3512 3327 3580 darunter. Warum wird nicht li
1444 3504 2661 3582 sen wollte: „Laß ihn nicht gehen, Heinz! Er hat Deine
231 3520 1444 3593 Leutnant, im doppelten Grade ehrlos, das Mitwissen Retlaffs
2660 3550 3317 3618 holt? Der „Dornenweg“
1439 3561 2658 3624 Schwester in den Tod getrieben; es ist Retlaff, der
239 3577 1441 3636 — übrigens eines ehemaligen Offiziers — ruhig erträgt, und
2663 3577 3341 3666 die Mutter so erschütternd spielte
1436 3591 2656 3677 Verführer Deiner Schwester!“ Sofort stürzt sich Lied auf
221 3615 1438 3689 ohne sich zu fragen, welchem Umstande er die Gnade der Ver¬
2662 3639 3347 3711 worden. Auch Apels Traumstück
1428 3648 2652 3719 den Feind, Milada wirft sich zwischen beide; ein Herzschlag
223 3659 1439 3731 schwiegenheit Retlaffs verdanke! Und einen so minderwer¬
219 3701 3125 3783 tigen, ehrvergessenen Bruder soll überdies nun Milada, die tötet sie. Während sich die Gegner um die Tote bemühen, derholung vertragen.
230 3744 1888 3825 außerdem bereits ihrem dichterisch begabten Jugendfreunde fällt der Vorhang.
