3484 4320
646 3048 728 3103 die
644 3081 729 3136 10=
641 3113 747 3180 ch¬
636 3174 734 3231 irt,
632 3253 742 3303 bild
653 3298 736 3354 ist.
651 3346 732 3399 ge¬
629 3382 744 3445 eht.
689 66 1436 97 inniger Liebe einem Manne ganz ergeben,
698 92 1449 140 von dem sie weiß, daß er sie früher oder spä¬
702 129 1456 183 ter verlassen wird; daß die Seligkeit ihres
690 169 1447 221 Liebesglückes nur vorübergehend sein wird.
690 210 1449 260 Eine Nakur, wie die ihre, kann dieses kurze
702 250 1453 302 Glück nicht ungetrübt genießen. Und vol¬
693 301 1453 352 lens an diesem Abend nicht, wo nicht nur
695 332 1443 380 unklare Ahnungen ihr Herz bedrücken, son¬
706 370 1459 425 dern bereits in der bestimmteren Gestalt
704 416 1451 469 einer geheimnißvollen schönen Nebenbuhle¬
703 459 1451 511 rin am Horizont auftauchen. Der Eine,der
704 489 1453 550 alle diese Sorgenwolken am Himmel ver¬
708 532 1451 600 scheuchen könnte, ihr geliebler Fritz, ist selbst
700 575 1461 630 nicht mehr frei davon. Auch auf seiner
702 618 1453 668 Stimmung liegt ein Schatten. Er ist der
696 655 1462 711 Liebelei mit dem Mädchen aus dem Volke
699 709 1452 753 bereits überdrüssig, er mag ihre tiefsenti¬
709 747 1459 792 mentale Art, sich zu geben, nicht mehr; er
699 784 1458 847 liegt bereits in den Fesseln eines anderen,
703 825 1464 883 eines „interessanten“ Weibes und nur in
706 856 1461 910 Christinen's unmittelbarer Nähe erwachen
701 901 1455 955 wieder wärmere Gefühle für sie. Zudem ist
704 946 1458 1000 bereits eine Gefahr in Sicht getreten. Das
699 985 1477 1033 interessante Weib hat einen Gatten und die¬
704 1028 1469 1081 ser Gatte scheint nicht mehr ganz ahnungs¬
709 1074 1468 1122 los zu sein. Unter solchen Umständen liegt
702 1107 1476 1161 natürlich ein Schleier über dem „lustigen
715 1157 1465 1203 Souper“, den auch die beiden jungen Skep¬
712 1188 1474 1250 tiker des Liebeslebens, Theodor und
973 1230 1456 1289 nicht zu heben ver¬
715 1237 964 1300 seine Mizi,
880 1273 1468 1330 der vielmehr vollens sich
717 1283 854 1333 mögen,
718 1313 1462 1370 verdichtet, als jener Gatte wirklich auf
706 1365 1453 1402 der Bildfläche erscheint und mit der Duell¬
703 1398 1468 1469 drohung das tragische Ende des Ganzen
717 1447 1465 1491 vorbereitet. Diese Stimmung, diese At¬
709 1487 1463 1531 mosphäre von gezwungener, schattenumla¬
710 1512 1469 1590 gerter Lebensfreude hat der Autor trefflich
711 1561 1473 1618 erfaßt und durchgeführt mit den einfachen
716 1600 1459 1663 Mitteln schlichter und eben dadurch poetisch
709 1643 1469 1700 wirkender Lebenswahrheit. Nicht so glück¬
712 1686 1465 1742 lich war — Frau Agnes Sorma ausge¬
713 1734 1468 1781 nommen — die hiesige Darstellung. Herr
716 1770 1476 1823 Strobl spielte den „Theodor“ um eine
722 1810 1479 1869 Nüance zu ernst, Frl. Anna Braga die
719 1854 1473 1913 „Mizi“ um eine Schattirung zu aufdring¬
719 1899 1467 1950 lich und auch der „Fritz“ des Herrn Hu¬
710 1951 1471 1990 bert Reusch kam um ein gewisses Etwas zu
718 1979 1481 2043 kurz, erschien im Charakter oberflächlicher,
713 2020 1474 2084 als unbedingt nöthig war. Aber selbst an¬
719 2057 1473 2112 genommen, ihr Spiel im Einzelnen wäre
725 2103 1483 2166 korrekt gewesen — es spielte Jeder für sich,
720 2142 1472 2194 es fehlte das intime, stimmungsvolle Auf¬
721 2184 1487 2250 gehen im Zusammenspiel, welches sich dem
727 2226 1484 2282 Publikum mittheilen muß, wenn Stücke
720 2268 1487 2323 dieser Art wirken sollen. Daher rührt
729 2314 1473 2363 auch, daß einzelne Beurtheiler gemeint ha¬
726 2348 1475 2405 ben, in Agnes Sorma's Spiel im ersten
723 2394 1489 2455 Akt etwas Gezwungenes zu sehen. In den
725 2442 1475 2497 andern beiden Akten war das sicherlich nicht
731 2478 1493 2532 der Fall, wo uns das schlichte Innenleben
731 2520 1480 2573 der nicht mit den Sinnen, sondern mit dem
733 2566 1491 2616 Herzen liebenden Christine deutlicher, inti¬
726 2598 1494 2665 mer offenbart wird, wo wir uns sehr viel
732 2645 1484 2713 mehr mit ihr, als mit den Andern beschäf¬
740 2685 1485 2743 tigen und uns ganz dem tiefen Eindruck
740 2732 1496 2784 überlassen können, den das ungezwungene,
735 2770 1492 2824 natürliche und dabei fein=psychologische
743 2815 1489 2866 Spiel der Darstellerin auf jeden dafür Em¬
740 2854 1497 2910 pfänglichen machen muß. Im nächsten Akt
752 2896 1501 2955 ist es Frau Sorma ausschließlich, welche
746 2940 1493 2990 Stimmung macht durch unmittelbare see¬
750 2986 1491 3039 lische Wiederspiegelung aller, wandelnden
739 3028 1489 3081 Eindrücke welche von Außen an sie heran¬
750 3075 1491 3120 treten, mit der stichelnden Nachbarin, dem
749 3104 1500 3161 besorgten Vater, der leichtlebigen Freun¬
736 3136 1494 3215 din, dem Geliebten und dessen Freund, der
744 3190 1507 3249 ihn zum Todesgang abholt; während im
748 3225 1504 3285 letzten Aufzug Dichter und Darstellerin
753 3270 1493 3342 Hand in Hand gehen in schöner, ergreifen¬
873 3364 1367 3444 (Fortsetzung auf der 11. Seite.)
2274 1176 2735 1254 rrlegung von #e 1. Ccnr
2101 1255 2871 1326 der 2 rgabe und Steigerung echt weib¬
2093 1315 2546 1377 lichen ühlsausdrucks.
2119 1336 2850 1409 Daß t alledem Frau Sorma's „Nora“
2108 1384 2857 1465 von stärterer Wirkung war, sein mußte,
2105 1430 2859 1498 haben wir bereits zugestanden. In Ib¬
2099 1477 2865 1537 sen's Schauspiel ist die Künstlerin von An¬
2114 1528 2859 1583 fang bis zu Ende, in jedem Moment, den
2106 1551 2856 1629 sie auf der Bühne zubringt, seelisch intensiv
2106 1601 2862 1658 beschäftigt, kann sich und ihr Können voll
2112 1636 2859 1710 und ganz ausgeben, während sich die
2115 1678 2870 1756 „Chistine in einem einfacheren, minder
2109 1724 2864 1797 komplicirten Stimmungsrahmen bewegt.
2149 1771 2863 1833 Der Eindruck, den „Nora“ hinterließ,
2120 1806 2870 1878 war deßhalb nachhaltiger und zeigte uns
2110 1846 2873 1909 das künstlerische Vermögen der Darstelle¬
2121 1894 2873 1962 rin in heller glänzendem Lichte, nicht nur
2112 1936 2868 1990 ihre vollendete mimische Technik, sondern
2115 1980 2865 2045 auch die eminente Gabe, von Herz zu Herz
2118 2017 2868 2078 das Gefühlsleben ihrer Rolle dem Zuhörer
2113 2075 2385 2128 mitzutheilen.
2153 2093 2869 2173 Der Erfolg ihrer „Nora“ ist um so höher
2877 2138 2962 2185 Ie
2126 2146 2867 2216 anzuschlagen, als Frau Sorma in diesem
2113 2196 2868 2252 Falle von den Mitwirkenden sehr mangel¬
2119 2231 2877 2300 haft unterstützt wurde, insbesondere durch
2127 2286 2876 2334 Herrn Pfeil, der seiner ganzen Anlage nach
2884 2295 2965 2367 sdh
2132 2313 2877 2374 nicht den „Robert Hellmer“ hätte spielen
2127 2366 2865 2419 dürfen. Herr Pfeil, mit seinem warmen,
2930 2368 2980 2434 1
2127 2393 2871 2469 sonoren Organ, war durchweg viel zu weich
2893 2428 2985 2485 we
2129 2450 2877 2495 und innig. Hellmer's Wesen muß von
2124 2488 2869 2539 Haus aus eine gewisse Herbheit ausströmen,
2132 2524 2880 2589 die ihn, den „überlegenen“ Mann, der das
2125 2569 2870 2634 Weib nur „von oben herab“ behandelt,
2134 2624 2875 2672 auch dann nicht verlassen darf, wenn er in
2891 2640 2985 2700 beg.
2132 2661 2867 2711 verliebter oder versöhnlicher Stimmung ist.
2892 2684 2949 2732 in
2134 2700 2874 2748 Fehlt dieser herbe Grundzug, so fehlt auch
2891 2716 2992 2789 1
2137 2733 2883 2801 der Kontrast, welcher hilft, Nora's späte¬
2127 2779 2887 2832 ren Charakterbruch verständlich zu machen.
2125 2826 2886 2877 Man nehme nur einmal an, Hellmer hätte
2133 2856 2971 2929 z. B. im letzten Akt, nach Empfang des #
2136 2895 2902 2965 zweiten Briefes, wirklich so aus vollem,
2138 2957 2928 2998 warmem Herzen versöhnlich gesprochen, wie
2133 2992 2855 3043 es aus Herrn Pfeil's Munde klang, —
2135 3030 2893 3085 vielleicht wäre dann selbst die verwan¬
2136 3083 2892 3134 delte Nora doch nicht auf und davon ge¬
2131 3120 2312 3178 gangen!
