3436 4224
528 137 710 217 lei
845 142 1236 250 box 13/1
158 138 723 267 5. Lieb6223
671 507 1272 619 Henes Wiener dossss-!. Wiel
804 598 970 736 76
614 624 854 792 eat
898 693 1058 787 6.0
337 822 2745 1066 Elisabeih von England an der Nähmaschine.
320 1044 2759 1184 Wiener Bühnenstars zu Hause. — Kaiserschmarrn gelingt auch
2701 1105 2804 1185 205
668 1141 1936 1245 ohne Generalprobe.
1473 1240 1602 1321 Von
1368 1301 1685 1404 Marion.
419 1378 2755 1471 Im Fenster steht ein Kleestöckerl, ein schlichtes, glück= Der Pfarrer von Grinzing hat ihr neues Heim eingeweiht, dieses
319 1447 2751 1518 bringendes, das fürsorglich in den Sonnenfleck auf dem Fenster= Heim, das tadellos geführt und gepflegt ist. Paula Wessely ist trotz
323 1484 2758 1566 brett gerückt wurde. Vor dem Kleestöckerl steht eine Frau in dunkel= ihrer vielen Verpflichtungen eine gute Hausfrau. Vielleicht liegt das
318 1543 2753 1611 rotem Dressing=gown und begießt das bescheidene Pflänzchen. Vor in der Familie, vielleicht konnte Paula Wessely gar nicht anders.
323 1586 2755 1655 ein paar Tagen war Premiere, vor ein paar Tagen erzielte die Ihre Schwester führt ein großes Restaurant in Wien und man
1535 1634 2764 1699 hat Paula oft in ihrer freien Zeit auf Besuch bei der Schwester
323 1652 1536 1711 Bewohnerin dieses Zimmers einen ganz großen Erfolg, vor ein
1535 1678 2764 1754 gesehen. Da stand sie neben der Schwester am Herd — nein, zum
318 1690 1538 1772 paar Tagen füllte sich der Raum mit Rosen und Orchideen, Flieder
1545 1734 2746 1793 Kochen hatte sie nie viel Zeit, erst ging ein kleines Mädel mit
656 1754 1252 1832 n
1543 1763 2763 1831 Spitzbubengesicht in die Akademie, dann kam Engagement nach
532 1781 1224 1895 en erecheneregetengetneshich
1534 1820 2756 1881 Engagement — aber manchmal nimmt sie doch den Kochlöffel und
1542 1858 2755 1935 läßt sich von ihrer Schwester, die die berühmtesten „Nußbeugeln“
1538 1908 2751 1974 von Wien bäckt, ein Rezept erklären. Dann gelingt ein Kaiser¬
1537 1956 2765 2023 schmarrn ohne Generalprobe, dann begutachtet die Schwester kritisch
1539 2018 2773 2094 Paulas Guglhupf. Paula kann alles, Paula kann auch kochen. Die
2048 2088 2124 2255 1
1003 2647 1072 2771 2
340 2947 1566 3046 und blauen Hortensien. Das Kleestöckerl jedoch hielt seinen Einzug
332 3018 1561 3084 schon, bevor der Künstlerin Paula Wessely der Blütentraum
338 3071 1561 3130 ins Haus geschickt wurde. Die Wessely dankte herzlich für die
330 3117 1562 3201 kostbaren Blüten. Sie begießt jedoch täglich liebevoll ein paar
1772 3146 1932 3237 #
344 3170 645 3249 Kleeblätter ..
477 3210 1435 3304 Paula Wessely bäckt einen Guglhupf.
1556 3264 2758 3362 Wessely=Schwestern haben beide in ihrem Beruf das Höchste erreicht:
447 3281 1552 3356 Paula Wessely: Man hat sie in dekolletierten Abendtoiletten
1558 3351 2769 3419 die eine wurde zu Wiens berühmtester Schauspielerin und die
344 3346 1551 3404 mit dem ihr eigenen Charme in französischen Lustspielen plaudern
1561 3401 2521 3468 andere — bäckt die besten Nußbeugeln von Wien ...
347 3392 1555 3464 gehört, man hat mit ihr vor dem Marienbild geweint, vor dem
340 3440 1565 3499 Gretchen kniete. Man hat gespürt, daß sie das einfache Schnitzler¬
1675 3444 2717 3525 Leopoldine Konstantin in ihrem Heim. P##
352 3487 1559 3555 Mädchen Christine ist, man ließ sich von ihr bezwingen und
1645 3516 2765 3600 In der Trautmannsdorffgasse in Hietzing steht eine alte
353 3536 1561 3596 über die alte Burschenherrlichkeit in Alt=Heidelberg gerührt.
1557 3570 2762 3636 Villa, über deren Portal wappenartig zwei ineinander ver¬
345 3584 1549 3638 Greichen, Christine, Käthchen — all das ist die Künstlerin Wessely.
1554 3619 2767 3697 schlungene Buchstaben angebracht sind: ein H und ein K. Hier
352 3633 1559 3696 Und wie ist Paula Wessely, die man liebt, ohne sie persönlich zu
1551 3663 2758 3727 wohnt Ministerialrat Geza Herczeg, der Bühnenautor, mit seiner
355 3685 681 3750 kennen, privat?
452 3720 2758 3778 Paula hatte bis von kurzem eine kleine Wohnung in der Gattin Leopoldine Konstantin. Und hier lernt man die Konstantin
339 3764 2765 3866 Prinz=Eugen=Straße und jetzt ein „liebes Häuserl“ in Grinzing. in einer ganz anderen Rolle kennen: als Hausfrau. Die Kon¬
1634 3856 2856 3949 stamim is heute eine der wonigen wirtlich grohen Saondanen
1637 3927 2853 3997 der deutschen Bühne. In letzter Zeit sah man sie in vielen
1631 3974 2859 4047 Filmen: Silberfüchse und Straußfedern lagen abwechselnd über
1636 4027 2835 4085 ihren Schultern, stets scheint sie der Duft amerikanischer
1626 4066 2896 4144 Zigaretten und französischer Parfüms zu umschweben. Dieselbe
