3484 4224
327 184 876 278 5. Liebelei
544 245 895 326 Srie dente tensetenger Aihenen
1506 136 1671 209 aeenahkicmenlanee
1018 201 1470 309 box 10/3
1400 1000 2101 1107 Die Berliner Theatersaison 1895,96.
1032 1016 1177 1119 496
1059 1087 2453 1199 sucht, ist eine merkbare Absicht, die verstimmt, und giebt seiner
1053 1175 2463 1262 psychologischen Motivirung die Unsicherheit. „Das Glück im
1053 1237 2453 1301 Winkel“, das einen ähnlichen Stoff wie Ibsens „Frau vom Meere“
1046 1295 2464 1390 behandelt, ist, besonders wenn Mitterwurzer mitspielt, gewiß ein
1055 1359 2469 1428 wirksames Stück, das zunächit seinen Eindruck nicht verfehlt. Wer
1061 1415 2461 1484 aber tiefer drüber nachdenkt, wird immer bedächtiger den Kopf
1059 1473 2467 1537 schütteln und zuletzt erkennen, daß Wirklichkeit und Wirkung nicht
1054 1539 2461 1614 ausgeglichen sind, sondern einander fortwährend im Wege stehn.
1058 1587 2472 1663 Wenn das Stück einen unvergleichlich stärkern Erfolg hatte, als
1060 1651 2462 1717 seiner Zeit „die Frau vom Meere“, die unvergleichlich tiefer und
1060 1712 2463 1797 sicherer ins Leben der Seele dringt, so beweist das nur, wie viel
1061 1761 2472 1841 höher bei unsrem Theaterpublikum äußere Wirlung im Werth
1064 1824 2464 1894 steht, als innere Wahrheit. Sudermann, dieser wichtige Etappen¬
1055 1898 2463 1964 punkt unsrer dramatischen Entwicklung, braucht weder nach rechts
1054 1946 2464 2020 hin den Theaterfaiseuren, noch nach links hin den Naturalisten
1064 2020 2465 2075 nachzugeben. Was ihm Noth thut, ist ein weiseres und andächtigeres
1067 2060 2472 2129 Hinlauschen auf den rechten Pulsschlag der menschlichen Herzen,
1056 2124 2473 2191 deren innerer Aufruhr ihm zum Theatereffekt wird. Er hält den
1063 2174 2468 2251 Puls fest und zieht mit Aplomb die Uhr, aber er zählt meistens
1064 2254 2478 2320 nicht richtig. Diese Kunst des richtigen Pulsfühlens, nicht das
1065 2293 2480 2386 Stoffliche sollte ihn bei Ibsen interessiren. Wäre unsre Hofbühne
1060 2339 2471 2428 auf den klugen Einfall gekommen, unmittelbar nach „dem Glück
1068 2419 2471 2497 im Winkel“ wieder „die Frau vom Meere“ auf ihr Repertoir zu
1058 2473 2491 2547 setzen, so wäre wahrscheinlich das deutsche Epigonenstück ein Schlüssel
1057 2544 2477 2618 zum Verständniß des nordischen „Mysteriums“ geworden, ein
1065 2602 2496 2694 Schlüssel, der beim Oeffnen der dunklen Pforte vielleicht zerbrochen
1077 2666 1214 2745 wäre.
1173 2681 2475 2786 Von Hofbühne aber und Lessingtheater müssen wir wieder
1073 2766 2481 2857 den Rückweg ins Deutsche Theater suchen, wenn wir bei den
1065 2838 2477 2916 literarischen Erscheinungen der Saison bleiben wollen. Und hier,
1070 2905 2480 2961 auf der vielgescholtnen Brutstätte des Alltagsrealismus, dürfen wir
1068 2960 2483 3026 unsern Flug auch ins phantastische Land erheben. Die Verbindung
1085 3023 2491 3074 stellt, auch diesmal wieder kompromittirend, Ludwig Fulda her.
1072 3075 2485 3140 Er hatte einen köstlichen Einfall, der Gottfried Kellers würdig
1069 3123 2478 3209 gewesen wäre, als er die Seldwyler schrieb. Berlin W. wird auf
1076 3193 2479 3259 „Robinsons Eiland“ verschlagen. Unsre zweibeinigen Kultur¬
1077 3247 2476 3313 pflanzen verkümmern auf diesem Boden, ein Wildling aber aus
1074 3296 2484 3377 den Tiefen der Volksarmuth wächst mächtig hervor. Kommerzien¬
1081 3357 2489 3442 räthe und Bummelfürsten planen Umsturz gegen Recht, Sitte,
1071 3409 2499 3489 Ordnung, die der energische Proletarier unter der kleinen Insel¬
