3484 4256
426 238 782 310 Liebelei
245 222 1398 348 5. „ box 12/6
1887 389 3076 471 zwei Akte lang die Schauspielerin zur Pastostät verurteit,
1888 456 3070 505 worauf ihr im dritten Akt plötzlich eine große Szene zu¬
1898 501 3074 559 fällt. Fräulein Simon machte auch diesmal guten Ein¬
1891 546 3079 606 druck, wenngleich sie noch nicht ganz aus sich herauszugehen
1896 588 3081 648 schien. Eine schauspielerische Kraft, von der wir viele
1889 625 3077 683 schöne Leistungen erwarten dürfen, ist die neue Senti¬
1885 669 3082 730 mentale Fräulein Alice Lilard, die sowohl als
1887 726 3078 782 Ida Nessel im „Meister“ als insbesondere als Christine in
1887 762 3089 819 der „Liebelei“ allen Anforderungn voll entsprach. Die
1888 802 3091 876 große Szene im dritten Akt der „Liebelei“, der Schmerzens¬
1887 867 3078 909 ausbruch des armen, um sein Lebensglück betrogenen
1894 890 3093 953 Mädchens, der furchtbare Aufschrei, als sie von dem Duell
1897 938 3088 989 ihres Geliebten erfährt, waren erschütternd. Als Schlager
1890 982 3087 1041 Mizzi stellte die Naive Fräulein Vicky Pistor uns ein
1285 1002 1498 1079 — —
1892 1024 3083 1080 frisches, lustiges Wiener Mädel dar. Von unseren be¬
1891 1067 3088 1132 währten alten Kräften seien an beiden Abenden Frau
747 1069 1747 1177 Ausschnitt aus: nzer Tagespost
1889 1113 3092 1174 Maltana, die beidemal zwei köstliche Chargen bot,
1896 1171 3081 1211 Herr Beckmann, der den japanischen Doktor Kokoro
1065 1153 1372 1249 2-0T1913
752 1194 911 1252 vom:
1891 1202 3089 1258 äußerst gelungen darstellte, und der immer pflichttreue
1895 1252 3084 1302 Herr Le Bret ehrenvoll erwähnt. So fügten sich neue
740 1285 852 1335 1
1886 1280 3086 1342 und alte Kräfte zusammen zu einem vorzüglichen Ensemble.
876 1262 1716 1368 Cheater, Bung= und Literater.
735 1326 854 1401 Gen
2001 1337 3093 1391 Die drei bisherigen Schauspielvorstellungen gingen
1462 1328 1852 1415 Linz, 1. Oktober.
1894 1369 3089 1430 flott vonstatten und waren bis auf jede Kleinigkeit sorg¬
842 1395 1877 1481 („Der Meistr. „Liebelei.“) Hermann Bahr
1894 1417 3089 1470 fältig einstudiert. Insbesondere die beiden letzten waren
682 1428 1875 1506 feierke in diesew-Jahre seinen 50. Geburtstag und zahl¬
1901 1462 3098 1516 Abende, die einen wirklich künstlerischen Genuß boten, wahre
2957 1504 2995 1533 1
686 1490 1875 1551 reiche deutsche Bühnen haben dessen gedacht, indem sie
1897 1505 3090 1561 Mustervorstellungen, die sich überall sehen tassen
685 1535 1882 1582 eines der Bahrschen Stücke wieder in ihren Spielplan auf¬
1899 1552 3100 1608 könnten. Im vorigen Jahre zeigte das Schauspiel bekannt¬
697 1577 1875 1635 nahmen. Diese Anerkennung verdient Bahr zweifellos,
1896 1597 3089 1650 lich einige störende Lücken. Sie sind heuer auf das glück¬
698 1621 1878 1676 denn man mag sonst über ihn urteilen wie man will, daß
1892 1634 3082 1688 lichste ausgefüllt, so daß wir, wie schon oben gesagt, auf
700 1666 1880 1713 er dem deutschen Theater eine Reihe interessanter und er¬
1898 1668 3097 1742 diesem Gebiete eine fruchtbringende, genußreiche Tätigkeit
700 1713 1888 1764 folgreicher Dramen geschenkt und daß er in der modernen
1895 1720 3088 1772 erwarten können. Die Direktion hat ihre Pflicht getan.
696 1749 1880 1807 Literatur eine Rolle spielt, an der man nicht achtlos vorbei¬
1902 1768 3083 1824 Nun heißt es allerdings auch für das Publikum, seine
704 1801 1880 1853 gehen kann, steht fest. Es war begreiflich, daß auch unser
1901 1808 3094 1861 Pflicht zu tun und die Bemühungen der Direktion und
703 1836 1883 1892 Theater, die Bühne von Bahrs Heimat- und Geburtsstadt,
1902 1848 3101 1907 die Leistungen unserer braven Schauspieler durch regen
694 1889 1883 1949 sich der Ehrung des Dichters anschloß. Schon in der Mai¬
1892 1894 3096 1957 Besuch anzuerkennen und anzueifern. Leider war der Be¬
694 1929 1881 1985 Saison, als die Meininger hier gastierten, wurde von
1888 1937 3094 1986 such der letzten beiden Schauspielabende ein keineswegs
692 1961 1880 2015 ihnen Bahrs neuestes Stück „Prinzip“ aufgeführt und
1904 1990 3100 2041 starker. Die bedauerliche Tatsache merken wir jetzt schon
702 2013 1873 2069 Montag bildete die Aufführung von Bahrs „Meister“
1903 2027 3100 2090 seit einigen Jahren, daß der Kreis der Schauspielfreunde
689 2058 1872 2124 die offizielle Feier unserer Landesbühne. „Der Meister“
1898 2076 3093 2136 immer enger wird. Wir gehören nicht zu jenen Zöpfen.
702 2097 1888 2154 gehört zweifellos zu des Dichters besten Stücken, ja n an
1902 2123 3097 2178 die es dem Publikum verargen, daß es auch gern den
696 2140 1880 2196 kann ihn als seine reifste dramatische Arbeit bezeichne:
1899 2158 3090 2218 pilanten Reizungen der Operette folgt, sich an der tollen
695 2188 1888 2249 Ziemlich genau vor neun Jahren, nämlich am 24. Sep¬
1893 2213 3093 2262 Heiterkeit und den einschmeichelnden Melodien derselben
690 2228 1885 2290 tember 1904, wurde „Der Meister“ zum erstenmal in Linz
1904 2248 3093 2311 ergötzt, aber schließlich ist es doch ein böses Zeichen, wenn
694 2282 1887 2346 gegeben und wir haben in einem längeren Feuilleton das
1899 2300 3098 2348 die Operette in einem so ausgedehnten Maße die Allein¬
700 2333 1885 2377 Stück besprochen und gewürdigt. Es hat unter allen Bahr¬
1902 2337 3106 2392 herrschaft im Geschmacke des Publikums sich zu erzwingen
685 2363 1878 2415 schen Dramen den festgefügtesten Bau und es führt seinen
1904 2376 3097 2433 droht. Wir gönnen dem Publikum gewiß uuch die leichte
693 2414 1890 2466 Grundgedanken ebenso fesselnd, wie konsequent durch,
1909 2431 3141 2480 Unterhaltung, aber es müßte denn doch in einer Stadt wie
689 2457 1887 2514 wenngleich, wie bei den meisten Bahrschen Stücken, uns das
1906 2473 3058 2523 Linz noch immer eine genug große kunstverständige, ge
706 2498 1884 2563 Ende auch diesmal nicht volle Befriedigung schafft. Der
1908 2509 3090 2558 bildete Gemeinde übrig bleiben, die auch für das Wert¬
694 2545 1887 2603 Meister, dieser große Chirurg, fühlt sich und gibt sich als
1907 2554 3102 2603 vollere, für die geistige Anregung Sinn hat und die sich
709 2580 1894 2643 Ausnahmsmensch, der ohne Rücksicht auf die allgemeine
1899 2596 3101 2648 auch nach literarischen Genüssen sehnt. Insbesondere unsere
703 2627 1888 2677 Meinung seine Wege geht und über die anderen lacht, die¬
1905 2642 3104 2698 Jugend sollte dazu angeleitet werden und es wäre Sache
703 2670 1889 2731 jenigen aber, die in seiner Nähe leben, dadurch in volle
1902 2684 3097 2754 der Professoren unserer Mittelschulen, in dieser Hinsicht
708 2715 1888 2759 Abhängigkeit von sich zwingt, daß er ihnen alles Persön¬
1908 2729 3111 2787 auf den Besuch guter, wertvoller Stücke nicht nur der
703 2756 1899 2824 liche alles Selbstvertrauen und individuelles Empfinden
1910 2761 3103 2824 klasischen, sondern auch der modernen Literatur einzu¬
706 2803 1886 2866 raubt, um sie so zu seinen hilfreichen Maschinen herab¬
1907 2807 3105 2875 wirken. In dieser Hinsicht ist auch das Theater eine Bil¬
699 2841 1891 2908 zudrücken. Sein Gott ist die Vernunft, Gefühl haßt er und
1905 2862 3098 2917 dungsstätte, die insbesondere den Unterricht im Deutschen
700 2882 1895 2948 sucht es auch den anderen auszutreiben. So schreitet er
1904 2913 3108 2962 zu unterstützen geeignet ist. Der Lehrplan unserer Mittel¬
707 2928 1891 2989 auf der Höhe über den übrigen daher, bewundert aber
1906 2956 3110 3013 schulen hat nicht viel Raum für die Literatur unserer Zeit,
707 2978 1899 3036 nicht geliebt von seiner Umgebung, ja, diejenigen, die mit
1920 2993 3108 3046 hier #aß das Theater ersetzend eingreifen. Es mag be¬
709 3018 1889 3071 ihm leben, faßt oft ein gelinder Schauder vor ihm an.
1909 3046 3113 3093 greiflich erscheinen, wenr Leute, die in den Mühen und
701 3067 1903 3134 Solche Ausnahmsmenschen, die sozusagen ein wenig „über¬
1911 3071 3107 3136 Sorgen des Geschäftsleb ns stehen, am Abend eine lustige
699 3108 1894 3166 menscherln, haben Bahr wiederholt gereizt. In diese
1910 3118 3101 3170 Unterhaltung einem er sten Stücke vorziehen, aber die
714 3153 1900 3207 Kategorie gehört sein Baron im „Athlet“, der der direkte
1912 3163 3109 3217 Jugend, die doch noch begeisterungsfähig sein soll, die sollte
714 3185 1889 3248 Vorgänger des Meisters ist, dann gewissermaßen die be¬
1915 3211 3102 3259 nicht von vornherein nur in den sogenannten „leichten
717 3246 1897 3302 rühmte Schauspielerin im „Star“ ebenso wie der be¬
1914 3256 3111 3311 Reizungen“ aufgehen. Wir wünschten, wie gesagt, daß das
702 3270 1888 3341 rühmte Schauspieler in der „Gelben Nachtigall" und
1909 3300 3112 3361 alte Interesse, das noch vor wenigen Jahren in Linz dem
711 3318 1886 3381 schließlich der Dr. Esch in seinem neuesten Stück „Prinzip“.
1910 3338 3101 3401 ernsten und guten Schauspiele entgegengebracht wurde —
721 3369 1900 3428 Auch stofflich hat Bahr im „Meister“ ein Thema ange¬
1910 3372 3107 3451 wir erinnern uns beispielsweise, daß Gerhart Hauptmanns
705 3409 1900 3471 schlagen, das er mit Vorliebe behandelt: das Eheproblem,
1910 3427 3104 3487 „Fuhrmann Henschel“ in einer Saison neun oder zehn
706 3453 1896 3517 Auch hier natüclich hat der „Meister“ seine eigenen Theo¬
1909 3481 3111 3532 Wiederholungen erlebte —, wieder auflebt und damit die
709 3498 1895 3547 rien, die mit denen der übrigen Menschheit nicht überein¬
1916 3514 3109 3576 Diektion unseres Theaters auch in der Pflege des Schau
712 3540 1891 3603 stimmen. Als aber diese Theorien durch seine Frau über¬
1911 3564 3138 3638 spieles eine dankbare und erfolgreiche Aufgabe finden¬
705 3584 1897 3636 raschenderweise in die Praxis übersetzt werden, als auch
1908 3607 2100 3659 könnte.
708 3625 1903 3686 dieser Uebermensch von seiner Gattin betrogen wird, da
715 3681 1905 3740 wird er denn doch empfindlich in seinem Innersten ge¬
2025 3657 3121 3727 (Aus der Theakerkanzlei) wird uns berichtet: Dan¬
717 3712 2225 3767 troffen und fast droht das verbannte Gefühl, das Gitter, nerstag der #
716 3764 1898 3822 welches die Vernunft um dasselbe gezogen, zu durchbrechen
709 3793 1910 3850 Als aber seine Frau sich von ihm wendet, als auch sein
721 3849 1917 3907 Assistent und seine Sekretärin ihn verlassen, da sehen wir.
712 3890 1909 3946 daß dieser vielgepriesene Meister doch ein armer Mensch ist,
711 3932 1917 3987 der sich in seiner Einsamkeit zu dem japanischen Doktor
707 3985 1911 4030 Kokoro flüchten muß, um sich durch öde Theoretisiererei
722 4022 1913 4082 über die Einsamkeit und innere Leere seines Lebens hin¬
710 4069 1053 4124 überzutäuschen.
830 4097 1921 4155 Auf den „Meister“ folgte Dienstag abermals ein
718 4151 1911 4202 Werk eines österreichischen Dichters, Artur Schnitzlers
