3344 4256
1442 130 2399 213 Selbst wenn wir, angesichts der starken Veranlagung
2388 115 3317 221 wenn auch noch so flüchtigen Glücks=Genießen in der
1442 184 2395 248 der Künstlerin, von dem Vorhandensein einer für sie
2390 192 2993 252 menschlichen Natur begründet ist.
839 171 1382 273 box 10/7
402 176 798 257 Liebelei
233 191 857 294 5. Lausezer
1440 232 2397 295 bestehenden directen Gefahr, eines raschen Verflachens
2405 206 3319 284 Doch biese von Christine Weiring geübte Art der
1443 274 2396 331 absehen wollen, so ist doch die kaum geringere
2396 262 3324 329 „Liebelei“, in die „nein die leidenschaftlichen Accente
1440 304 2396 390 Fatalität nicht zu übersehen, daß die Künstlerin
2386 318 3325 375 einer echten Liebe klingen, ist nicht das was dem Stücke
1430 366 2394 429 auf diese Weise den vorzeitigen Verlust jener Aus¬
2390 367 3319 417 seinen Charakter, dem Begriff der „Liebelei“ seinen
1437 402 2390 459 nahmemeinung riskirt, die sie sich durch ihre ersten
2394 390 3333 460 eigentlichen Inhalt giebt. Die schwärmerische
1442 446 2399 509 hiesigen Gastspiele bei dem Hamburgischen Publikum
2384 450 3330 528 Christine ist das blos Ausnahmsweise in diesen
1436 496 2393 563 geschaffen und die zu erhalten doch wahrlich Regen¬
2390 487 3329 550 Gesellschaft von Liebesleuten. Die eigentlichen und
1440 540 2401 604 stand eines gleichen Interesses für die Künstlerin und
2393 539 3328 603 typischen Vertreter Derer, die „Liebelei“ an Stelle
1438 582 2338 654 für die Direction des Theaters selbst sein sollte.
2382 577 3328 656 der Liebe setzen, sind die Modistin Mizi Schlager und
1477 610 2391 685 Von den Stücken, die in Veranlassung des Gast¬
2389 623 3339 686 deren Freund Theodor Kaiser; ist Christines Ge¬
1437 654 2390 732 spieles Frau Franck=Witt aufgeführt worden sind,
2388 672 3324 741 liebter Fritz Lobheimer, der gleichzeitig mehrere Lieb¬
1427 690 2402 784 wären nur noch einige Worte an das Schnitzler'sche
2395 701 3334 777 schaften unterhält, deren eine ihn vor die Pistole
1430 766 2390 816 Schauspiel „Liebelei“ zu wenden, das nach einem
2394 763 3326 820 eines beleidigten Gatten und in ein frühes Grab
1437 813 3325 873 kurzen Hospitiren aus den Spielplänen der Stadt= bringt; und ist nicht zuletzt der Vater Christinens,
1439 847 2399 908 theater Hamburg=Altona rascher verschwunden ist,
2388 856 3327 931 der alte Theatermusikant Weiring selbst, der
1436 896 2396 958 als es seiner inneren Beschaffenheit nach dies ver¬
2380 897 2495 955 auf
2519 896 2634 954 die
2637 886 3336 965 Warnung einer übelwollenden
1433 944 1613 1023 „Reute.
2380 923 3326 1009 Nachbarin, einer Strumpfwickersfrau, die aus
2391 981 3330 1041 Christinens Umgang mit der leichtsinnigen Mizi
1474 964 2395 1044 Zu den Schwierigkeiten, mit denen die moderne
2391 1024 3334 1091 Schlager allerlei Gefahren für die Tugend der ersteren
1357 1026 2399 1112 Bühne zu kämpfen hat, gehört die Forderung nach
2394 1068 3333 1139 prophezeit, unwirsch erwidert: „Was hat denn so
1442 1078 2389 1131 localem Colorit. Ein Bühnenwerk von heute soll
2396 1115 3332 1172 ein armes Geschöpf schließlich von dem ganzen groß¬
1452 1128 2394 1180 einen bestimmt wahe#mbaren Erdgeruch ausathmen,
1441 1168 2401 1236 wenn es voll genommen sein will, sonst fehlt ihm
2392 1167 3338 1222 artigen Bewußtsein seiner Tugend, wenn schon,
615 1163 1327 1259 Thalia=Theater.
1442 1205 2402 1280 die Beglaubigung. Fruyer hatten es die Theater
2392 1205 3331 1280 nach jahrelangem Warten, richtig der Strumpfwirker
2391 1255 2586 1311 kommt?“
1443 1259 2389 1323 besser. Der Name „Irgendwo“ genügte als Orts¬
526 1253 1423 1349 Gastspiel Käthe Franck=Witt. — „Liebklei“
1443 1297 2403 1360 angabe, und wenn es sich nicht gerade um bestimmte
2417 1270 3331 1359 Gesinnungen, wie hier, Situationen und Verbin¬
836 1297 1198 1384 Das Publicum.
1442 1351 2399 1402 Dialecte handelte, gab es für die agirenden Per¬
2386 1340 3340 1404 dungen, wie sie in diesem Stücke sich finden, mögen
1448 1385 2394 1446 sonen nur einerlei Aussprache und einerlei Formen
2395 1390 3330 1443 ja auch anderwärts vorkommen, richtig gewürdigt
526 1380 1451 1461 Frau Franck=Witt ist in den beiden letzten Tagen
1448 1435 2387 1489 des Verkehrs, die ebenso gut auf die Angehörigen
2395 1431 3359 1502 können sie aber doch nur in den Millionenstädten
497 1446 1460 1498 zn vier großen Rollen aufgetreten. Vorgestern als
1450 1482 2396 1529 derselben Gesellschaftsschichte im Norden wie im Süden
2394 1474 3340 1549 werden, wo die Schmutzwelle der Versuchung unauf¬
492 1490 1463 1555 Ehefrau in dem reizenden Fulda'schen Einacter
1450 1507 2400 1578 in Anwendung kommen konnten. Daß die Ansprüche
2399 1519 3256 1591 hörlich an die Schutzmauer hinan schlägt,
494 1546 1454 1602 [Unter vier Augen“ und als Christine in dem
1445 1570 2391 1627 sich seithei geändert und in der oben angedeuteten
2399 1550 3359 1635 Sitte und Religion um das Herz des Arme=Leute¬
504 1581 1468 1638 Schnitzler'schen Schauspiel „Liebelei"; gestern —
1445 1611 2392 1667 Weise gesteigert haben, muß manches Bühnenwerk,
2391 1614 2831 1682 Kindes gezogen haben.
493 1628 1464 1692 Nachmittags 3 Uhr — in der Titelrolle „Cyprienne“
1445 1655 2406 1712 das sonst alle Qualitäten zur dauernden Einstellung
2419 1629 3351 1716 Von Frau Franck=Witt's Leistung als Christine
503 1669 1456 1749 und am Abend ½8 Uhr als Frau von Pöchlarn in
1450 1682 2392 1759 in den Spielplan besitzt, mit einer nur vorübergehenden
2393 1682 3347 1774 Weiring wurde bereits oben kurz gesprochen. Die Wir¬
506 1715 1462 1771 dem Lustspiel „Die Goldsische.“ Man braucht die
501 1743 2393 1810 Künstlerin nicht in allen diesen Rollen gesehen zu Duldung bezahlen. In diesem Falle befindet sich
2388 1736 3341 1818 kung ihres Spiels wäre leicht zu vertiefen gewesen,
508 1811 3332 1861 oben, um zu fühlen, daß in dieser Aufbietung ihre Athur Schnitlers Schauspiel „Liebelei“, trotzdem wenn die Künstlerin nicht von allem Anfang an in
1460 1830 2392 1887 es als Schauspiel manche der an ein solches zu stellenden
2398 1839 3348 1893 Moll, sondern mit etwas mehr Fröhlichkeit eingesetzt
501 1839 1458 1901 Kraft sich rückläusig bewegen müsse, daß die Rollen
1451 1881 2401 1939 Bedingungen unerfüllt läßt und mehr als psycholo¬
2388 1872 3359 1943 hätte. Lebemänner vom Schlage des Fritz Lobmeier
502 1893 1473 1944 Prei und Vier sich unmöglich mit den Rollen Eins
500 1922 2393 1992 und Zwei auf einer gleichen künstlerischen Höhe erhelten nische Studie denn als Bühnenwerk hervorragt. Durch
2397 1925 3358 1998 lieben die allzu reichlich gespendeten Thränen nicht.
499 1971 2395 2026 Punen. Und wer Frau Franck=Witt gesehen, der und durch ein Product der Wiener Luft, aus localen
2388 1972 3351 2023 Fräulein Göhrs war als Mizi Schla#= lustig, wenn
1462 2008 2401 2066 Wiener Verhältnissen herausgeboren und von einem
3100 2013 3348 2070 Salonkleide
2389 2011 3080 2087 auch nicht ganz frei von Zwang. Die
500 2031 1467 2091 hit erst recht erfahren, wie sehr diese Empfindung
1451 2051 2400 2105 Wiener Schriftsteller mit jenen kleinen Jutimitäten
2393 2059 3350 2125 stets schätzenswerthe Frau Horva## war als
502 2068 1469 2137 lch mit dem Thatsächlichen deckt. Mit Ausschluß
1458 2097 2390 2155 durchsetzt, die nur bei dem autochthonen Bewohner
2397 2096 3351 2156 klatschsüchtige Strumpfwirkersfrau nicht ganz
504 2120 1471 2184 ger auch schon früher an dieser Stelle
1464 2145 2395 2199 der Phäakenstadt an der Donau auf ein entgegen¬
2398 2146 3351 2200 an ihrem Platze. Für den Fritz Lobheimer
500 2149 1201 2217 gewürdigten „Cyprienne“ habe
1216 2155 1325 2219 ich
1320 2166 1470 2222 Frau
1454 2186 2400 2247 kommendes Verständniß rechnen dürfen, geht ein
2397 2176 3351 2245 bringt Herr Stockhausen manches, für den Theodor
495 2191 1465 2255 Franck-Witt in den drei übrigen, im Eingang er¬
502 2231 2397 2300 wähnten Rollen gesehen. Sie war entzückend als wesentlicher Theil der Wirkung des Stückes in der
2394 2233 3358 2291 Kaiser Herr Bozenhard jedoch nur dort das Erfor¬
1450 2272 2389 2330 Fremde verloren. Die „Liebelei“ hat mit der Ethik
2395 2268 3346 2336 derliche mit, wo es ihm gegönnt ist, sich lustig aus¬
505 2299 1468 2364 ppriciöse, zum Schluß über beide Ohren verliebte
1458 2318 2397 2376 der Liebe nichts zu schaffen. Sie liegt vielmehr
2390 2305 3358 2385 zugeben. In Situationen, in denen die Seele im
508 2337 1457 2393 Heine Frau in dem Fulda'schen Stück: etwas einrönig,
499 2359 2395 2445 ich immer noch fesseind, in der Rolle der armen weitab von der Wegespur dessen, was wir im Sinne
2390 2357 3351 2425 tiefsten Leid erschauert, wirkt seine Anwesenheit wie
503 2410 2388 2480 Musikerstochter Christine, die das flüssige Goldseiner feelischen Höchstspannung Liebe nennen. Es ist
2394 2421 3351 2472 ein nicht zur Sache gehörender Zufall. Herr Nhil
491 2452 2391 2517 ihrer Liebesleidenschaft gegen das falsch legirte ein Zustand des Sündigens ohne Vorhandensein
2393 2451 3358 2514 endlich hatte die sehr kleine, doch wichtige Rolle des
489 2489 2400 2558 Metall eines Dutzendmannes in die Wagschalej des Sündheitsgefühles, eine Inanspruchnahme des
2398 2498 3348 2558 „Herrn“ zu spielen, der von Fritz Ledheimer den
1932 2535 2397 2603 ohne Serupel über
1443 2540 1926 2613 Rechtes auf Genuß,
2394 2533 3359 2607 Schleier einfordert, den seine Frau in bessen Woh¬
500 2554 1467 2603 wirft; müde und conventionell in der Rolle
1462 2566 2401 2642 die Ungesetzmäßigkeit dieser Inanspruchnahme
2387 2590 3351 2648 nung vergessen hat. Dieser „Herr“ geht wie ein Schatten
499 2597 1456 2662 der auf einen überlegenen Salonton zugespitzten
504 2651 3352 2691 Frau von Pöchlarn. Es ist dies ein ganz natür= und dieses Rechtes. Inhalt und Ideengang des durch das Stück — das lebendige Verhängniß. Diese
498 2667 2394 2725 licher Vorgang, an dem nur das Eine befremdet, daß Stückes sind in der leiden chaftlichen Aussprache zu¬
2388 2672 3355 2739 Rolle muß darum auch durchaus einfoch u. g. so ge¬
1454 2722 3350 2786 sammengedrängt, in der eines der beiden „liebelnden“ spielt werden, wie sie Herr Nhil thätsächlich gespielt
503 2735 613 2784 er
591 2733 1473 2795 nicht schon früher und nicht noch
1454 2758 2407 2817 Mädchen aus dem Volke ihren Geliebten apostrophirt:
2424 2765 3360 2837 — bis zu jeuem Augenblicke, in dem er auf den
500 2772 1471 2831 eclatanter in die Erscheinung getreten ist. Denn
1447 2796 3357 2871 „Du bist ja frei, kannst mich verlassen, wie Du willst! schwachen Versuch des Lobheimer, den Besuch der
501 2823 1457 2872 Frau Franck=Witt ist nicht nur als Gast in so
1455 2847 3358 2911 Tu hast mir nichts versprochen und ich hab' vo. Dir Frau in seiner Wohnung zu leugnen, aufbrausend
498 2866 1465 2927 rascher Aufeinanderfolge in Hamburg thätig, sie ist
1451 2902 3361 2962 nichts verlangt. Was dann aus mir wird, es ist erwidert: „Sie hat ihn (den Schleier) hier ver¬
496 2909 1449 2963 auch als actives Mitglied dem Stadttheater in
492 2950 3358 3003 Leipzig verpflichtet und wenn wir auch ihre Leipziger ganz einerlei, ich bin doch einmal glücklich gewesen, gessen!“ An dieser Stelle gerieth Herr Nhil in ein
502 2990 3350 3053 Thätigkeit nicht kennen, so ist doch wohl kaum auen= mehr will ich ja vom Leben nicht. Ich möchte nur, theatralisches Pathos — was bei zehn anderen Dar¬
487 3034 2390 3106 nehmen, daß Director Staegemann diese eminente daß Du das weißt und mir glaubst, daß ich Keinen
2390 3030 3358 3087 stellern wahrscheinlich kaum bemerkt worden wäre, bei
489 3071 2402 3141 Kraft unbeschäftigt spazieren gehen lassen wird. lieb gehabt vor Dir und daß ich Keinen lieb haben
2387 3073 3361 3137 diesem vornehmen Künstler aber gerade um seiner
1454 3106 2184 3178 werde, wenn Du mich nimmer willst...“
493 3117 1457 3185 Daß aber eine solche Inauspruchnahme nur auf
2376 3126 3358 3196 sonstigen, ihn auszeichnenden Eigenschaften willen,
485 3153 2388 3221 Kosten der Frische und Feinheit der Ausführung Schiller hat einem analogen Ideengang Aus¬
2385 3164 2786 3234 empfindlich auffiel.
486 3198 2403 3258 zu erreichen ist, liegt auf der Hand und erklärt auch das bruck gegeben in den, dem Infanten Carlos —
2408 3186 3358 3273 Zu den mancherlei anderen Unbegreiflichkeiten, von
500 3244 2399 3315 Ungleichartige in den von der Künstlerin hier erzielten hier also dem Manne — in den Mund gelegten
2399 3249 3332 3305 denen unser Theaterpublicum nicht lassen will —
495 3293 2393 3354 Wirkungen. Mit aller Entschiedenheit aber müßte Worten: „Ein Augenblick gelebt im Paradiese, ist
2388 3291 3345 3354 dem Zuspätkommen und geräuschvollen Sicheindrän¬
1455 3347 2394 3395 nicht zu theuer mit dem Tod erkauft!“ — was wir
483 3345 1457 3406 Frau Frank=Witt sich gegen die Zumuthung eines
2391 3330 3352 3395 gen in die Sitzreihen, dem lauten, trompetenartigen
499 3391 3350 3432 zweimaligen Austretens an einem und demselben übrigens nur als einen Beweis anführen, dafür, wie Schneuzen selbst in Augenblicken, die durchaus auf
481 3427 3351 3502 Tage in Rollen, wir sie sie gestern gespielt, wehren. sehr dieses lechzende Sehnen nach einem einmaligen, Stimmung berechnet sind 2c. — gehört auch das
2378 3466 3335 3533 Lachen an hiezu ungeeignetsten Stellen, was sich nur
2380 3495 3356 3571 aus der Unachtsamkeit erklärt, mit der die betressenden
2379 3558 3344 3614 Personen den Vorgängen auf der Bühne folgen.
2376 3593 3344 3671 So wurde auch eine Stelle belacht, in der der, vor
2368 3623 3357 3723 einem tödtlichen Zeikampf stehende Fritz Lobheimer,
2377 3677 3359 3754 mit einem letzten Blick der Sehnsucht und der Rene
2372 3712 3358 3804 auf sein verlorenes Leben, den Frieden umsaßt, der
2376 3760 3358 3850 das unter dem Dache gelegene Heim seiner betregenen
2377 3803 3331 3884 Geliebten erfüllt. Wenn diese Lacher nur wüßten,
2373 3839 3335 3921 wie erkältend ein solcher unzen näßer Heiterkeits¬
2375 3902 3336 3982 ausbruch auf das Empfinden des Torstellers einwirkt
2436 3947 3334 4005 und wie offen sie damit ihr eigenes Manco an
2382 3999 3174 4092 Gefühl und Urtheilsfähigkeit einbekennen...
3066 4021 3329 4101 I. E. w.
