3484 4320
384 237 769 321 Liebelei
217 239 1349 366 5.— box 12/7
1132 3575 1711 3701 Theater und Musik.
1126 3690 1731 3793 Stadttheater Warnsdorf.
1224 3765 1618 3855 „Drektion Exner.
1294 3823 1562 3889 Spielplan.
996 3859 1849 3959 Freitag, den 1. Oktober, zum zweiten Male:
1031 3928 1480 3988 „Hannik geh tanzen“.
997 3964 1775 4037 Samstag, der 11. Oktober: Geschlossen.
1007 4012 1844 4079 Sonntag, dem 12. Oktober, 3¼ Uhr: „Czar¬
1034 4065 1839 4117 dasfürstin“ Fremdenvorstellung zu bebeu¬
1031 4091 1848 4160 tend ermäßigten Preisen. — Abenos 8
1034 4143 1595 4211 Uhr: „Hanni geht tanzen“.
1777 575 2520 671 3 Abwskr, WarEsdert
2192 649 2368 728 11919
1661 698 2697 775 1 Be= dieselben; und was sie etwa Neues zu
1657 754 2687 855 gszu=sagen haben, sie sagen es im selben Ton
1697 818 2686 876 Al= und Rythmus, aus denselben Kräften
2541 867 2677 926 Und
1668 870 2540 944 inem und Gründen, wie dazumal.
1702 912 2687 976 Die sdarum mag man den Dichter auch dann
1681 966 2688 1032 tags lieben, wenn sich ihm die Bewunderung
1682 1015 1811 1093 kr. -
1810 1011 2692 1087 versagt; weil uns sein Spiel, wie immer
1783 1063 2683 1128 ses gestellt und geführt sein mag, doch je¬
1696 1122 2680 1172 eredesmal enger an die Intimität dieser
1690 1156 2689 1232 run= gepflegten und geklärten Menschlichkeit
1703 1195 1812 1256 rger
1719 1205 2687 1287 der heranbringt. Alle Kraft des Geschehens
1712 1256 2690 1335 Ne-strömt aus dem unerschöpflichen Urgrund
1825 1293 2695 1373 stärkster Seelenbewegung: aus der Liebe;
1706 1326 1818 1389 opf
1717 1355 2697 1419 rde jalle Bedeutung des Erlebten drängt dem
1715 1403 2698 1464 ges einen unausweichlichen Ziele des Lebens
1713 1450 2689 1534 ind zu: dem Tode. Ein Spiel zvischen Liebe
1721 1490 2696 1570 ter lund Tod: es gibt ja fast kein Werk von
1722 1551 1816 1607 in¬
1821 1529 2698 1611 Schnitler, unter dessen Titel sich dieser
1721 1594 2698 1674 den Vermerk nicht setzen nese Es gibt wenig
1729 1638 1816 1695 Jos.
1824 1647 2695 1719 moderne Gesellschaftsstücke von so aus¬
1713 1683 1819 1736 ur¬
1826 1711 2699 1770 gesprochen tragischem Geschehen; und
1722 1728 1812 1794 na¬
1823 1744 2696 1820 kaum eines, bei dem die Tragik trotz der
1720 1777 1812 1833 ge¬
1828 1790 2684 1873 allzu zarten Form noch so stark und auf¬
1726 1808 1829 1893 er¬
1830 1839 2699 1913 recht geblieben wäre. Das ist, —wie
1822 1883 2694 1976 jede echte Tragik — die Frucht eines tie¬
1823 1945 2692 2006 fen und mächtigen ethischen Wollens.
1828 2007 2690 2069 Auch hierin verleugnet Schnitzlers Dich¬
1828 2038 2700 2110 tung ihre Herkunft aus dem Salonstück
1824 2084 2706 2161 nicht, das ja auch immer in einer mora¬
1832 2129 2700 2209 lischen Auseinandersetzung gipfelt. Nur
1832 2172 2710 2259 daß bei Schnitzler die advokatovische Dis¬
1829 2242 2699 2308 kussion ganz vermieden und alle Eekennt¬
1828 2264 2706 2359 nis echt dichterisch auf das Gefühl gestellt
1828 2341 2706 2395 ist. So folgt er den Spuren Henrik
1747 2377 1823 2435 r¬
1836 2364 2709 2450 Ibsens. Die Verwandtschaft mit diesem
1827 2428 2709 2520 heute noch immer fortwirkenden Gevat¬
1828 2475 2702 2554 #ter der ganzen deutschen Moderne ist bei
1843 2530 2717 2604 ihm stark, aber ehrenvoll zu spüren.
1754 2524 1840 2607 6
1872 2570 2712 2646 Die Aufführung an unserer Bühne
1834 2623 2707 2699 gab Schnitzler leider nicht, was Schnitz¬
1755 2644 1832 2701 ch,
1834 2677 2709 2751 lers ist. Das Stück war nicht in seine
1838 2735 2717 2789 richtige Atmosphäre gestellt. Wienerisch
1842 2786 2717 2841 weich gleiten die Szenen ineinander, aber
1842 2819 2712 2895 jede einzelne Figur muß ganz durchblu¬
1840 2883 2708 2942 tet sein von den Absichten des Autors,
1845 2920 2713 2986 erfordert die vollste Erschöpfung von
1846 2981 2722 3040 Wort und Seele, wenn das Publikum
1831 3024 2726 3085 mitfolgen und das Spiel ganz verstehen
1850 3071 2711 3141 soll. Die Tatsoche, daß dieses selbstver¬
1853 3118 2717 3187 ständliche Ziel jeder Reproduktion sicht¬
1801 3166 2716 3229 nbar nicht erreicht wurde, qualifiziert allein
1786 3215 2726 3299 die Aufführung als eine minderwertige.
1833 3265 2732 3343 In schärferer Kontur hob sich nur Else
1848 3312 2731 3387 Norden ab. Sie zeigte als Christiné
1831 3370 2722 3451 wieder großes und starkes tragisches Kön¬
1843 3413 2715 3469 nen, das aber dieser Rolle nicht ganz ge¬
1830 3455 2718 3528 recht werden konnte. Der Zauber, der
1849 3503 2730 3569 ldieses starke Wiener Mädchen umspinnt,
1845 3554 2731 3629 [fehlte der Darstellung. Er war nur in
1854 3601 2722 3664 Andeutungen erkennbar, wie auch der
1853 3654 2734 3731 Fritz des Gastes bei allen Vorzügen der
1862 3701 2728 3772 Wortbehandlung nicht über Andeutungen
1861 3755 2724 3815 hinauskam. Schnitzlers gutangezogene
1855 3809 2731 3873 junge Männer wollen gemeiniglich an¬
1858 3835 2738 3917 ders gespielt werden. Vor einer weiteren,
1862 3904 2727 3964 Probe ist ein Engagement kaum gutzu¬
1851 3933 2726 4017 heißen. Ein recht gutes Konterfei eines
1868 3979 2730 4057 leichtlebigen, unbedenklichen Gentrys bot
1859 4048 2717 4108 Walter Sima, dessen Theodor immer¬
1853 4091 2716 4150 hin flott genug war, um glaubwürdig
1855 4137 2716 4209 zu erscheinen. Auch die Mizzi Anni
