3484 4224
30 1855 94 1921 cht
498 202 764 278 Liebel
313 183 1467 324 5. ei box 10/3
243 982 688 1071 r Theatersaison 1895/96.
223 1062 1054 1170 #uch imponiren. Wildbrandts „Meister
241 1154 1060 1227 ines nachdenklichen und hochgebildeten
225 1227 1053 1292 en hoher Ahnen. Zählt man zu diesen
231 1268 1061 1353 hen Faust oder den Shakespearischen
228 1336 1057 1410 euerer Zeit, die Wilbrandt selbst vor¬
244 1401 1052 1453 t wird, wie Ibsens „Brand,“ Ibsens
240 1447 1050 1521 bstand sichtbar, und dem „Meister von
238 1518 1054 1586 n erst recht die Pforten der Vollendung.
239 1571 1052 1644 atur ist das Epigonenthum zu ausge¬
233 1628 1049 1708 he Größen erreichen könnte. Nur wer
231 1682 1045 1771 Kraft emporsteigt, gelangt nach oben;
243 1749 1050 1827 en äßt, den befällt im Weiterkommen
253 1817 1041 1886 Auch das ist eine Lehre für die junge
240 1858 1047 1938 eben in eigne Formen zu fassen suche
251 1931 1040 2007 eigne Ansicht auch Vergangnes ver¬
239 2037 1044 2103 st, die Form ist, der Stoff entscheidet,
237 2097 1042 2171 ingen des Kunstwerks, so bezeichnend
256 2165 1036 2233 die Art seiner Zeit ist die Wahl des
237 2216 1041 2296 wvo sittliche und soziale Wohlfahrt des
230 2277 1045 2353 dern Ziele und Wünsche zurückdrängt,
246 2333 1041 2408 dringlicher wird, als die Bitte ums
240 2399 1036 2474 verwundern, daß auch für den Dichter,
236 2450 1042 2533 den Brodverdiener und Brodverlanger
225 2506 1037 2580 hme stehn. Daher dringt durch die
234 2571 1037 2653 anns, Hirschfelds, Halbes, Schnitzlers
268 2631 1041 2704 Nöthen und Forderungen auf die
235 2688 1041 2769 ser Zeitkämpfe werden möchte. Sogar
244 2750 1043 2819 Satire Fuldas rechnete mit dem An¬
236 2803 1035 2878 von unten herauf kommt. So starke
243 2867 1040 2946 heraus. Vielleich hätte sich der schöne
244 2922 1043 2995 nach Palmyra geflüchtet, wenn ihn
259 2977 1035 3069 der Eingriff des rauhen Lebens ge¬
269 3088 1042 3178 des eignen Bodens wechselten stets
233 3156 1045 3238 tmann ist der Kreis der eignen Zeit
268 3229 1042 3287 geworden. Er strebte hinaus und
242 3291 1034 3355 an einem fernen, vergangnen Wesen.
231 3328 1046 3403 Kunst nicht untreu geworden. Sein
237 3394 1045 3479 ian Geyer“ steht vor mir als ein
2791 978 2920 1054 499
1868 967 2548 1054 Die Berliner Theatersaison 1895/96.
1500 1060 2909 1154 riesiges Ringen zwischen Stoff und Form, die sich zu einander
1505 1141 2925 1204 nicht finden wollen. Ob Gerhart Hauptmann diesmal etwas
1496 1200 2909 1264 Großes und Gutes schuf, darüber kann man streiten. Daß er etwas
1504 1249 2922 1308 Neues schuf, lehrt am deutlichsten ein Vergleich mit gleichzeitigen
1491 1319 2910 1384 Erzeugnissen älterer Stilart. Dazu bot das abgelaufne Theater¬
1496 1364 2918 1441 jahr bequeme Gelegenheit, die nicht unbenutzt vorüberging. Eine
1502 1443 2904 1507 Zeitlang war es, als würde auf den Bühnen Berlins eine litera¬
1496 1479 2912 1568 rische Schlacht geliefert. Das Feld#schrei lautete: hie Hauptmann,
1492 1554 2907 1621 hie Wildenbruch! Binnen eines Zeitraums von drittehalb Januar¬
1501 1605 2914 1686 wochen ließ Gerhart Hauptmann im Deutschen Theater sein
1507 1681 2900 1740 „Bühnenspiel aus dem Bauernkrieg" und Ernst von Wilben¬
1497 1722 2910 1796 bruch im Berliner Theater seinen „König Heinrich“ aufführen.
1500 1777 2919 1851 Die Vox populi, die zwar nicht immer Gottes Stimme ist, erklärte
1495 1833 2915 1898 mit Entschiedenheit Wildenbruch für den Sieger. Während „Florian
1500 1895 2902 1973 Geyer“ nach der sensationellen Première nur wenige schwach be¬
1496 1949 2919 2035 suchte Häuser überdauerte, ist „König Heinrich“ bis tief in den
1507 2016 2678 2092 Sommer hinein des Zulaufs der Masse sicher gewesen.
1591 2075 2917 2145 Die Autoren beider Stücke sind vornehme, hrliche und starke
1502 2151 2911 2204 Naturen, die ohne Liebedienerei und Streberei mit den ihnen zu
1495 2204 2931 2269 Gebote stehenden reichen Gaben dasjenige suchen, was sie für recht
1492 2261 2918 2329 und gut und wahr und schön erkannt haben. Wie sie schon Nächsten¬
1506 2328 2917 2384 liebe zu gemeinsamem Werk vereinigte, so würden sie bei persönlicher
1495 2368 2911 2421 Begegnung einander freundlich und friedlich die Hand reichen.
1498 2432 2914 2496 Aber es kommt vor, daß drinnen im Rauchzimmer bei Weinlaune
1502 2484 2909 2569 die Herren über denselben Gegenstand artig streiten, über den sich
1496 2542 2911 2613 draußen im Stall ihre schnapsenden Kutscher schon prügeln. So
1503 2613 2916 2680 hat es auch im ästhetischen Streit um Wildenbruch und Hauptmann
1493 2656 2923 2742 nicht an Knüppeln aus dem Sack gefehlt. Durch kunstunwürdige
1497 2709 2906 2800 Lärmauftritte im Theaterraum, durch Schmähungen in der Tages=,
1504 2775 2923 2845 Wochen= und sogar Monatspresse vermeinten plumpe Parteiläufer
1495 2849 2920 2914 den Einen todtschlagen zu müssen, um den Andern Joch leben zu
1499 2910 2931 2985 lassen. Möcht' es jedem ernsten Dramatiker beschieden sein, daß
1498 2956 2435 3039 Pöbelelemente seinem Gefolge fern bleiben.
1599 3024 2912 3083 Auch diesmal läßt sich der Streit sachlich ausfechten. Im
1499 3072 2906 3155 Wesentlichen handelt sichs um die Anwendung des Naturalismus
1500 3130 2904 3188 auf das geschicliche Drama. Hauptmann versuchte diese An¬
1506 3197 2910 3263 wendung, während Wildenbruch durchaus im alten Geleise des so¬
1505 3257 2912 3328 genannten hohen Stils verblieb. Das sichtbarste Stilzeichen im
1492 3308 2917 3380 Drama ist seine Sprache. Bei beiden Autoren (darin giebt Wilden¬
1498 3380 2918 3456 bruch nach) sprechen die Personen Prosa. Aber bei Beiven ist die
