3436 4256
1032 163 1425 264 box 12/7
329 154 883 274 5. Liebelei
1743 648 2816 731 letzten Akt) verteufelt in jenen fatalen, gescheitelten
1044 629 2794 754 Lobe-Theater. ##Schnarrton ab, der — gans unwienerisch — an vorrevo¬
740 704 2800 806 Gastipackl Kleinoschegg im Lobetbeater. lutionäre Zeiten in Norddeutschland erinnert. Kälbe
786 739 968 822 Dien
1094 764 1760 830 iebalei“ eines der ersten Stücke
1757 771 2803 845 Habel=Reimers kam dem Tov des „süßen Mäbels“
698 786 1754 862 Des Wiener###kgevork Zu seinen erfolgreichsten, bahn¬
1759 809 2828 860 näher, Gustav Dankmars Violinspieler hatte öster¬
713 822 1322 903 örrchendsten, #s#ber aber nicht
1331 840 1739 906 #t seinen besten und
1760 850 2838 939 reichische Klänge. Die einzige wirklich tragische Rolle, bi##
724 881 1742 941 Agensten Werken. Das Mit#der neunziger Jahre, sitten¬
1752 885 2788 958 der Christine, aber blieb ganz gesichtlos. Maly Dey¬
718 917 1742 983 bildartig, erschiguend Vorder= und Hinterbaus=Drama
1753 926 2792 991 schafts unentwickelte Sprech= und Bühnenmektel
700 938 1753 1021 Zat bereite angesetzt. Artbur Schnitzler, der un¬
1752 966 2689 1039 zeigten sich der Aufgabe in keiner Weise gewachsen.)
716 998 1765 1053 Here S###e sprübender flüssig=spielerischer
2510 1021 2776 1099 Df., N. M.
612 1036 1756 1112 Tresl#tge, erscheifk vier als merkwürndig scharf unter¬
702 1071 1765 1133 treichender Sozialetbiker. Es ist dieselbe Geste wie etwa¬
2091 1076 2433 1151 Thalia=Thegter.
699 1117 1750 1185 „Märchen" und „Freiwild“, die ungefähr zur gleichen
636 1142 742 1203 7
767 1151 1755 1218 #t ##standen, vorgetragen mit heißer Ueberzeugung
754 1177 1759 1250 3 menschlichem Herzen — aber heute, wo man das
707 1209 1756 1294 Lebenswerk dieses dialektischfeinen und satirischgenialen
694 1250 1759 1328 Empfindsamen überschauen lann, sieht man, das diese
703 1303 1751 1359 wragisch=ethische Geste nicht sein Tiefstes war. Handgreif¬
702 1338 1744 1409 sich sind die Anleihen, die der Verfasser hier bei den heit¬
695 1381 1743 1439 enössischen Moralerneuerern macht. Und auch vom
694 1413 1748 1484 ganzösischen Vorbild ist er noch nicht fret. Ein Duell auf
687 1459 1738 1513 der Bühne (oder hinter der Bühne, das bleibt sich gleich)
744 1487 1759 1546 wer kann nach Sternbeims Parodie das noch ernsthaft
685 1534 1760 1609 sehmen? Ist ein Duell mit seinem Zufallsnervenkitzel
2702 1528 3092 1616 Telephon 12.801.
693 1556 1513 1635 überhaupt eine dramatische Angelegenheit??
763 1598 1749 1675 Bei der Aufführung, die dem Werke am Sonntag im
2976 1600 3119 1677 se
687 1629 1749 1718 Lobetheater zuteil wurde, trat die novellistische Behand¬
2105 1648 3029 1732 „OBSERVER
678 1667 1739 1748 lung des Themas, die mehr aufs malerische Detail als
678 1715 1750 1790 auf Ballung einer wahrer. Konflikthandlung gebende
2110 1707 3127 1788 k. österr. beh. konz. Unternehmen für Zeiziygs-Ausschnitte
688 1745 1739 1838 Szenenführung bestimmend in den Vordergrund. Hier
2094 1774 2401 1856 Wien, I.,
677 1788 1733 1869 hätte die Spielleitung, für die diesmal Franz Son¬
2053 1772 3116 1967 grdiauer Worsgonhlupiats Nr. 4
680 1818 1726 1906 dinger verantwortlich zeichnete, die Luft mit mehr
678 1875 1737 1948 Spannungsenergie laden müssen. Willd Klein¬
2686 1869 2917 1954 300 7
671 1904 1738 1982 oschegg, den wir vor einigen Tagen in einer klassischen!
662 1940 1737 2013 Kainz=Rolle sahen, wäblte, getreu seinem Vorbilde, für
661 1979 1730 2046 den zweiten Abend einen Schnitzler. Und wie Kainz im
663 2025 1716 2086 „Zwischenspiel“ suchte er nun seine Fähigkeit im Salon¬
665 2055 1731 2136 stück zu dokumentieren. Den Eindruck, den man von dem
661 2100 1724 2175 diesmaligen Gastspiel des ehemaligen Breslauer jungen
2919 2059 2999 2182 5
661 2129 1723 2204 Helden mit fornimmt, hat diese zweite Rolle kaum ver¬
2236 2081 2697 2218 Lobe=Theater
651 2174 1721 2245 tieft. Einen jungen Lebemann zwischen den Hämmern
2250 2170 2982 2253 rs „Liebelei“, dieses wundervoll
651 2206 1712 2287 eines selbstverschuldeten Verbängnisses sah man, aber
2023 2210 2163 2285 S#
1967 2206 2972 2313 Uindeück der deutschen „Jugend“, übte
657 2246 1729 2335 gerade der besonderen süßlich=herben Atmosphäre von
1960 2256 2990 2350 ahn Sonntag bo' neuem seinen unverwelklichen ZauberI
658 2296 1725 2363 sschmerzhafter Erotik und Melancholie, die die schwer¬
1959 2297 2963 2383 chif ein ausverkauftes Haus aus. Dieser frühe Schnitz¬
656 2329 1721 2406 blütigeren Gestalten des Anatol=Dichters wie ein feines
1966 2331 2966 2420 ler, der uns schwerer zu wiegen scheint, als ein Dußend
652 2364 1720 2429 erregendes Parfüm umwittert, spürte man kaum eines
1960 2377 2966 2469 der späteren, leicht ins Artistische abirrenden Schau¬
644 2396 1720 2461 Hauches. Kleinoschegg hat Seele, hat Kühnheit. Doch zu¬
1971 2399 2981 2511 spiele des Wieners, wirkt trotz der Banalität seines
648 2439 1723 2532 viel Seele für diesen halben Liebhaber, zu wenig Ironie
1962 2452 2983 2535 Stoffes als Kunstwerk heute frisch wie am ersten Tag.]
650 2474 1709 2566 für den vom Schwermut berührten Weltmenschen. (Fritz)
1971 2498 2975 2577 Für hingebungsvolle Jung=Mädchenliebe und ihre grau¬
651 2516 1712 2593 Paul Kohlmann=Heydes Prosilierung des The¬
1971 2519 2989 2631 same Enttänschung sind im ganzen Umkreise deutschen
827 2566 1680 2631 ar mehrdeutig. Die Kälte des Zynikers, die
1974 2570 2980 2652 Schrifttums selten eindringlichere und prunklosere
658 2590 1741 2694 Msie d Mu  La
1974 2602 2978 2701 Worte gefunden worden, als in diesem Dreiakter, der
1977 2650 2975 2732 auch dann noch aus Herz greist, wenn ihm seine Schau¬
1972 2692 2981 2791 spieler wie am Sonntag mancherlei schuldig bleiben.
1978 2728 2991 2812 Keinoschegg ais Fritz hatte gute Momente, war!
1981 2780 2988 2855 aber meist in Spiel und Stimmung zerrissener, als es!
1973 2805 2996 2888 diese in einen tragischen Konflikt verstrickte Gestalt ver¬
1983 2837 2989 2922 trägt. Seine Gegenspielerin Maly Delschaft!
1982 2865 3008 2964 fand für den Schmerz zertretener Liebe echte Töne, ohne
1983 2911 3005 2998 ihrer Christine ganz den bodenständigen Neiz des
1983 2950 3005 3047 Wienertums geben zu können Diese unentbehrliche
1979 2997 2989 3093 Nüance mußte trotz allen guten Willens auch Käthe
1983 3035 2998 3113 Habel=Reimers' Schlager Mizzi versagt bleiben.
1981 3079 2989 3164 Gustav Dankmar wieder hatte für den alten Wei¬
2907 3115 2987 3167 er
1990 3126 2920 3199 ring mühelos den Dialekt zur Verfügung, aber
1994 3150 2997 3237 machte aus dem Stillen, um Ruhm und Erfolg be¬
1994 3203 3001 3271 trogenen Musikanten einen fahrigen, geräuschvollen!
2288 3236 2988 3302 ise Eckert, eine nur zu norddeutsche,
1995 3252 2223 3316 Pathetiker.
1990 3270 2995 3359 gistige Klatschbase, und Fischer=Streitmanns
1993 3312 2995 3385 reprösentablei Rächer seiner Ehre schlossen den Kreis
1990 3357 3017 3419 des unter Sondingers Spielleitung vereinigten!
1994 3416 2180 3480 Oktetts.
2260 3457 2712 3540 Met
