3344 4224
342 112 709 184 Liebelei
876 114 1309 200 box 13/5
196 116 761 213 5. B
706 553 1010 622 Ne DE DEBIT-
515 659 1593 721 Estreit de S
523 736 1542 824 Aise Aoduanie Ses
521 814 1216 922 Dase — Z U0cf s933
524 961 805 1027 Signature:
516 1059 998 1170 Exposttion
1128 1097 1195 1134 —
1449 1182 2218 1254 senza natürälments dirle che va verso
717 1171 1448 1305 Aproposito di Libelei,
1468 1237 2173 1283 la morte, Comprende cheh solo presse
1460 1278 2176 1327 di lei pôteva trovare II voro é grande
2189 1276 2248 1337 D
760 1301 1446 1361 Da quando il einematografo si 6
1470 1324 2247 1377 amord, qusllé ché si dea Soitänte s0-1a
722 1353 1449 1400 messo ad imitare il teatro accade
1473 1361 2244 1422 gnarc; mä, troppo tardi, la morté losg
736 1386 1452 1444 spesso di dover fare il confronto tra
1470 1402 1586 1456 Spia.
729 1440 1454 1487 latal cömmädia ell tal film, e finire
1495 1426 2247 1492 Quando-Oristiha apprende ché il suold
735 1471 1451 1521 sempre per riconoscere che la prima
1466 1472 2247 1535 Fritz é morto, ed & morto per un'altral1.
725 1506 1212 1569 erd meglio del seconde.
1452 1504 2182 1576 donna, s’accorge che nulla essa 6 sta¬
2193 1531 2250 1574 a
763 1554 1442 1600 E' vero che con dJeunes filles en u¬
1460 1558 2234 1609 ta per colui ch’era tutto per essa. EIG
720 1591 1452 1644 niformesn é actaduto precisamente 1
1461 1597 1646 1655 s’ucelde.
728 1636 1455 1703 contrarto.,, ma l’eccezione non fa la
1489 1631 2231 1693 Cosi' é nel dramma. Nel film invecel 1
730 1674 905 1724 regola.
1459 1672 2231 1744 & tutt'altra cosa. II fatto resta 10 stés¬
765 1712 1453 1768 Con & Libelel s, dramma in tre atti
1471 1721 2229 1778 6o, ma Fritz non lo è pid. Fritz, non elC
719 1753 1442 1802 delle scrittore viennese Arturo Schnitz¬
1463 1760 2247 1814 pid, come nel dramma, un amoroso 1.
732 1804 1447 1851 ler, slämo di fronte ad un terzo caso.
1462 1810 2209 1859 gentile, ma intimamente indifferente,
724 1838 1451 1891 Questo dramma fu happresentato per
1469 1841 2232 1897 che solo quando & troppo tardi si av-C
732 1879 1444 1923 la prima volta il 9 ottohre 1895 al
1476 1888 2179 1931 veue d’essere passato vicino all’amore
2187 1884 2244 1934 8
727 1914 1447 1970 Burgthéater di Vienna. & Libelei ) e il
1460 1923 2219 1971 senza afferrarlo, ma é invece l'aman-II
729 1952 1445 2014 séconde tentätivo teatrald di Artur¬
1470 1963 2188 2036 te entuslasta, che, suo malgrado, paga
722 1996 1448 2059 Sehhitzler, e mentré il primo, & Mär¬
1471 2004 2199 2072 con la vita un errore comnnesso in pre¬
728 2037 1449 2091 chen 9, dra Stäto un fiasco, & Libelei?
1468 2045 1649 2097 cedenza.
732 2082 1452 2128 diede al suo autore Gelebrità e fortuna.
1500 2068 2224 2132 Ma il cuore di Cristina in questol C
762 2122 1451 2176 La träduzione fräncese di questo
1471 2124 2199 2163 Genso & soddisfatto, ed é soltanto il do¬
730 2163 1453 2209 drammna 6 statd data a Parigi dalla
1473 2168 2187 2225 lore che la epinge alla morte, non 6
722 2212 1449 2250 Comipaghia di George Pitoeff un mese
1464 2211 2210 2254 piu la deluslone. Essa sa che Fritz e#
726 2241 1453 2283 fa, é éios quando l'omönima versione
2183 2241 2231 2311 1
1474 2251 2181 2298 mmorto, ma essa é anche certà d’essere
724 2277 1452 2334 cinematogräfica ord gia sul cartellone
1472 2285 2185 2342 tata amata; é appunto per questo che
724 2319 1441 2370 dello Studio de l’Etoile, son il succes¬
1459 2321 2182 2385 essa si ucelde. E Hel film non puo'
726 2367 1449 2416 so che tütti sanho, gia da parecchi
1459 2362 2182 2424 pörsi 1á terrlbile domanda che si pone
715 2400 869 2450 mési.
1458 2413 2160 2462 nel drammal: & Cosa sano statä per
765 2445 1444 2492 Ché Sia stäto il sucsesso del flim a
1464 2450 2164 2497 lurrs E nemmeno la risposta, la terri¬
723 2483 1438 2529 spingeré Pitoeff à rappresentare
1471 2491 2166 2559 bile risposta & la stessa: &Nulla, un
2184 2505 2241 2549 s1
716 2521 1212 2581 dramma di Schnitzlene
1456 2525 1849 2580 semplice trästullo 5.
755 2562 1121 2614 Pröbabiimenté 8l.
1490 2562 2169 2623 II film é di concezlone piü moderna,
2183 2586 2256 2629 nt
753 2599 1450 2656 Cosa piü certa öscheil dramma, cioé
1467 2608 2169 2664 anche se l’insieme del dramma resta
2194 2622 2252 2678 1
723 2646 1439 2698 T’öriginale, ha avuto, dinanzi al pub¬
1462 2652 2165 2692 lo stesso, ecco perché il successo é an¬
717 2682 1450 2739 blico parigino, Molto meno successo
1468 2688 2260 2760 dato tutto dalla parte dei Campi Elisl.) gn
712 2731 1456 2775 del flim? Perché? E' il einematografo
724 2763 1451 2822 riuecito à sopppiantare ii teatro? #
726 2808 1457 2859 dunque il einsmatografe riuscito à 112
719 2838 1461 2899 berarsi di quella forma di pigrizia
717 2892 1453 2935 mentale che lo fa vassallo del teatro?
719 2926 1454 2975 Si & finälmente réso conto che le sue
716 2968 1455 3012 risorsé sono infnitamente superiori a
714 3006 1460 3060 quelle del teatro dche esso puo’ an¬
723 3051 1451 3095 darsene sicuro verso la strada che si
709 3083 1456 3147 inoltra hell'avvenire, ché é lastricata
712 3138 1457 3187 dalla rechica mioderna ed illuminata
711 3167 1013 3217 dalid soienza!
757 3193 1472 3272 Purtroppo non släme ancord a que¬
707 3246 940 3298 stö unto.
771 3279 1459 3361 II magglor sucoesso di & Libelei 9,
706 3335 1453 3390 versione cinematogratica, in oonfron¬
705 3366 1460 3421 to al lavöro téätrale & dipeso da tut¬
705 3419 1447 3464 t’altär ragicne. La differenza sta nei
707 3445 1454 3503 fatté che il dramma e Stato scritto
716 3496 1456 3536 quarant’änni fa é il film & stato invece
715 3527 1457 3584 girarb söltänto ord. E siamo poi pro¬
713 3577 1446 3625 prie sieüri She il film rispecchla le con¬
708 3616 1447 3654 cezioni, esprime i sentimenti e le pas¬
715 3657 1450 3712 sioni che Schnitzler ha profuso nei suo
706 3689 1285 3745 lavorof Noi crediainö di Ro.
753 3728 1447 3787 In apparénza in film & und hormale
701 3782 1447 3829 versione einematografica del dramma.
708 3818 1451 3870 Esso ei riporta in una Vienna di qua¬
699 3853 1442 3909 rantà änni fa. Mäil cärattère e Tani¬
699 3900 1454 3950 stessi. 1 personaggi, pur ripetendo gli
700 3935 853 3979 stessl.
863 3934 1418 3979 : persönaggi, pur ripetendo
696 3971 1426 4027 stessi gesti, hanno subito und trasfor
710 4015 1435 4070 mazione interiore. II tempo ha lavo
702 4053 1143 4094 rate nel lore carattere
1267 4058 1393 4096 IOFO SU
