3484 4224
345 161 743 232 Liebelei
878 159 1332 257 box 12/8
322 199 761 270 — 4 — — — 1
584 580 983 791 Klose &
639 774 1240 856 Bureau für Zeitungsausschmte
580 838 1300 906 Berlin NO. 43, Georgenkirchplats 21
763 896 917 1013 4
1044 930 1148 1036 26
542 990 797 1078 Zeitung:
852 1040 1197 1147 Erfurz
567 1057 708 1126 Ort:
556 1119 821 1207 Datum: —
912 1194 1380 1314 —TAH
558 1232 722 1314 (—5
1771 1418 3008 1510 st niemals hochtrabenden Dialog alle Steine des Anstoßes aus
610 1425 1540 1504 Arthur Schnitzler: Liebelei.
1715 1477 2933 1541 dem Wege zu räumen versteht, braucht man es nicht. Liebelei
422 1479 1667 1577 Neu eingeübt im Deutschen Nationaltheater.
1719 1502 2995 1586 Klang und Inhalt des Wortes sind die Prägung nicht nur für diese
1714 1547 3015 1635 drei Akte sondern für die Mehrzahl der Plauderstunden, die man mit
493 1577 2423 1662 Neu eingeübt erscheint Arthur Schnitzler auf dem Spielplan! Arthur Schnitzler verbringen kann.
427 1590 1716 1659 der Weimarer Nationalbühne. Das ist — auch im Weimarer Mi¬
419 1649 1714 1709 lien — immerhin ein Wagnis angesichts des lebhaften Kanaken¬
1791 1661 3002 1741 Die Spielleitung Eugen Wilhelmis ließ das Wiener Milien
424 1682 1708 1747 tanzes, den Rechts- und Staatsanwälte, Philo= und Antisemiten,
1724 1695 3004 1786 sprachlich nur ganz leicht anklingen. Das war bedauerlich, soll aber
416 1721 1703 1786 Links= und Rechtspolitiker und andere Kunstverständige seit Wochen
1711 1748 3005 1820 gern entschuldigt werden, wenn eine stilgerechte Durchführung
429 1757 1707 1821 um Schnitzlers „Reigen“ herum aufführen. Wenn die Weimarer
1718 1788 3007 1860 nicht möglich war. Im übrigen klangen alle Töne echt und waren
430 1798 1702 1860 Intendanz damit feststellen will, daß der Dichter Schnitzler in
1712 1814 3009 1900 in Schnitzlerscher Tonart gut aufeinander abgestimmt. Für Käte
429 1838 1707 1902 keiner Weise diskreditiert wurde — zu der Aufführung des
1709 1862 3000 1935 Radels ein wenig verschlossene Herbheit ist das „süße Mädel“ nicht
427 1871 1704 1953 Reigen mag man stehen wie man will —, so sei diese ersteuliche
1721 1907 2882 1971 geschrieben. Um so anerkennenswerter daß sie im Rahmen
422 1903 971 1964 Intention gerne anerkannt.
2874 1911 3011 1970 blieb
1713 1939 2776 1997 und nur selten stärkere Akzente in das Spiel brachte, als
484 1935 1707 2023 Wozu all die mehr oder weniger hitzigen Leitartikel, mehr oder
2942 1955 2998 2006 r.
1718 1975 2774 2044 Der Schmerz des letzten Aktes war jedenfalls sehr weibli
412 2004 1697 2053 weniger spitzigen Feuilletons, Lokaltermine, Entrüstungsskandale —
1718 2028 2738 2087 erschütternd. Marlies Homann war eine sehr herzig
424 2035 1708 2086 pour une omelette! Wobei zu bemerken ist, daß ein Omelette von
1712 2063 2741 2109 Freundin. Rudolf Rieth der junge Herr Fritz, wa¬
422 2066 1716 2133 einem verständigen Koch heiß und schaumig gebacken, der delikate
1720 2100 2740 2156 weichen und symphatischen Organ und seinem an und f.
420 2095 1707 2160 Schlußpunkt eines leckeren Mahls sein kann, daß sich aber bestimmt
1714 2134 2722 2197 österreichischen Habitus an der richtigen Stelle. Ih
422 2147 1709 2205 ni nand daran den Magen verderben wird der dies nicht schon an
1716 2172 2727 2234 als skeptischer, von des Gedankens Blässe wenig angek
421 2184 1708 2254 d#n voraufgegangenen robusteren fleischlichen Genüssen getan hat.
1712 2212 2727 2265 rater Herr Holtz, der sich Viktor Schwanneke mit Ers
425 2229 1705 2281 Moral- oder Unterleibsangelegenheit swie eine große Berliner Zei¬
1713 2248 2733 2304 bild genommen zu haben scheint. Eine feine Charak
417 2267 1711 2322 tung den Reigen geschmackvoll wertete)? Freilich, die Schnitzlersche
1715 2283 2742 2338 liebenswerter Einzelzüge bot Carl Schreiner als al¬
411 2297 1714 2362 Moralität besitzt weder Wedekindschen Fegfeuerfanatismus noch die
1707 2317 2766 2385 und sorgender Vater. Eindrucksvoll war der kurze Au
424 2345 1704 2398 purgatorische Lebensverschlossenheit einer Reihe von Auchdichtern.
1705 2348 2784 2429 Illigers als „Herr“ während die Szene der Frau Binde
425 2378 1710 2438 Sie zieht mit anderthalb weinenden und einem halben lachenden
1712 2388 2995 2465 Erland), dieser spezifisch wienerischen Figur, sehr unter der fehlen¬
410 2414 1706 2476 Auge fatalistisch das Fazit aus einem trotz allem sehr lebensechten
1718 2437 2976 2504 den Gesamteinstellung auf das (immerhin wesentliche) Motiv „Wien“
527 2458 1704 2505 n und gibt nur leise und diskret den Rat: „Macht's besser!“
1716 2476 1993 2533 leiden mußte.
545 2487 1711 2553 tzlers Gestalten sind Menschen keine europäischen, aber sehr
1781 2523 3004 2606 Der Beifall des Hanses klang, dem Stücke angepaßt, etwas!
557 2529 1708 2595 ische Menschen; ihre dramatischen Impulse ersticken meist in
1710 2549 1987 2627 melancholisch.
549 2570 1704 2622 cholischer Lebensbescheidung, ihr Liebesjubel ist gedämpft durch
2818 2574 3034 2655 F—.
531 2609 1711 2666 ingsschwere Mollakkorde; was sie tun, tun sie hinter der
419 2644 1716 2708 Szene. Aber trotzdem — und wohl gerade beshalb, stehen sie uns
412 2687 1711 2742 nah. Sie ragen in das Leben hinein und zieben darüber hinaus,
413 2727 1712 2793 Denn die höhere Weisheit braucht nicht unbedingt aus Heroismen
419 2758 1706 2812 zu resultieren, unaufdringlicher und überzeugender kann sie am be¬
423 2802 1717 2869 scheidenen. aber darum nicht geringer zu wertenben Treiben des
419 2837 1146 2906 kleinen Menschels aufgezeigt werden.
488 2899 1714 2973 Es spricht sicherlich nicht gegen Schnitzler, daß seine nun auch
412 2957 1708 3020 schon Dezennien alten Stücke heute noch packen (Verzeihung, nein:
950 3000 994 3034 h
419 3011 1708 3049 einen sanften Herzensstoß geven), während man bei Werken anderer
414 3041 1718 3099 etwa gleichzeitiger Autoren, auch solcher, die mehr Raum in den
411 3079 1704 3155 Literaturgeschichten beanspruchen, oftmals das Gefühl hat, nach
416 3115 1131 3157 einem Staubtuch greifen zu müssen.
484 3139 1697 3216 Die „Liebelei“ die in Weimar neu einstudiert wurde, ist
415 3193 1711 3243 eins der frühesten Schnitzlerschen Bühnenwerke, könnté aber mit ganz
407 3230 1704 3290 geringen, rein äußerlichen Abänderungen auch noch auf das Jahr
404 3281 1703 3331 1920 Bezug nehmen. Der junge Herr von Welt mit der etwas
410 3306 1711 3353 blasierten Melancholie, der sich nach den stilleren, aber ungetrübten
412 3347 1697 3398 Genüssen sehnt, die ihm das „süße Mädel“ zu bieten hat, für die
403 3381 1109 3437 „Andere“ aber sich totschießen läßt
1099 3382 1700 3439 — das „süße Mädel“ mit der
405 3422 1689 3475 großen Liebe und der Sehnsucht nach dem Glück im Herzen, als
408 3459 1695 3521 Gegenstück der abgekochtere Freund und die leichtere Freundin mit
406 3498 1705 3567 sehr rationaler Lebensauffassung, das sind Typen, denen man De¬
405 3535 1701 3597 kadenz, Rührseligkeit, Leichtfertigkeit und alles andere nachsagen
405 3577 1696 3622 mag, aber nichts weswegen man sie nicht doch gern haben dürfte.
407 3610 1694 3680 Einem anderen Autor würde man die Rührseligkeit zum Vorwurf
409 3644 1717 3731 machen müssen, dem Schnitzler, der mit seinem seingesponnenen und
