3484 4224
516 165 860 240 iebelei
1034 163 1454 265 box 10/3
319 171 893 279 5. A he enen Setene
1015 1698 1361 1769 —
1023 1750 1668 1835 Theater und Musik.
657 1711 770 1880 K10
802 1809 1916 1889 Das Deutsche Theater vermittelte gestern die Bekannt¬
667 1865 729 1914 Un
773 1876 1914 1945 schaft eines jungen Wiener Poeten, de mit leisen, lieblichen Ge¬
649 1903 768 1954 tung
785 1932 1926 1989 walten die fremden Hörer zu sich gezwungen hat. Der Poet heißt
784 1983 1920 2042 Arthur Schnitzler; seine Liebesdichtung heißt „Liebelei“ und
665 2015 742 2068 ben
781 2027 1933 2106 ist dennoch eine Liebesdichtung. Denn daß unter Liebeleien eine
678 2095 758 2148 Der
775 2096 1919 2153 starke, tiefe und innige, bis in den Tod treue Liebe entsteht, ist
776 2139 1931 2206 ihr Gegenstand. Daß Liebeleien dieser Liebe die Hoffnung
775 2202 1933 2272 nehmen, ist die Tragik des Gegenstandes. Es weht uns in den
671 2209 773 2262 rtel,
674 2251 724 2294 d
780 2252 1919 2326 drei kten von der Bühne her ein so lyrischer Hauch an, so
670 2292 758 2341 eite
691 2303 1919 2373 des #rme, weiche Wienerluft, so viel stilles Weh, aus stillen Freuden
779 2352 1923 2426 ##standen, so viel Herz, am Weltlauf verblutend, daß es wie Ent¬
675 2392 765 2460 sten
782 2427 1921 2479 weihung ist, unter diesen Eindrücken vom unbestrittenen Theatererfolg
668 2449 768 2499 Be¬
788 2478 1917 2533 und von den Hervorrufen des Antors zu berichten. Das erinnert
685 2488 771 2542 ister
786 2523 1924 2586 wieder an die Robustheit des Bühnenapparats, denlluns diese
686 2524 774 2579 gen
776 2586 1931 2640 zarte Sinnendichtung vergessen ließ, indem er ihr zur Wirkung
678 2604 769 2659 be¬
786 2624 1924 2686 half. Denn in der Darstellung floß, balo leichter bald schwerer,
673 2643 762 2692 eal¬
680 2683 773 2732 ren
781 2678 1919 2745 Wiener Herzblut, und in Frau Sorma erhielt die Elegie Gestalt.
683 2722 758 2766 ten¬
784 2731 1924 2791 Seit den Zeiten ihrer ersten holden Jugend hat uns diese Schau¬
671 2759 775 2811 ler¬
783 2779 1917 2858 spielerin nicht wieder so innig angesprochen; daß
787 2841 1925 2909 sie dabei zur Seele gesprochen hat, ist ein Ergebniß ihrer ge¬
780 2895 1930 2957 reiften und bereicherten Kunst. Dem jungen Glück des gestrigen
781 2942 1933 3021 Abends ging eine ganz gute Aufführung von Kleists „Zer¬
788 3018 1938 3070 brochenem Krug“ mit Herrn Hermann Müller als Dorf¬
790 3049 1307 3129 richter Adam voran. P. S.
719 3131 1945 3215 „ — am Tnaster Unten den Linden, wo. wie schon mit¬
