3436 4256
281 207 645 278 Liebele
285 207 765 334 enen nenenenenn
833 179 1298 306 box 13/6
2396 563 2524 710 5
1106 546 2215 766 #ügene A## ###74
819 782 2604 942 Detnye Teater, VSchwärmerei“ Viener Stück mit Musik.
947 1017 2826 1135 Es ist simit nicht viel geschehen mit Arthur Schnitzler
665 1142 2854 1278 Sorgenlustspiel da man es mit etwas Wiener Weisen aufleben liess.
677 1238 2843 1364 Vielleicht konnte doch der Liederstumpf gespart werden womit die
672 1320 2884 1483 Tragödie des letzten Aktes abgerundet vird.... Artnur Schnitzlers
661 1469 2787 1589 Liebelei war zu seiner Zeit nicht wenig überglänzt von Musetls
675 1583 2887 1689 erotischem kleinen Spiel aber dies var jetzt verschwunden. Zurück¬
667 1675 2844 1804 geblieben ist ein nettes Stück mit etnas ernsterem sehr geeignet
672 1790 2794 1917 für das Detnye Teater. Aber man muss genau sehen um in der vom
679 1882 2873 2034 alten Musiker serner verliebten Tochter gegenüber gewährten Frei¬
671 2008 2905 2130 heit den Zug zu bemerken, der einmal traurig und ungewöhnlich var
669 2136 2941 2246 Herr Hoiger Renberg var der Vater des jungen Mädchens und schlfess¬
674 2261 3012 2347 lich Geiger in einem Theater. Man würde ihn eher für einen Organisten
678 2344 2843 2461 halten, us war etwas seelsorgerisches um seine runde und würdige
673 2433 2777 2584 Figur und in der Rührung ein klein wenig Salbung. Schliesslich
683 2560 2854 2685 machte Herr Renberg mit sicherem Geschmacke und gedämpfter Wärme
669 2673 2820 2765 Figur. Als Leutnant Liebhaber der sich mit seines Obersten Frau
677 2786 2897 2931 einliess und sich due 11ieren muss und stirbt, eben als er ein Mäd¬
680 2932 2876 3026 chen zu lieben begann, zeigt sich Herr Erling Schröder mit gewin¬
671 2987 2925 3131 nender Vorhehmheit, setzte all seine Empfindsankeit ein. Man hätte
686 3116 2946 3268 ihm mehr ausgeprägte Offizierseleganz in der Bewegung gewünscht und
678 3222 2135 3337 ebenso etwas mehr geschulte Militärhaltung.
968 3336 2954 3472 Vir eilen zu den Damen. Die zwei Vienerinnen, die die Leut¬
671 3441 2801 3591 nants des Stückes glücklich machen werden von Else Jarlbak und
666 3552 2894 3694 klara Ostö gespielt. Die erste Gestalt war mehr nach den strengen
673 3642 2858 3769 Regeln während die andere durch eine wilde und formlose Romantik
672 3785 2970 3934 hinriss. Bei de sangen sie vennäts der Kapellmeister das Zeichen gab:
3010 2298 3101 2440 5
