3344 4224
278 1688 844 1775 N· DE DEBI'T  t e ee eee eeee
460 1799 949 1886 POUR VOUS
390 1871 1027 1954 Rue. Réaumur, 100, IlI.
437 1946 995 2089 25 JUILLET 1935
138 2098 1054 2177 Mature
131 2194 950 2285 es      e   e e een nee e e eee Aeeee u
1270 44 1359 100 R
2236 276 2355 365 W
1049 791 1147 970 *
1029 1084 1391 1146 ans & Mascarade
2162 1075 2685 1155 Fernand Gravey et Mo¬
1035 1113 1454 1201 Förser-Adorf Wo
2169 1140 2682 1192 nette Dinay, interprêtes
1034 1168 1446 1234 amants viennois.
2165 1164 2678 1218 de & Nuit de Mai 9, film
2171 1203 2670 1265 tourné à Berlin et se dé¬
2171 1236 2671 1300 roulant à Vienne, au prin¬
2339 1269 2507 1333 temps.
1175 1767 2721 1852 The Night is poung (La Chanson de la jennesse) nous montre aussi l’époquc impériale et les ra##
1181 1813 2704 1878 santes robes s rococo. Dans Parade de prastemm, c’est encore le vieux François-Joseph.
1169 1853 2009 1908 officiers de la garde, les beiles revues militalfes
1172 1931 2772 2004 Liebelei, ie film de Max Ophüls, nous relate zussi une histoire d’amour qui se passe dans le milieu
1165 1960 2779 2045 des officiers comme Symphonie nuptiale. Pen de fims ont su trouver un accent de vérité tel que
1168 2008 1973 2076 cette admirable ceuvre, inspirée de Schnitzler.
1174 2074 2692 2149 II suffit de voir n’importe quel passage de Liebelei pour réaliser aussitôt que Tactionse
1182 2123 2851 2216 Vieline. Les décors = alt-Wien v, les untformes, les robes, les intérieurs, les paysages, ront der Venne
1163 2160 1473 2226 d’avant guerre.
1164 2217 2819 2295 Muscarade se place en rgoo, dernière période de la Splendeur impériale, qui a sombré dans les tour¬
1170 2281 2832 2368 mts de la grande guerre. Léopoldine, Théroine, est la Viennoise simple et délicieuse, telle qu'elle
1168 2314 2550 2397 est en réalité, et je crois qu'on neseit mieux danser la valse qu'elle et son partenaire.
1153 2392 2858 2454 Plusieurs grands compositeurs ont vu ie jour à Vienne; d’autres y ont passé leur jeunesse, Auser on
1166 2441 2856 2516 nous a montré des films s’inspirant d'un #rde derla vie d'un musicien. Parmi ceux-Iä, il faut faire
1168 2485 1874 2547 une place unique à Spriphonie inachevée.
1168 2535 2867 2621 Symphonie machevée (Leisefiehen meine Lieder) retrace la jeunesse de Schubert. Une grande partie du
1166 2606 2871 2672 film a pour cadre Vienne, en 1818. Sérénade et Blottom time, qui s’inspirèrent du mème sujet, n'ont pas
1160 2639 1941 2709 su créer cette mème atmosphére romantique.
1155 2708 2898 2793 La Guerre des valses, qui se place un peu plus tard vers 1Bgo, nous fait assister à la e guerres entre Lanner
1152 2770 2901 2845 et Johann Strauss, le roi de la valse. Orchestres de femmes, costumes charmants, et surtout des valses et
1157 2797 1760 2864 encore des valses, voilà le film I...
1152 2857 2917 2952 Toutes ces visions de Vienne se sont superposées dans mon esprit pour y graver comme une imag“ de
1164 2919 2917 2997 Galton, ou, les détails s’estompant, subsistèrent et s'affirmèrent les traits caractéristiques de la reine du
1161 2956 1339 3012 Danube.
1159 3026 2942 3110 J'ai retrouvé à Vienne tout ce que l’écran m'avait montré. Maigré les douloureux événements qui l’ont
1158 3074 2940 3161 frappée, Vienne a conservé son caractère, Moins de faste, moins de richesse, mais les traits fondamentaux
1151 3116 1392 3177 demeurent.
1157 3189 2954 3246 J'ai trouvé les paysages connus, la forêt du Prater, les jardins fleuris, les guinguettes acqueillantes, ie v Fiaker #.
1158 3246 2678 3313 J'ai trouvé aussi le sourire des Viennoises. Et puis, un soir, je suis montée au & Kobenz ##.
1148 3311 2975 3386 Du haut du Kobenzl, à Grinzing, la vue plonge sur l’ancienne ville impériale bordée par le scintillement des
1142 3357 2989 3437 flots bleus du Danube, et ou la fleche élancée de la cathédrale Saint-Etienne témoigne fièrement d’un glorieux
1148 3389 1291 3455 passé.
1135 3463 2990 3539 Les couples commencent à tourner. Et dans ces jeunes femmes, je reconnais Emmy, Mitzi, Lisl et toutes ces Vien¬
1150 3504 3005 3577 noises que l’écran nous a montrées. Un peu plus à Lécart, f'apercois une enfant aux yeux réveurs; nul doute
1135 3531 1885 3621 que c’est Christine, Christine de Liebelei.
2541 3596 2918 3685 Marguerite Bussor.
2914 362 3016 433 #7
3159 822 3276 912 *
