3436 4256
288 298 558 371 Liebe
283 354 702 417 „
829 295 1289 381 box 13/5
686 987 1532 1074 „OBSERVER
780 1064 1464 1133 I. österr. behördl. konzessioniertes
752 1115 1502 1176 Unternehmen für Zeitungs-Ausschnitte
822 1169 1442 1244 WIEN, I., WOLLZELLE 11.
891 1230 1365 1289 TELEPHON R-23-0-43
705 1354 1064 1432 Ausschnitt aus:
1063 1371 1486 1495 6 Uhr Blat, Gial
691 1575 847 1653 vom:
1033 1585 1448 1691 30. UA) 1933
685 1721 1573 1845 THEATERUndKUNST
851 1820 1431 1905 Österreichischer Abend.
691 1892 1578 1955 Gäste vom Burgtheater und Deutschen Volkstheater.
716 1946 1575 2011 Aprik 1911 hät das Hofburgtheater mit gleichem
694 2007 1576 2070 Programm in Graz gastiert. Claudio war Korff,
688 2051 1575 2116 die Geliebte Medelsky, der Tod Heine. Auch in der
682 2099 1574 2171 Liebelei“ spielte Korff den Lobheimer, Medelsky
691 2161 1588 2222 war die Christine. Die lustige Mitzi Schlager gab
681 2194 1061 2258 Kamilla Gerzhofer.
711 2239 1581 2296 In den mehr als zwei Dezennien seither hat die
683 2295 1584 2363 Welt ein anderes Gesicht bekommen. Hofmannsthal
693 2341 1573 2403 und Schnitzler sind tot, ebenso die alte Monarchie
679 2392 1585 2452 und das Wien der Vorkriegszeit, dessen repräsen¬
682 2433 1200 2497 tativste Dichter sie waren.
722 2468 1587 2531 Am Kalksburger Friedhof bei Rodaun liegt nun
687 2530 1583 2594 schon das vierte Jahr Hugo von Hofmannsthal.
690 2582 1579 2640 Im Drittordenskleid des hl. Franziskus wollte er
685 2638 1589 2685 begraben werden. „Der Tor und der Tod“ schrieb
679 2679 1579 2728 er als Achtzehnjähriger. Bezaubernde Musik der
682 2722 1584 2790 Worte und Verse. Wie ein zur Szene gewordenes
692 2770 1579 2829 Nokturno Chopins. Der Tod als Summe des Le¬
681 2824 1578 2884 bens, dessen rückschauendes Gericht er ist. Wie später
680 2869 1574 2935 in seinem berühmten „Jedermann“. Noch nicht der
685 2916 1579 2973 Tod im christlichen Ewigkeitsgedanken, obschon auch
694 2965 1574 3011 Claudio in seinen letzten Stunden eines elfen¬
688 3007 1581 3076 heinernen Kruzifixes gedenkt. „Wirf dies ererbte
694 3053 1580 3116 Graun' von dir! — Ich bin nicht schauerlich, bin
696 3110 1582 3153 kein Gerippe — Aus des Dionysos, der Venus
691 3157 1577 3212 Sippe, — Ein großer Gott der Seele steht vor
684 3206 1581 3266 dir!“ Ein Kreis von Literaten kam damals, wie
688 3249 1582 3303 Salten erzählt, immer Sonntag vormittag bei
692 3307 1578 3372 Schnitzler zusammen. Regelmäßig erklärte Hof¬
698 3345 1586 3419 mannsthal: „Aber erst geh ich zur Mess“. Be¬
688 3400 1586 3457 geistert sprach er von der Liturgie der Messe und
690 3438 1585 3501 der Sakramente, von der magischen Schönheit der
690 3494 1044 3555 katholischen Kirche.
720 3522 1578 3598 Die berühmten Verse, die Hofmannsthal als
681 3586 1583 3654 Loris für Schnitzlers „Anatol“ schrieb: „Früh¬
679 3629 1610 3694 gereift und zart und traurig, — Die Komödie
1589 1702 2494 1781 unsrer Seele, — Unsres Fühlens Heut und Gestern“.
1592 1759 2485 1820 fussen auch den Stimmungsgehalt dieses Einakters.
1593 1816 2480 1870 Ein Tor war dieser lebensmüde Claudio, der sich
1603 1866 2480 1916 sträubt, dem geigenden Tod in die dunkle Grabes¬
1599 1900 2486 1974 ruhe zu folgen. Er hätte noch gar nicht wirklich
1601 1965 2515 2024 gelebt. Und war doch so reich. Hatte eine liebende
1599 2003 2516 2072 Mutter, ein für ihn nur lebendes Mädchen, de¬
1595 2020 2530 2123 er treulos verließ, einen wahren Freund, den ###
1600 2104 2505 2170 verkannte, bis dieser ihn haßte. So hat er selbst
1591 2149 2501 2216 sein Leben vertan und nichts mehr vom Tod zu
1593 2198 2485 2253 fordern. Aslan sprach mit seelenvoller Ergriffen¬
1600 2254 2487 2310 heit die klangschönen Verse, spielte mit starkem
1603 2299 2502 2350 Empfinden das Grauen, die Reue, die Ergebung.
1601 2347 2494 2405 Voll düsterer Macht war Siegerts bleicher
1590 2390 2495 2456 hoheitsvoller Tod, Mayen ein sanftes Mädchen¬
1601 2439 2503 2507 bild, Gutmann die liebe, treue Mutter, Rei¬
1595 2488 2325 2547 mers der ernste anklagende Freund.
1620 2531 2513 2602 Melancholiker wie Hofmannsthal war auch
1598 2580 2488 2633 Schnitzler, aber ohne dessen vom Christentum ge¬
1594 2623 2502 2703 läuterte Tiefe. Schnitzler kultivierte die Schwer¬
1598 2673 2494 2733 mut des Genießers. Zum Mysterium des Todes
1602 2716 2506 2781 hat er die Optik des Skeptikers und Fatalisten.
1594 2770 2486 2836 Mit „Liebelei“ und einigen Einaktern wird er
1600 2818 2490 2878 wohl dauernd im Spielplan der deutschen und
1595 2866 2491 2930 österreichischen Bühnen sich behaupten. Christine,
1603 2916 2488 2965 das ganz in ihrer Liebe aufgehende treuherzigo
1602 2953 2498 3030 stille Wiener Mädel wurde von Frl. Mayen mit
1592 3011 2492 3067 ergreifender Innigkeit gespielt. Dvollig kontra¬
1604 3041 2501 3129 stierte mit ihr die fesche lustige, Liebe und Leben
1599 3111 2500 3167 auf die leichte Achsel nehmende Mitzi des Fräulein
1599 3157 2500 3213 Seidler, als Fritz wurde der junge Reimers
1595 3206 2498 3263 in Graz sympathisch begrüßt, den Theodor gab
1595 3254 2497 3311 Huber mit trockenem Humor, stärkste Wirkung
1597 3297 2497 3357 hatte Aslan in der kurzen Szene des seine
1599 3346 2494 3410 Ehre rächenden Gatten, Marie Gutmann als
1595 3394 2499 3466 bissig=boshafte Strumpfwirkerin, Lessen als
1599 3441 2484 3499 lieber alter Weiring fanden ebenfalls starken Bei¬
1599 3492 2492 3553 fall, an dem auch Mittersteiner als Kam¬
1592 3543 2498 3602 merdiener in „Tor und Ted“ und sein Töchterchen
1593 3586 2494 3667 als Lina in „Liebelei“ verdienten Anteil hatten.
2385 3630 2470 3691 S.
