3484 4256
372 159 584 230 Liebe
891 159 1338 258 box 13/8
307 168 759 273 L#selei
756 968 1435 1076 —
1277 1050 1360 1106 1
626 1007 1267 1213 Feuilleton.
537 1142 760 1220 —
827 1191 969 1252 —
303 1200 716 1323 Se
715 1229 1129 1334 J. Dauid.
580 1291 1135 1390 Von Julius Ludassy.
365 1340 1478 1452 Seit einem Jahre ruht der Wiener Dichter J. J.
279 1407 1497 1477 David im Grabe. Und nun erscheinen seine Werke in einer
288 1473 1484 1539 Gesammtausgabe. Das ist eine Ehre, die nur wenigen
278 1525 1491 1580 unter den modernen Oesterreichern zutheil wird. Der humor¬
291 1572 1488 1623 volle und seinsinnige Eduard Pötzl gehört zu diesen Aus¬
290 1617 1482 1694 erlesenen, auch die treffliche delle Grazie. Sonst wüßte ich
1430 1670 1482 1729 so
283 1664 1415 1738 Niemand..... „Und es verdiente es auch Keiner!“
276 1708 1482 1771 riefe David mit seiner eintönig knarrenden Stimme da¬
275 1777 1481 1843 zwischen, wäre es ihm noch vergönnt, das Buch, das er
282 1810 1493 1880 so heiß ersehnt hat, mit den abgezehrten Händen zu
283 1871 1489 1931 streicheln. „Nein, Keiner!“ hätte er, wie zu sich selbst mur¬
287 1910 1489 1987 melnd, beigefügt. Dann hätte er den hochstirnigen Kopf
273 1960 1487 2028 trotzig und eigenwillig sinken lassen, wie das seine Art
283 2008 1503 2085 war, und hätte gedankenvoll mit dem dünnen blonden
277 2055 608 2135 Barte gespielt.
373 2077 1491 2184 Er war ein merkwürdiger Mensch von geschlossener
285 2136 1482 2219 Eigenart, die bis zum Wunderlichen ging. Das Bildniß,
271 2196 1496 2271 in dem Alma Hillischer seine Züge festhält, kommt seiner
268 2255 1486 2332 Individualität in vieler Hinsicht nahe. Ja, so hat er aus¬
279 2285 1490 2371 gesehen, als die Krankheit ihn schon zerstört, als die Nähe
272 2363 1488 2422 des. Todes sein Wesen schon verklärt hatte. Aber die über¬
271 2395 1480 2462 wachen, fast däi onischen Augen, die so gierig in das Le¬
286 2440 1483 2509 ben schauen, und das milde, verzeihende Lächeln, von
272 2488 1492 2559 dem die Künstlerin in gar geschickten Strichen erzählt, habe
273 2538 1493 2608 ich an ihm nicht gekannt. Auch nicht, als ich das letzte
267 2585 1494 2656 Mal an einem hellen Frühsommertage in seiner Stube
283 2628 1482 2694 war. Es war ein Abschied, der mir unvergeßlich bleiben
279 2674 1490 2749 wird. Ein halbes Stündchen saß ich an seinem Bette und
270 2736 1485 2798 plauderte mit ihm. Immer seltsamer wurde mir dabei zu
273 2774 1483 2855 Muthe. Denn der Sieche, der da, ein morscher Stamm,
276 2830 1489 2900 den der Sturm gefällt hat, vor mir lag, glich in nichts
280 2874 1496 2941 dem knorrigen, ungefügen und wuchtigen Gesellen, dem ich
291 2930 1481 2986 im Laufe von mehr denn zwanzig Jahren bald näher,
286 2986 1499 3049 bald ferner gestanden hatte. Alles Irdische, alles Allzu¬
291 3014 1486 3095 menschliche hatte das Leid von ihm abgestreift, von aller
277 3081 1493 3150 trüben Schlacke hatte der Schmerz ihn befreit, als wollte
280 3117 1482 3199 er dem Tode gönnen, nur die edelste Reife hinzumähen.
284 3165 1479 3244 Als ich mich endlich anschickte, meinen Besuch zu beenden,
284 3213 1486 3308 legte er mir seinen alten Lieblingswunsch wieder ans Herz.
1495 1050 3378 1144 Ich sollte einmal in einem größeren Essay seine dichterische weit — viel weiter als für ein
2712 1111 3372 1184 nöthig ist. Auf der Schwelle sta
1508 1121 2710 1190 Entwicklung schildern, sollte ihn würdigen. Ich hätte ja
2716 1155 3358 1227 der durch seine Brille gar zo
1518 1171 2711 1243 sein Werden und Wachsen verfolgt — auch sei ich einer
2727 1208 3361 1278 focht uns nur wenig an, und
1519 1219 2700 1277 der Wenigen, die sein Wesen und seine Natur verstünden.
2721 1252 3358 1325 geneigt, meine Vermummung
1518 1267 2701 1324 Wir haben oft über eine solche Arbeit gesprochen, wenn
2726 1314 3380 1374 Fremde denn verdrießlich näher.
1517 1313 2712 1369 wir nach einem Mahle in befreundetem Kreise miteinander
2716 1351 3350 1430 hagere und derbe Gestalt, die
1516 1361 2703 1425 Nachts durch die öden, hallenden Straßen der Stadt schrit¬
2723 1400 3358 1464 leicht nicht ganz unabsichtlichen
1509 1412 2699 1483 ten. Es ist aber nie etwas daraus geworden. Aus kurio¬
2722 1458 3375 1524 len ließ. Wir wurden einander
1516 1459 2702 1524 sen Gründen. Ich möchte David nur loben. Es will mir
2718 1497 3358 1571 leibliche Vetter der Hausfrau.
1506 1515 2717 1587 aber nie gelingen, die Einwände, die ich gegen ihn auf
2718 1546 3307 1634 Student wie er im Büche
1515 1559 2712 1612 dem Herzen habe, ganz zurückzudrängen. So wollte ich
2723 1601 3371 1670 Lektionen zu geben und Ged
1506 1605 2707 1657 ihm gerecht werden und finde doch die Distanz nicht, um
2710 1648 3364 1727 schob er einen Stuhl herbei.
1507 1655 2721 1717 seine Gestalt mie kühlem Urtheile zu umfassen. Wäre es
1511 1705 3305 1763 mir auch gegeben, sein Antlitz so auf die Leinwand zu 4 auch ihm mit vieler Grazie
1497 1731 3284 1808 bannen, wie er es immer von mir zu verlangen pflegte,  Inzwischen wurde ihm erz
2713 1796 3266 1866 eines hervorragenden Wien
1505 1793 2653 1861 ich fühle mich doch nicht unbesangen genug, es auch
3093 1845 3246 1910 teuerdin
2715 1842 3010 1912 Das ärgerte
1503 1835 2711 1907 zu malen, daß es meinen Wünschen entspreche. Mir ist,
1507 1899 2711 1964 als versündigte ich mich de Wahrheit, wenn ich nicht
2719 1888 2948 1965 geneigt we
1498 1937 2707 1995 Alles sage, was ich über Lavin denke. Und ich scheine
2710 1944 2881 2020 weil er
2716 1989 2852 2052 Studi
1515 1979 2714 2056 #nir sein Grab zu entweihen, wenn ich an die dämme¬
2714 2043 2809 2096 mir
1512 2040 2720 2123 rigen usanenhänge rühre, die das sebendige Leben mit
1506 2081 2312 2155 dem Träume der Dichtung verbinden.
2712 2085 2791 2146 sei
1600 2120 2579 2194 Ich habe David auf ungewöhnliche An seune
2713 2136 2771 2212 se
1500 2179 2613 2235 lernt. Es war an einem Winternachmittage. Ich saß
1497 2232 2587 2286 Dr. Rudolf Lothar bei einer geistvollen Dame, die
1497 2271 2222 2346 die Gattin des Schriftstellers ist.
2305 2279 2700 2344 tranken Thee  und
1493 2330 2716 2400 lachten. Worüber? Ich weiß es nicht mehr. Wir waren
1503 2380 2719 2457 drei junge Menschen und freuten ans ## heinlich dar¬
2532 2429 2720 2495 daß die
1492 2430 2378 2493 über, daß wir im Lenze unseres Lebens
1500 2471 2290 2547 Gegenwart mit heiterem Antlitze an
2370 2474 2717 2540 #rnntrat, daß
2712 2478 2920 2553 er. „Ein
1502 2518 2704 2592 die Zukunft so sonnig vor uns lag. Und so geschah es,
2703 2524 2968 2610 Literatür i
1496 2564 2704 2627 daß wit, obschon nicht ein Tröpfchen berauschenden Ge¬
2810 2578 2973 2636 „Sie
1494 2629 2711 2695 tränkes auf dem Tische stand, bald in eine fröhliche Stim¬
2720 2616 3001 2698 ändert nichts
1502 2671 2725 2743 mung geriethen. Sie wurde sehr durch den Umstand ge¬
2724 2663 3088 2740 mann und Imme
2719 2714 3328 2775 sicherlich mit Keinem von ihnen
1500 2718 2699 2788 fördert, daß die Kammerzose mit einem seidenen Schlaf¬
2711 2757 3388 2853 wird durch diese Beispiele deutl
1500 2778 2695 2844 rocke auf dem Arm eintrat und ihrer Herrin mittheilte,
1503 2810 2707 2861 die Schneiderin sende das bestellte Kleidungsstück. Lothark
2711 2817 2932 2889 irrig ist.“
2809 2837 3380 2931 „Sie sollten sich das Leh
1505 2857 2707 2921 fand alsbald, es sei sehr wichtig zu wissen, wie ich mich
1501 2915 2703 2982 in dem Spitzenschlafrock ausnehme. Und ehe ich mich
2717 2891 3364 2998 geschichtlichen Kenntnisse zurückg
2790 2955 3352 3034 Nun ging ich in die Offen
1506 2973 2707 3032 dessen noch erwehren konnte, hatte mir der Bösewicht das
2796 3013 3352 3078 „Was studiren Sie?“ fragte
1503 3001 2712 3082 Gewand über die Schultern geworfen. Ich machte güten
2803 3055 3373 3121 „Ich bin Germanist,“ brum
1499 3062 2703 3130 Miene zum bösen Scherze und spielte munter die Fraus
1512 3110 2709 3171 des Hauses, indem ich dem übermüthigen Paare mit allem
2799 3106 3324 3182 „Schade!“ meinte ich.
1507 3154 3368 3240 Aufwande weiblichen Anstandes, über den ich gebot, die Dichtern gibt es gar keinen
1485 3203 3129 3287 Tassen füllte. In diesem Augenblicke öffnete sich die Thüre Gustav Freytag.“
2711 3274 2840 3344 FI
2920 3267 3307 3387 W
