3436 4256
295 155 671 233 Liebelei
748 190 818 253 1
832 162 1266 248 box 12/8
1237 4137 1286 4194 8
2027 111 2890 210 Berliner Zeitung am Mittag
2304 179 2608 237 Berlin SW. 66
2219 212 2749 300 Ausschnitt aus der Mmnfer vom(1
2209 449 3010 544 „Liebelel und „Lore
2175 556 3057 611 Schnitzler und Hartleben im Deutschei
2427 594 2816 661 Künstlertheater.
2232 646 3047 716 Mag auch die Welt der beruflosen Arthur¬
2166 701 3054 759 Schnitzler=Männer, deren Leben ausschließlick
2175 747 3064 802 aus Weibergeschichten besteht, längst weggeblafen
2172 790 3060 849 sein, es ist gerade in der schmerzlich=süßen Lie¬
2166 846 3057 892 belei ein Klangrest geblieben, der noch immer ein
2170 881 3069 942 wenig mitschwingen macht. Etwa wenn Fritz
2167 921 3060 989 lächelnden Abschied vom wahrhaft geliebten Mäd¬
2167 968 3061 1037 chen nimmt und sich für eine andere duellieren
2178 1020 3067 1081 gehen muß. Liebe, die im ersten Knospen zer¬
2179 1054 3067 1114 treten wird. Und wenn dann Christine erkennt.
2186 1106 3084 1159 daß sie ihr unverbrauchtes Herz ganz hingegeben
2183 1147 2781 1208 hat und selbst nur Episode war.
2236 1189 3058 1262 Um dieser beiden Szeren willen sind die drei
2194 1238 3074 1302 Akte noch immer nicht vertrocknet: trotzdem
2176 1299 3066 1343 Christine, falls sie sich nach Schluß des letzten
2179 1323 3060 1394 Aktes doch nicht das Leben genommen haben
2182 1376 3064 1432 sollte, längst Mutter neuer Christinen ist, die
2196 1408 3073 1472 ihre eigene Liebelei bereits hinter sich haben.
2181 1454 3069 1521 Und Mizzi Schlager, Christinens lockere Freun¬
2176 1510 3071 1574 din, hat ihre Vorliebe für das K. K. Offizier¬
2187 1536 3073 1620 korps bestimmt auf ihre (vielleicht gar nicht
2188 1591 3072 1651 legitime) Tochter vererbt; in der mag sich nur
2180 1632 3084 1710 die mütterliche Schwäche für Dragoner in Nei¬
2183 1679 3076 1743 gung zu valutastarken Ausländern umgesetzt
2181 1718 3081 1791 haben. Es können aber auch einheimische Dol¬
2191 1774 2781 1837 lar=Schieber sein. Entwicklung.
2245 1814 3092 1892 Emil Lind; der Spielleiter der Liebelel,
2197 1868 3077 1934 inszeniert das Stück naturalistisch in der Brahm¬
2198 1910 3090 1975 Tradition und spielt selbst mit der erforderlichen
2193 1957 3078 2022 Schlichtheit den Vater Weiring. Die Aufführung
2202 2000 3094 2068 stützt er auf Käthe Dorsch, die als Christine
2198 2054 3080 2110 die Erbschaft der Sorma, Sandrock, Niese an¬
2202 2092 3099 2164 tritt. Sie bringt alle Vorbedingungen für das
2196 2139 3099 2199 herzige Wiener Vorstadtmädel mit. Sie ist in
2201 2176 3101 2243 den ersten Akten im Trieb zur abgetöntesten Ein¬
2200 2227 3095 2288 fachheit ein wenig matt; die erste Durchblutung
2200 2260 3093 2344 dieser Blässe erfolgt erst beim bedrückten Ab¬
2206 2316 3095 2381 schied. Aber dann, im letzten Akt, enthüllt sie das
2206 2345 3083 2435 brave heiße Herz der ganz in Liebe Verströmten
2192 2380 3097 2458 und löst das beklommen zurückgedrängte Gefühl
2197 2428 3096 2506 in ergreifendem Schrei. Er ist so stark, so wahr¬
2202 2478 3103 2557 haft Gemütsenadung, daß seine Wiederholung
2202 2535 3096 2589 und Steigerung gar nicht nötig ist, weil er dann
2202 2577 3102 2651 leicht aus Lebenston in Theater übergeht. Wun¬
2197 2610 3082 2684 dersam weich rorher das Erbeben in der Er¬
2199 2661 3092 2723 kenntnis des Ungeheuren, dac Augenschließen
2209 2689 3101 2787 und Ersterben unter dem Zusammenbruch einer
2202 2762 2387 2825 Illusion.
2280 2782 3095 2865 Diese Illusion ist Fritz, und Fritz ist Anton
2214 2832 3093 2900 Edthofer. Wienerich gelassen, ganz kultivier¬
2210 2873 3100 2950 ter Liebhaber, liebenswürdig und glatt, sein im
2214 2923 3091 2996 verwunderten Erkennen eines neuen, ihm bisher
2216 2969 3093 3036 unbekannt gewesenen Tiefgefühls. Das sorglose
2216 3012 3096 3076 Paar sind Pröckl und Adrienne Geßner,
2214 3061 3092 3133 wienerisch flott, ohne übertreibende Kontrast¬
2215 3116 2369 3187 absicht.
2263 3150 3098 3218 Hartlebens „Lore“, mit der dieser Abeno
2209 3205 3093 3263 verlängert wird, besteht die Nachprüfung weniger
2225 3251 3101 3305 gut als die Liebelei. Der Spaß ist in der Luft von
2219 3294 3098 3347 1890 erstarrt, ein gepreßtes Blatt aus dem Her¬
2215 3344 3096 3396 barium der jungdeutschen Literatur. Lores Ma¬
2227 3387 3098 3441 trosenbluse wirkt tatsächlich als Anachronismus
2225 3420 3102 3481 in den Tagen des Jumpers. Kärhe Dorsch als
2217 3467 3105 3537 Mädchen mit dem abgerissenen Knopf ist auch
2216 3510 3109 3581 hier sehr lieb und sehr lustig, aber die Lore darf
2220 3662 3099 3739 nicht mit Soubrettenschmi angepackt werden. Die
2226 3728 3094 3772 will schon einfacher, berlinisch uncharvierter ge¬
2230 3765 3100 3831 nommen sein. Sehr komisch Walter Steinbeck
2223 3806 3088 3859 mit Popo=Scheitel, enger Hose Kneiser und Röll¬
2227 3855 3101 3909 chen: einsach „Puppe“. aus der bald der Schmet¬
2234 3892 3092 3949 terling des wilhelminischen Assessorismus ent¬
2224 3940 3100 4008 flattern wird. Monument versunkener Epoche.
2757 3986 3083 4056 Noruert Falk.
