3436 4320
449 244 829 320 Liebelei
984 240 1417 348 box 12/7
288 247 937 362 3. 1
606 714 1574 820 Sepken
1341 818 1611 917 SLor
962 856 1116 927 -HSEP
580 962 1717 1065 Deutsches Theater, 3. September 1917.
568 1042 1722 1115 Arthur Schnitzlerz Liebelel.  Ludwig Thoma: Lott¬
1088 1093 1366 1167 Wehuristag.
608 1141 1730 1220 Der vierte Abend des Deutschen Theaters-wies äußerlich das
567 1191 1723 1259 gleiche Bild auf wie die vorhergehenden. Auch diesmal ein
575 1243 1720 1294 gefülltes Haus, auch diesmal eneben dem Feldgra# dei Uni¬
574 1286 1724 1363 formen das Zivil — vielleicht ein wenig stärker vertreten als
559 1318 1721 1378 an den drei anderen Abenden. Aber ein einschneidendes Er¬
565 1378 1700 1429 eignis särbte den Ton dieses Abends fast zu einer Feier. Es
565 1423 1724 1470 war ein frohes, glückverheißendes Zwischenspiel, als Direktor
555 1469 1726 1518 Wagner mit einem Extrablatt der „Deutschen Warschauer Zei¬
562 1512 1725 1567 tung“ in der Hand von der Rampe herunter verkündete, daß
562 1562 1712 1612 Riga genommen sei und sich das Publikum, an dessen Spitze
565 1608 1715 1668 Generalgouverneur von Beseler der Vorstellung bein ohnie, ich
561 1644 1635 1692 zu begeisterter Huldigung für seinen Kaiser zusamn #fand.
621 1689 1710 1762 Dieser Abend, äußerlich hierdurch heraus###, verhieß
552 1714 1705 1801 eines zarten, lieben Dichters seines Werk: „Liebelei' von Ar¬
562 1780 1712 1855 thur Schnitzler: jenes heiter beschwingte und doch tiefbe¬
560 1833 1704 1892 schattete Schauspiel vom Liebeln und Leichlsinn, vom Lieben¬
565 1872 1697 1936 müssen und Nichtlassenkönnen. Zwei so ungleiche Paare treten
561 1925 1699 1971 zur leisen Wiener Quadrille an, tanzen; doch nur zwei der vier
560 1965 1709 2047 Menschen drehen sich heiter und sorgenlos bis zum letzten Tatty
554 2010 1563 2063 das andere Paar tanzt schwer und traurig in den Tod.
618 2043 1713 2139 Es verdient hohe Achtung, daß der Direktor und Regisser
544 2114 1710 2160 mit seiner mutigen Truppe gleich im Anfang zu diesem leiten
555 2147 1706 2220 seinen Stücke griff. Und auch die Aufführung selbst zeigle
550 2200 1722 2252 Qualitäten. Erst das gewiß ständig ineinanderwachsende En¬
551 2249 1734 2290 semble wird diese zu einer schönen Einheit binden, der min l
545 2285 1710 2358 dann noch einen weichen, alles aunschmeschelnden Hauch vom
556 2336 1713 2385 Wonetum wünscht. Zur lustig=wehmütigen Quadrille traten
550 2376 1715 2435 an Willy Dietrich und die herzhaft frische Erna Schöller
545 2432 1694 2492 und als das schwermütige Paar Lotte Heydrich, die be¬
550 2458 1723 2523 sonders im zweiten und dritten Akt (ähnlich wie in Suder¬
546 2532 1705 2581 manns „Johannisfeuer") die allmähliche Steigerung vom Zwei¬
544 2560 1704 2623 fel zur Ungewißheit, Angst, zum Verzagen und schließlich zur
546 2604 1706 2650 sich selbst verlierenden Verzweif###g zu vollem, tiefeindringlichen
543 2650 1715 2718 Ausdruck brachte. und Richard Salzmann. Am reisten
542 2695 1701 2759 sprach der Dichter zu uns aus dem alten Weiring Sieg¬
546 2737 1699 2787 fried=Rüthlings, eine unendlich gütige, weiche, musika¬
562 2783 1715 2841 lische Seele lächelte jenseits aller lodernden oder bösen Mensch¬
1739 975 2895 1053 lichkeiten aus diesem alten, veczehrtem Körper. Neben dieser
1736 1029 2899 1101 liebevoll #irtgestalteten Figur stand in einer Szene die kräftige,
1735 1064 2898 1134 stichelnde Strumpfflickersfrau von Agnes Wagner=Wer¬
1736 1116 2899 1177 ner. Gedacht sei auch noch der Episode des „Herrn“ im An¬
1734 1151 2899 1237 fangsakte, die Herr Eugen Klimm ungenöhnlich nachdrucks¬
1733 1207 2889 1282 voll, als Sonderdrama des betrogenen Gatten wenn auch um
1732 1244 2889 1324 ein Bedeutendes zu schwer in Ton und starker Geste, spielte.
1806 1298 2909 1351 Dem Wiener Poeten Schnitzler folgte der forsche Bäher
1735 1346 2891 1411 Ludwig Thomat der sehr drollige Einakter „Lottchens Geburts¬
1731 1385 2893 1467 tag“ der bis zu der ein wenig matten Pointe die Hörer in stür¬
1741 1429 2901 1507 mischste Laune warf. Eine samose, lachende Satire auf beichen¬
1730 1487 2906 1533 klappte Professoren eint sich mit freier, doch stets geschmack¬
1739 1520 2903 1583 voller, herzlicher Verspottung des Problems der geschlechtlichen
1731 1556 2893 1642 Aufklärung. Fritz Schäfer gal lustig den alten, Willy
1730 1604 2894 1684 Gade den jungen Kathederpedanten. Und dazwischen kicherten
1723 1629 2898 1732 herzhaft und überlegen zwei Frauen, verkörpert von Agnes
1730 1705 2888 1789 Wagner=Werner und der geschmackvoll schlichten He¬
1722 1736 2068 1805 lene Rosner.
1803 1799 2915 1866 Dieser Abend erwies, daß man Warschan zu seinom
1716 1845 2912 1905 Deutschen Theater und dem Deutschen Theater zu einer hof¬
1709 1894 2895 1964 entlich währenden, stetig reifendem Zukunst schon jetztbrück
1717 1923 2040 1995 wüghen darf.
2690 1937 2851 2009 E. R.
1882 1968 2113 2056 11
2482 2573 2772 2671 b- 562:917
2339 2642 2863 2746 Arteiler-Zeilung, Wer
2038 2956 3009 3077 Theater und Kunst.
2057 3051 3110 3146 Volksbühne. Wie dem Schauspieler Sein und Schein
1938 3099 3106 3183 ineinanderfließen, daß er nicht mehr weiß, wo das eine auf¬
1950 3156 3107 3218 hört und das andere anfängt, wie ihm seine Einbildungskraft
1955 3212 3095 3279 und seine Eitelkeit das Spiel zur Wirklichkeit, das Leben zur
1950 3254 3100 3328 Komödie machen und ihn jedes Maß der Dinge verlieren
1944 3294 3094 3376 lassen, das stellte Moissi gestern meisterhaft in zwei
1944 3342 3093 3428 Vollen dar. In „Talmas Ende“, einem Scherz von Alfred
1943 3401 3090 3476 Polgar und Armin Friedmann, bot er eine mit dem
1942 3433 3089 3516 feinsten Humor durchgeführte Charakterstudie. Sehr lustig spielte
1954 3497 3099 3566 Grete Jakobsen in diesem Stück eine kleine Theater¬
1936 3535 3071 3621 närrin. In Schuitlons Groteske „Der grüne Kakadu“
1937 3597 3092 3655 überraschte Moissi die Zuschauer durch den Uebergang von
1939 3643 3081 3690 elegischer Zartheit zur wildesten Leidenschaft. Im übrigen ließ
1933 3676 3086 3764 in diesem Stück die Darstellung und vor allem die Spiel¬
1934 3734 3095 3816 leitung manches zu wünschen übrig. Gut waren Hans
1933 3789 3079 3861 Ziegler als Strolch und Ida v. Norden in der Rolle
1931 3845 3078 3922 einer nach Aufregungen gierenden Dame. Moissi wurde natüt¬
1923 3866 2327 3951 lich wieder bejubelt.
2886 3900 3052 3975 j. St.
