3436 4224
317 169 665 241 Liebele
854 172 1294 260 box 13/4
277 196 829 268 LSEGLET
270 305 677 427 Observer
481 425 1176 509 Wien I, Wollzeile 11
460 510 1178 598 Telephon R—23—0—43
457 761 2053 854 Aus: Deutsche Nochenschau, Berlin, 35.5.1933
468 844 852 938 VLiebelei“
465 918 1388 997 Atriun und Titania-Palast.
457 990 2714 1045 Diese neue Verfilmumg des nicht ganz stubenreinen schauspieles von
1664 1033 1713 1082 *
466 1048 2717 1136 Scimitzler ist eine wienerische Sentamentelitäts-Angelegenheit. Die
463 1099 2695 1187 Regie (Ophüls) betont diese Linie leider noch nehr. Von dem Hassen¬
453 1165 2781 1258 aufgebot an Stars ist nur Luise Uirich und Paul Otto bemerkensvert.
452 1212 2663 1311 Die anderen, auch Magda Schneider, bleiben Durchschnitt. Der unge¬
2146 1270 2268 1317 1 3: —
451 1261 2483 1334 rechtfertigt starke Beifel1 bei der Vorpreniere erklart sich
463 1311 1756 1398 aus der Zusammensetzung des Publikuns
2424 1326 2610 1413 Kog.
2607 1685 2861 1754 I. Oesterr.
2152 1693 2955 1781 slObserver seherel. kenz.
2218 1769 2968 1813 Büro für Zeitungsnachrichten
2210 1802 2966 1850 WIEN I, WOLLZEILE 11
2151 1840 2222 1889 12
2149 1882 2220 1930 2
2213 1860 2983 1953 Hamburger Premdenbiatt, Hamburs.
2140 1931 2198 1979 1.9
2401 2009 2951 2130 46 H
2393 2109 2703 2179 „Liebelei“
944 2141 1188 2209 I. Oesterr.
2368 2163 2753 2228 Waterloo=Theater.
523 2166 1289 2246 ObserVer Seherel. konz.
402 2195 537 2284 3s3
2155 2200 3029 2272 Der Reiz des Schauspiels „Liebelei“ von
542 2212 1296 2278 Büro für Zeitungsnachrichten
2070 2246 3030 2318 Arthur Schnitzler, nach dem dieser Film unter
537 2250 1306 2324 WIEN I, WOLLZEILE 17
2086 2292 3040 2352 der Regie von Max Ophüls gedreht wurde,
2080 2343 3040 2387 liegt in jener spielerischen und süßen Schwermut,
2070 2377 3041 2423 die in Vorkriegszeiten eine besonders gepflegte
659 2360 1091 2446 Kölnische Volkszeftn
2075 2413 3037 2471 Domäne des österreichischen und zumal wieneri¬
2070 2456 3041 2516 schen Schrifttums war. Arthur Schnitzler konnte
995 2437 1144 2527 933
844 2447 968 2541 767
2068 2490 3039 2551 als ihr Meister gelten. Ein leichter, mit heiteren
1126 2474 1275 2545 K
648 2438 839 2561 26
2073 2534 3028 2581 Farben gemalter Vordergrund und dahinter eine
420 2533 1324 2629 Im Capito=Theater startete man die bekannte
2079 2571 3030 2622 kleine, stille und etwas müde Tragik. Die Gestalt
419 2581 1328 2666 Offizierstragödie „Liebelei“ des verstorbenen
2076 2602 3039 2665 des süßen Mädels Christine, mit dem der junge
396 2627 1332 2700 Wiener Dichters Arthur Schnitzler. Es ist wohl
2065 2636 3031 2706 Leutnant Fritz eine Liebelei anfängt, die traurig
391 2665 1329 2758 das dritte Mal, daß man dieser Handlung eine
2070 2690 3041 2742 ausgeht, weil er für eine andere im Duell fällt
413 2690 1337 2780 optische Gestalt gab auch der Tonfilm wollte auf
2068 2726 3036 2781 und weil die Liebelei für sie die große Liebe be¬
408 2742 1329 2826 die immer noch wirksamen Gegensätze des Dramas
2070 2763 3042 2807 deutete — diese Gestalt ist für uns durch die Dar¬
409 2774 1332 2858 nicht verzichten. Da ist der etwas leichtlebige
2079 2803 3027 2855 stellungskunst Käthe Dorschs so endgültig und so
414 2806 1341 2900 Leutnant Fritz Lobheimer der es auf Anraten
2069 2839 3055 2885 wundervoll festgelegt daß jede andere Schau¬
404 2849 1339 2937 eines Freundes für gut hält, seine heiklen Be¬
2079 2882 3022 2923 spielerin es schwer hat, den Vergleich auszu¬
414 2883 1342 2977 ziehungen mit der verheirateten Baronin von
2069 2922 3035 2968 halten. Auch Magda Schneider, die im Film
423 2899 1349 3014 Eggersdorf schleunigst zu liquidieren. Da ist fer¬
2076 2956 3041 3020 die Rolle der Christine spielt, ist bei weitem nicht
414 2959 1345 3044 ner die hübsche Musikantentochter Christine Wei¬
2081 2983 3032 3052 Käthe Dorsch. Magda Schneider ist sehr reizend
419 2999 1345 3086 ring, die den offizierlichen Lebemann durch ihre
2077 3036 3025 3082 in den Szenen einer stillen, glücklichen Verliebt¬
414 3028 1347 3124 reine Liebe läutert. Das alles wäre in bester
2075 3070 3029 3133 heit, ihr gelingen vortrefflich innige Momente;
417 3051 1363 3155 Ordnung geblieben, wenn nicht der impulsive
2066 3118 3034 3162 aber dem Ausdruck der Verzweiflung und des
429 3109 1349 3201 Baron von Eggersdorf klare Belege für die da¬
2073 3138 3038 3209 Zusammenbruchs nach dem Tode des Geliebten
429 3148 1344 3232 malige Untreue seiner Frau gefunden hätte. Er
2081 3184 3021 3243 ist sie weniger gewachsen. Da fehlt es ihr an
427 3184 1351 3273 fordert den, der ihn zum Hahnrei machte, zum
2072 3230 3026 3302 elementarer Stärke. Im Uebrigen ist der Film
431 3214 1357 3307 Zweikampf, und der Leutnant Fritz Lobheimer
2088 3274 3017 3327 sehr ernsthaft und gut gemacht, mit kluger Aus¬
424 3258 1359 3343 darf nicht kneifen“. Also findet er im Duell den
435 3297 1362 3388 Tod, seine Christine aber springt ins Dunkel. Wir
2091 3321 3028 3391 nutzung der reichen Möglichkeiten wechselnder
437 3325 1364 3430 geben zu, daß das Drama, sofern man eine Dosis
2092 3352 3017 3404 Bilder, ohne der Gefahr das übliche Wiener
434 3374 1359 3466 nicht zu vermeidender Theatralik in Kauf nimmt,
2083 3390 3017 3454 Film=Milieu auszuschlachten, anheimzufallen.
435 3398 1359 3494 regiemäßig (Max Ophüls) wie darstellerisch
2084 3439 3026 3486 Davor bewahrte den Regisseur sein guter und
442 3454 1366 3538 Gustaf Gründgens, Olga Tschechowa, Magda
2085 3462 3028 3527 sichere: Geschmack, der überall angenehm fühlbar
438 3496 1373 3567 Schneider, Wolfgang Liebeneiner u. a.) mit über¬
2080 3506 3014 3565 wird. Das gleiche Maßhalten beherrscht auch
442 3526 1371 3620 zeugendem Fleiß geformt wurde: wir verschwei¬
2087 3545 3027 3605 die Darstellung. Den jungen Leutnant spiklt
442 3553 1374 3647 gen aber nicht unsre stofflichen Bedenken, zumal
2079 3581 3028 3653 Wolfgang Liebeneiner durchaus sympathisch;
436 3595 1371 3677 das Kulturprogramm der neuen Zeit auch eine
2075 3622 3018 3684 seine Szene mit dem Vater Christinens den
441 3647 1368 3750 Säuberung der filmischen Mentalität verspricht.
1210 3668 1383 3729 LRR
2081 3666 3024 3730 Paul Hörbiger mit großer Schlichtheit sehr
2075 3701 3015 3769 natürlich gab, war im stummen Spiel brillant.
2076 3742 3010 3786 Der einzige, der vornehme Haltung bis zur
2073 3782 3019 3836 Starrheit trieb, ist Gustaf Gründgens als
2070 3818 3013 3878 Baron Eggersdors. Als Gegensatz zu Christine
2083 3859 3009 3916 war Luise Ullrich als süßes Mädel von leich¬
2076 3896 3010 3951 terem und zugleich gröberem Schlag vorzüglich
2073 3938 3010 3993 am Platz. Der Güte der Regie und des Spiels
2083 3969 3012 4042 entsprach leider nicht die Klarheit der Ton¬
2073 4005 2326 4070 wiedergabe.
2874 4023 2976 4072 G.
