3436 4320
408 249 815 338 Liebelei
246 269 759 378 5. Mn Mine.
803 251 1382 366 box 11/5
783 980 1713 1079 No. 39. 28. September 10. SIGNALE
1691 1017 1977 1100 ——
930 1063 1025 1122 Keeeen
1270 1101 1824 1202 Musikbriefe
1488 1180 1600 1243 aus
1212 1205 1871 1295 München und Frankfurt a. M.
1134 1255 2311 1344 Als Dank für die fast überreichlichen Gaben der Franzosen
830 1319 1092 1377 München,
1134 1327 2313 1389 hatte man im Hoftheater Benvenuto Cellini und im Prinz¬
797 1363 1124 1446 Festvorstellungen.
921 1377 2311 1453 man regenten-Theater Elektra angesetzt, um jedoch mit beiden
803 1441 2319 1500 Vorstellungen zu zeigen, dass es im Hoftheater trotz krampfhafter Anstrengung
790 1468 2318 1561 zu einer Festveranstaltung, die Münchens Ruhm im Auslande hätte festgen
801 1521 2316 1600 können, doch nicht gana reicht. Die französischen Gäste mussten sich an der
806 1570 2319 1653 prächtig gespielten Ouverture und an Mottl als deuischen Berlioz-Vertreter
799 1621 2318 1704 Schadlos halten, zumal der -Gamn“ für Paris eine Seitenheit bedeutet. Die
802 1670 2327 1749 Aufführung selbst war mässige Alltagsware. Eine unpersönliche Theresa war
795 1703 2317 1810 Frl. Krait und im Spiel und Ton kein Held gab Günther Braun seinen
810 1764 2321 1834 Cellini. Einen Lichtpunkt bot in der Hosenrolle des Askanio Frl. Kuhn¬
805 1809 2323 1904 Brunner, die ohne Uebertreibung durch ihre mehr soubrettenhafte Ausarbeitung
808 1863 2332 1944 diese konventionelle Partie lebendig gestaltete. D'as sich wohl die von der
809 1906 2331 1989 Opéra Comique her verwöhnten Franzosen bei der schelmenhaften Regie und der
806 1962 2320 2045 ledernen Balletthopserei gedacht haben mögen? — Nachhaltender klang, der
799 2010 2321 2093 höfliche Beifall bei Straussens Elektra mit Frl. Fassbenders genialer Ver¬
792 2059 2326 2133 körperung der Titelrolle und mit Fr. Bahr Mildenburg (Klytämnestra), die
802 2110 2333 2197 als dämonisch-fluchbeladenes Geschöpf auch noch einen Zug vergrämter
818 2153 2334 2236 Weiblichkeit zum Ausdruck brachte und dadurch die Tragik der Rolle bedeutend
812 2207 2325 2287 erhöhte. Trotz Mottl und Hoforchester wurden den Franzosen keine besonders
796 2255 2324 2321 festlichen Dinge geboten, zudem hätte man „Beatrice“ oder „die Trojaner“ in
813 2301 2341 2392 Frage ziehen können; Pelleas und Melisande auf deutscher Bühne wäre den
805 2356 2333 2449 Gästen sicherlich auch ein Ereignis gewesen und erst „Samson und Dalila, zu¬
811 2403 2341 2483 mal der auwesende Saint-Saëns nicht weit zum Dirigenten-Palt gehabt hätte.
2153 2454 2303 2519 F. K.
1146 2494 2339 2575 Uraufführung der Oper „Liebelei“, komponieft von
853 2545 1131 2606 Frankfurt a. M.
1157 2569 2342 2632 Franz Neumann nach dem gleichnamigen Schauspiel
881 2589 1105 2657 23. Sept.
1019 2616 1680 2689 von Axfhur Schplzler.
919 2648 2339 2718 Jetzt hat auch den Pienter Arthur Schnitzler sein Schicksal, dem kein
822 2698 2338 2793 moderner Dichter mehr entgehen kann, erreicht. Ein Komponist hat sich
816 2755 2335 2822 meuchlings auf ihn geworfen, sein Schauspiel „Liebelei“ zum Operntext „er¬
819 2801 2341 2871 hobe.“ und es mit Haut und Haaren vertont, oder wie man sagt „unter Musik“
819 2844 2339 2923 gesetzt. Es ist dem Stück aber noch verhältnismässig gut bekommen, es hat
809 2903 2338 2969 sogar eine Art musikalische Wiedergeburt gefeiert; denn wenn man ein Schauspiel
816 2948 2340 3027 satt hat, kann man es als Oper immer noch geniessen. Also Verdoppelung der
815 3017 2337 3072 oft so kurzen Unsterblichkeit für Poeten! Der Täter war Franz Neumann,
813 3071 2335 3135 dessen Sünden wider den heiligen literarischen Geist man aber volle Absolution
822 3107 2353 3166 erteilen musste, nachdem man die Oper vernommen hatte. Das war wirklich
819 3148 2345 3214 eine Ueberraschung. Wenigstens für die Frankfurter, die Franz Neumann nur
829 3199 2345 3268 als zweiten Kapellmeister des Opernhauses kannten, die ihn als schneidigen
829 3243 2351 3327 Operettendirigenten schätzten, oder, wenn es Backfische waren, anhimmelten, die
824 3297 2344 3370 von ihrem Neumann aber höchstens ein anständiges Ballet oder im besten alle
825 3355 1681 3418 eine unanständige Operette erwartet hätten.
944 3373 2348 3465 Jetzt hat er sich als ein bedeutender, ernst zu nehmender Opernkomponist
822 3436 2350 3519 entpuppt und einen Riesenerfolg bei der Uraufführung seiner „Liebelei“ ein¬
831 3497 2356 3576 geheimst, der auch ohne die lokalen Sympathien kaum weniger stark ausgefallen
