3248 4320
403 171 814 249 Liebelei
244 171 1373 295 5. Lieeie, box 10/1
790 971 1738 1048 —tr ogte meoichen Grrssch.
137 976 746 1070 no, wie undere Menschen,
144 1029 2782 1119 kise der Neugewählten sicher das eroberte Wien anzutreten, das wäre allerdings auf ihren gewohnten Wegen verharren sollte. Für
157 1073 2778 1139 intimen Ksmpfen zwischen wohl beklemmend für die Sieger. Das würde ihnen die fortschrittliche Minorität ist es aber, wie gesagt,
722 1132 2780 1185 wohl auch einen Vorgeschmack für Dasjenige geben, recht gleichgiltig, welche Persönlichkeit aus dem
157 1131 724 1206 berufen s##n, etwas mehr
707 1164 2784 1237 was zu erwarten stünde, wenn sie in dem Glauben, gegenwärtigen Lager den Bürgermeisterstuhl besteigen
166 1179 723 1245 abstimmendes Mitglied der
1429 1230 1538 1293 Seeun
1738 1273 2774 1351 „süße Mäd'l“, das sehr leicht einzufangen ist, erinnert nach
704 1279 1742 1345 Waffen! ... Ein Kuß, ein herzlicher Händedruck, einige
395 1295 471 1347 C4
1740 1331 2779 1384 der Charakteristik des Dichters „mit seinem kleinen,
165 1290 479 1395 „Mäd'l“.
708 1332 1714 1388 verstohlene Thränen, ein halb unterdrücktes Schluchzen —
1742 1355 2787 1427 blonden Köpferl, mit seiner sentimentalen Heiterkeit und
718 1377 1744 1433 und die Trennung von Herz, Tisch und Bett war voll¬
155 1360 713 1446 ithiges Lied, das die Pariser
1747 1407 2780 1469 mit seiner lächelnden, schalkhaften Wehmuth an einen ge¬
710 1416 1749 1477 zogen. — Mit dem zweiten Kaiserreich verschwand dieser
151 1414 715 1499 en Gelagen in dem Momente
1750 1457 2792 1520 tragenen Wiener Walzer“. Es ist mit anderen Worten
709 1463 1744 1525 Typus aus dem Leben und aus der Literatur. Und als
161 1477 712 1541 die Stimmung eine rührselige
1741 1495 2780 1564 Strauß'sche Musik, ins Weibliche transponirt. Dieses
715 1512 1750 1571 Alphonse Daudet ihn später wieder aufgriff, trug die
144 1523 711 1585 gst verrauschte Zeit, da in den
1741 1548 2790 1614 „süße Mäd'l“ ist ebenso empfindsam, ebenso wenig
717 1556 1749 1621 einstmalige Grisette so völlig veränderte Züge, daß sie
153 1571 707 1639 alten Quartier Latin das fröh¬
1747 1592 2786 1655 ansprüchig, wie die Grisette Musset's. Sie verlangt
712 1600 1751 1668 nicht mehr zu erkennen war. Aus dem früheren leicht¬
141 1610 702 1675 isette erklang. „Du bist jetzt,“
1738 1648 2783 1703 keine Diamanten und keine Perlen. Sie begehrt nicht
711 1653 1747 1718 lebigen, genügsamen Mädchen, das man mit einem Kuß,
149 1654 715 1730 wenn Du noch lebst, ein altes
1740 1695 2779 1760 einmal ein Bracelet. Wenn ihr der Geliebte ein Veilchen¬
709 1694 1754 1763 einer Blume beglückte, war eine verschwenderische, leiden¬
143 1709 710 1774 dwo in der Provinz einen
1747 1729 2783 1796 bouquet überbringt, so ist sie zufrieden, ja gerührt, dann
717 1745 1746 1808 schaftliche, perfide und launische Courtisane geworden, eine
154 1751 721 1824 erhellt Dein runzeliges Gesicht
1735 1789 2784 1845 steht ihr eine Thräne im Augenwinkel. Sie hat auch gar
718 1803 1750 1857 Sappho, die dem Geliebten das Lebensmark aussog,
146 1802 719 1868 dann an die schönen, alten
1744 1828 2793 1895 kein Gelüste darnach, bei Sacher zu soupiren. Ihr ist mit
713 1838 1755 1903 moralisch und physisch. „Für meine Söhne, wenn sie
144 1853 714 1918 hen Zeiten sind längst vorüber.
1747 1876 2786 1944 einem frugalen Nachtmahl in einem Vorstadtbeisel ge¬
722 1895 1751 1957 zwanzig Jahre alt werden,“ hatte der Dichter auf die
147 1890 714 1959 rt nicht mehr. Sie ist zur
1739 1930 2788 1988 holfen. Das ist die mildere Form der Wiener Grisette, die
716 1946 1745 1991 erste Seite jenes Romans geschrieben, in dem er ein
149 1942 716 2002 frinnerung an sie tönt nur noch
1744 1970 2793 2038 nicht faszinirend schön, nicht besonders elegant, durchaus
148 1977 1747 2041 literarischen Dokumenten. Aber solches Weib mit erschreckender Wahrhaftigkeit zeichnete.
1736 2023 2788 2086 nicht geistreich ist, aber dafür, wie Schnitzler behauptet,
140 2034 1752 2093 en, wie sie uns Alfred de Musset] Dieses Buch sollte eine Warnung sein vor jenen leicht¬
1739 2070 2778 2134 zu lieben weiß. Der Dichter der „Liebelei“ kennt aber auch
705 2078 1738 2141 geschürzten Verbindungen, die auf das Lebensschicksal so
138 2082 722 2150 n, blättern, da taucht dieser
1735 2115 2787 2180 einen härteren Typus dieses Wiener Mädchenschlages. Das
703 2126 1739 2191 manchen jungen Mannes in Paris vernichtend einwirken.
146 2119 713 2196 romantischen Zauber verklärte
1749 2153 2788 2221 ist sie, die Mizzi, in seinem Schauspiel. Dieses Mädchen
151 2179 725 2241 wunderlichen Liebreiz vor uns
1740 2193 2789 2277 ist in Sacher's Speisekarte ebenso bewandert, wie in den
790 2194 1741 2281 Nahezu ein halbes Jahrhundert ist dahingerollt,
137 2223 724 2300 Ans, diese Mimi Pinson, diese
1746 2261 2791 2320 verschiedenen Waffengattungen der Armee. Die schlürft
707 2267 1743 2316 seitdem die französische Dichtung den holden und harm¬
135 2269 722 2339 lauter junge, lebensstroßende
1738 2304 2787 2358 gerne Champagner, trinkt sich gelegentlich sogar einen
712 2313 1742 2378 losen Pariser Grisetten=Typus festgehalten und durch eine
139 2317 719 2376 denten und jungen Künstlern
1736 2349 2775 2411 Schwips an, wechselt unbedenklich ihre Liebhaber und
719 2355 1746 2418 Reihe prächtiger Figuren illustrirt hat. Und nun taucht
156 2369 726 2445 hausten, die in deren Heim be¬
1736 2393 2788 2455 mildert ihre laxe Moral durch einen unzerstörbaren Fonds
716 2411 1743 2464 dieser Typus in seiner milderen und seiner härteren Form in
167 2408 720 2472 walteten, alle Miseren einer
1738 2448 2787 2517 natürlicher Gutmüthigkeit. Man fand diese Mizzi auf den
720 2461 1740 2514 der Wiener Literatur auf. Die Grundzüge aus dem eigen¬
148 2460 715 2519 duldeten, keine Ansprüche machten
1745 2488 2784 2553 Brettern des Durgtheaters äußerst amusant. Man lächelte,
712 2498 1741 2555 artigen Charaktergepräge der einstmaligen Pariser Grisette
144 2508 721 2571 beschenken vorlieb nahmen. In
1739 2536 2787 2600 man lachte, man applaudirte. Und es fehlte nicht an sehr
718 2550 1741 2610 finden wir nämlich in den Mädchengestalten, die Arthur
164 2543 731 2627 die ein Zufall knüpfte und der
1742 2581 2788 2659 gewichtigen Stimmen, welche erklärten, daß Schnitzler der
713 2592 1742 2649 Schnitzler in seinem Buche „Anatol“ und in seinem Schau¬
173 2603 727 2666 schwur man sich keine ewige
1742 2634 2784 2688 dramatischen Dichtung ein neues Gebiet erobert und eine
723 2647 1745 2702 spiel „Liebelei“ vorführt. Die längst verschollene Mimi
162 2637 728 2709 ein Liebesbund auf Kündi¬
1736 2680 2784 2758 neue Gestalt von urwüchsigem Wiener Erdgeruch ent¬
721 2675 1754 2744 Pinson feiert in Wien ihre fröhliche Auferstehung, sie ist
157 2692 724 2757 dußte dies sehr wohl. Es
1738 2732 1977 2809 deckt habe.
717 2733 1747 2788 bei Schnitzler das Wiener Vorstadtmädchen, das man auf
142 2744 719 2812 Tragik, wenn so ein Pärchen
713 2784 1743 2843 der Straße, beim Tanz, in einem Omnibus, unter einem
140 2773 733 2849 er längeren Zusammenwohnen
1819 2801 2793 2906 Schnitzler ist also der Moderne par excellonce. So
147 2825 1760 2916 Jammern, kein Drohen mit Regenschirm kennen lernt und rasch an sich lockt. Dieses
946 2903 1630 2989 Hiezu zwei Einlagsbogen.
