3484 4352
240 299 796 378 5. Liebelei
452 297 1377 406 box 12/5
444 1229 1473 1336 Husschnitt aus: LIASiTieries Wieber Exfrasten
1107 1309 1287 1377 Wien
451 1334 1004 1424 vom: „ 27 JAA1974
551 1492 628 1553 (8
701 1470 1461 1577 blerd „Liebelei“ im Kino.) Das Elite¬
436 1504 1453 1614 gno in der Wollzeile kann sicherlich den Ruhm be¬
430 1587 1450 1640 anspruchen, gestern mit einem wirksamen Drama
439 1618 1450 1686 debütiert zu haben, für das kein geringerer als Artur
433 1674 1443 1731 Schnitzler zeichnet. Aber allzuviel Stolz wäre un¬
426 1706 1460 1764 angebracht; denn von der „Liebelei“, dem echtesten
433 1763 1446 1816 und lebensvollsten Stück, das Schnitzler geschaffen
424 1791 1453 1868 hat, ist nur der Name und das Gerüst der äußeren
423 1840 1445 1899 Handlung geblieben. Das Bildhafte, die Geste und
423 1892 1449 1954 die Bewegung allein sind zu arm, um den ganzen
434 1932 1449 1979 Reichtum an trauriger Wahrheit an Gefühl¬
422 1974 1461 2038 und Menschlichkeit zu offenbaren, der in der schlichten
422 2018 1468 2078 Rede des Volksstückes und in der Darstellung des
431 2050 1448 2106 Schauspielers lebendig wird. Das muß Artur Schnitzler
433 2106 1460 2174 auch selbst geahnt haben, als er vom engen Pfad
424 2141 1443 2203 strenger Kunstauffassung sich auf den breiten Weg der
433 2177 1455 2233 Filmdramatiker machte. Er selbst hut nämlich die
426 2229 1455 2290 Bilder gestellt und das Stück neu für die Lichtspiele
419 2276 1453 2326 entworfen. Dabei hat er wohlweislich die krassen
435 2314 1458 2395 Vorgänge die man in der „Liebelei“ nur erfährt, aber
427 2362 1450 2410 nicht sieht, im Bilde gestaltet und sie sind das eigent¬
423 2398 1452 2462 lich kinowirksame geworden. Die Frau, um derent¬
432 2445 1451 2505 willen Fritz Lobheimer im Duell fällt und die im
424 2480 1458 2538 Stück nicht sichtbar ist, wird zu einer bedeutungsvollen
429 2516 1452 2592 Episodenfigur und der Zweikampf, dessen trauriger Aus¬
425 2564 1454 2636 gang wie eine höhere Macht aus der Dunkelheit heraus
422 2622 1460 2694 die Lüge beleuchtet, wird selbst in den Mittelpunkt
417 2648 1481 2735 gerückt und grell versinnbildlicht. Nur im Schluß,
424 2724 1445 2760 wo die verlassene Christine in namenlosem Schmerz
417 2756 1441 2818 bei der Bahre des toten Geliebten zusammenbricht
408 2816 1447 2864 und ihr Vater an der Brust seines armen Kindes
412 2853 1451 2901 hinsinkt, im Gefühl, daß ihm der letzte Sinn zum
403 2881 1441 2951 Leben entschwindet, ist ein Hauch der wahren
412 2922 1441 2983 „Liebelei“ Schnitzlers zu verspüren. Sonst ein
405 2974 1435 3024 reizendes Kinoschauspiel mit hübschen Bildern, ge¬
413 3013 1432 3071 schmackvoll gestellten Episoden und einer maßvollen
416 3062 1428 3125 Darstellung, die weiß, daß in diesem Stück jede
403 3105 1433 3161 Uebertreibung ein Stilfehler wäre, der lächerlich wirkt.]
475 3150 1421 3206 ist nur schade, daß gerade die Bilder zur
417 3190 1398 3245 „Liebelei", die doch das Wiener Stück ist in —
401 3225 1435 3310 Kopenhagen gestellt und auch aufgenommen wurden.!
1035 3277 1263 3336 — —
1962 379 2913 486 Husschnitt aus: Neues Visner Journal, Wiar
2212 456 2510 559 270A1914
1977 520 2145 572 vom:
2253 549 2604 632 B
2671 626 2725 717 4
1836 678 3087 794 Schnitlers „Ziebelei im Film.
2210 777 2734 859 Die Generalprobe.
1954 846 3110 920 Gestern nachmittag fand im Elitekino in der Wollzeile die
1847 903 3111 966 von uns bereits angekündigte Generalpeobe des Films „Liebelei“
1856 949 3125 1016 nach dem gleichnamigen Velksstück von Artur Schnitzler
1856 999 3140 1064 statt. Es sei gleic, an dieser Stelle bemerkt, daß der Film, der von
1853 1039 3130 1122 der Nordische Films Co. in Kopenhagen mit einer
1856 1100 3115 1177 fast zärtlichen Liebe für die Original#htung hergestellt wurde,
1850 1143 3119 1188 auf die dichtgedrängten Gäste, die zur Generalprobe ein¬
1851 1181 3152 1259 geladen waren, den stärksten Eindruck übte und zum
1854 1248 3121 1305 Schluß mit stürmischem Beisall bebacht wurde. Die Regie zeigte
1859 1293 3131 1354 sich bei der Verfilmung dieses Werkes in der Wahl der szenischen
1842 1333 3126 1394 Mittel ungemein vornehm zurückhaltend und vermird jede auf¬
1854 1375 3126 1465 dringliche Wirkung, die diese zart empfindsame Hendlung hätte
1862 1426 3124 1499 stören können. Mit besonderem Geschick entledigte sie sich der
1846 1484 3119 1539 schwierigen Aufgabe. die Szenerie sowoy. in den Intericurs, als
1846 1540 3127 1586 auch in den Straßenbildern und draußen im Freien dem Wiener
1855 1571 3131 1633 Kolorit des Stückes anzupassen, sodaß das Wiener Milieu, trotz¬
1845 1618 3139 1713 dem die Aufnahmen in Kopenhagen besorgt wurden, nirgends
1859 1675 2191 1751 vermißt wurde.
1976 1697 3122 1774 Großes Lob verdient aber vor allem auch die Darstellung,
1855 1764 3134 1832 die gleichfalls in ihrer ganzen Haltung und im Spiel die nötige
1860 1813 3135 1874 Diskretion bewahrte. Da ist zunächst Waldemar Pfilander,
1854 1864 3150 1919 der den Helden des Stülkes Fritz Lobheimer spielt und der
1850 1915 3140 1970 aus früheren Filindramen als liebenswürdiger Bouvivant
1854 1956 3138 2026 in bester Erinnerung ist. Fritz schwankt in seiner Liebe
1855 1999 3149 2079 zwischen der Gemahlin des Fabrikanten Schroll, bei der
1867 2051 3152 2129 ihn die Reife und die Erfahrung reizt, und Christine,
1871 2102 3138 2169 N#r Tochter des alten Violinspielers Weiring, deren mädchenhafte
1872 2150 3154 2227 hingebende Liebe in schärfstem Gegensatz zu Frau Schrolls Herzens¬
1860 2198 3145 2258 regungen steht. Fritz lernt Christine in der Tanzstunde kennen.
1870 2241 3144 2314 Wir erteben mit ihm seine junge Liebe, wir begleiten ihn auf
1858 2285 3139 2354 seinen Fahrten mit Christine ins Freie, wir sehen ihn in der
1862 2340 3146 2406 Theaterloge neben Frau Schroll und dann in ihrer Wohnung
1857 2411 3147 2471 und foigen ihm schließlich zum Duell, in dem er, von einer Kugel des
1859 2435 3151 2493 Fabeikanten getrossen, fällt. Da ist Christine, von Christel
1865 2483 3149 2558 Holch mit zartem Liebreiz und tiefer Innigkeit dargestellt, die
1871 2543 3141 2597 in ihrer Liebe zu Fritz an seinem Sarge zusammenbricht. Und
1868 2575 3144 2643 dann das Gegenspiel, die muntere, lebensfrohe Liebelei zwischen
1873 2636 3144 2706 Theodor und Mizzi, die in Fritz Petersen und Holger
1865 2673 3149 2742 Reenberg ausgezeichnete Darsteller gefunden haben. Adele,
1866 2740 3138 2804 die Fabrikantensgattin, die von den Lippen ihres Geliebten die
1875 2791 3152 2841 Erinnerung an vergangene Zeiten küßt, wird von Augusta Blad
1873 2826 3150 2897 verkörpert. Auch der alte Weiring und der Fabrikant Schroll
1871 2885 2702 2964 ind mit einigen Strichen scharf gezeichnet.
1995 2913 3149 2983 Das ausgeglichene Zusammen piel wirkt ungemein natürlich
1878 2977 3145 3052 und ##t in Verzindung mit den reizvollen Szenerien eine starke
1877 3018 3154 3095 dramatische Stimmung aus. Stellenweise ermöglicht der Film,
1888 3077 3146 3132 hon weil er nicht an den begrenzten Raum gebunden ist, eine
1869 3104 3140 3194 fast noch anschaulichere Darstellung des Stückes, als die Sprech¬
1884 3153 3148 3231 ihne. Bekanntlich wurde das Schauspiel „Liebelei“ im Burg¬
1885 3220 3151 3283 heater mit größtem Erfolge aufgeführt und erregte schon deshalb be¬
1876 3250 3160 3336 sonderes Interesse, weil der heimatliche Dichter in diesem Werke
1872 3304 3145 3379 zum erstenmal den Typus des süßen Mädels auf die Bühne
1875 3359 3161 3430 brachte, eine Gestalt, die sich auf diesem Wege auch einen Platz
2746 3398 2814 3481 Es
2834 3396 3165 3487 dürfte wohl
1870 3412 2680 3487 in der Literaturgeschichte eroberte.
2557 3478 2804 3550 Dienstag
1872 3551 3211 3629 kein anderes Stück Schnitzlers geben, das ein ge=be
1866 3586 3198 3704 wisses Wiener Milieu besser und packender charakterisiert. R
1995 3651 3200 3732 Die Besucher der Generalprobe erhielten als Souvenirjg
1875 3706 3147 3763 eine sorgfältig ausgestattete Broschüre, die neben einer kurzen
1870 3734 3191 3812 Inhaltsangabe und eingestreuten Filmszenen auf der Umschlag=b
1879 3783 3183 3861 seite das Porträt des Dichters Artur Schnitzler, nach der be¬!
1876 3840 3140 3925 kannten Originalradierung von E. Löwenstamm, zeigt. Der große
1885 3891 3144 3981 Erfolg den der Film in der gestrigen Generalprobe erzielt hat,
1875 3935 3146 4010 läßt erwarten, daß der „Liebelei"=Film, dessen öffentliche Premiere
1889 4002 3141 4059 am 30. Januar stattfindet, die Sensation der heurigen Kino¬
1894 4056 2291 4134 saison werden wird.
