3436 4224
420 162 764 230 Liebelei
232 160 1373 275 5. „ box 11/6
364 542 745 637 „OBSEEVER“
343 620 612 695 L.öster
383 685 637 755 konzene
484 737 634 796 Bure
835 741 1121 833 Berline.
364 786 678 870 für Zeitunge
494 855 656 908 Wien,
1056 831 1503 930 Mergenausgabe
388 892 954 981 Kenkoreit -2 12. 1910
548 1196 1545 1283 „Liebelei“, eine Oper von Franz Neumann,
491 1268 1545 1328 iach Schnitzlers Schauspiel, hatte bei der gestrigen
486 1298 1541 1379 Erstaaf# Kölner Opernhause in Anwesenheit
500 1348 1533 1411 es Komponisten einen sehr starken Erfolg. Am
498 1379 1533 1454 Dirigentenpulte bot Otto Lohse eine glänzende
503 1421 1538 1494 leistung. In der trefflichen Gesamtaufführung zeichnete
505 1465 1538 1528 ich Claire Dux, die demnächst Mitglied der Berliner
491 1510 1524 1571 dofoper wird, als stimmungsreiche Christine besonders
513 1546 1524 1619 us. Neumann und Lohse wurden mit den Haupt¬
500 1570 1222 1648 arstellern oftmals stürmisch gerufen.
1206 2401 1465 2472 Telephion
655 2532 1411 2622 „ODOENTEN
509 2606 1596 2686 1. österr. beh. konz. Unternehmen für Zeitungs¬
713 2664 1397 2716 Ausschnitte und Bibliographie.
678 2714 1459 2782 Wien, I., Conoordiaplatz 4.
902 2782 1240 2851 Vertretungen
515 2828 1611 2879 in Berlin, Brüssel, Budapest, Chicago, Cleveland, Christiania,
513 2883 1601 2936 Genf, Kopenhagen, London, Madrid, Mailand, Minneapolis,
499 2918 1612 2968 New-Vork, Paris, Rom, San Francisco, Stockholm, St. Peters¬
905 2959 1209 3011 burg, Toronto.
868 2979 1254 3053 Aaeilenangabe ohne Gewähr.)
926 3034 1640 3154 KL. HSENE TAGBLAL
504 3057 926 3131 Ausschnitt aus:
514 3175 1272 3287 vomist
417 3288 1607 3357 22 „Liebelei“ als Oper. Franz Neumanns Oper
391 3331 1626 3403 „Liebelei“, die Schnitzlers gleichnamigem Schauspiel entlehnt ist,
380 3357 1622 3438 sand einem Privat=Telegramm aus Köln zufolge gestern bei der
369 3401 1615 3480 Erstaufführung im Kölner Opernhaus sehr starken Erfolg.
384 3444 1622 3525 In der trefflichen Gesamtaufführung zeichnete sich Claire Dux, die
370 3487 1618 3571 demnächst Mitglied der Berliner Hofoper wird, als Chrisiine be¬
395 3591 1572 3704 sonders aus. Der Komponist und der Dirigent Lohse wurder
390 3647 1248 3761 den Hallzdarstellern oftmals stürmisch gerufen¬
2236 697 2632 887 OB5
2072 866 2734 943 1. österr. beh. konz. Untern
2290 928 2975 981 Ausschnitte und Bibliographie.
2258 964 3013 1055 Wien, I., Concordiaplatz 4.
2477 1045 2791 1108 Vertretungen
2074 1083 3168 1163 in Berlin, Brüssel, Budapest, Chicago, Cleveland, Christiania,
2069 1137 3166 1196 Genk, Kopenhagen, London, Madrid, Mailand, Minneapolis,
2064 1166 3165 1226 New-Vork, Paris, Rom, San Francisco, Stockholm, St. Peters¬
2475 1210 2773 1262 burg, Toronto.
2422 1249 2820 1314 (Quellenangabe ohne Gewähr.)
2074 1300 2471 1376 Ausschnitt aus
2268 1322 3158 1449 D. Undemniscn wesiph. Zeitung, 1s
2068 1425 2235 1475 vom:
1983 1551 3144 1626 ###Köln, 2. Dez. Opernbrief. Im Opernhaus gab Edith
1924 1596 3124 1641 [Walker vom Hamburger Stadttheater mit ganz außergewöhn¬
1940 1638 3124 1703 flichem Erfolge die Isolde und Götterdämmerung=Brün¬
1940 1685 3124 1731 [hilda. Sie holte auch das Letzte aus dem Kunstwerk, bei einer
1936 1723 3130 1785 rein stimmlich so gleichwertigen und wundervollen Leistung, daß
1940 1760 3120 1833 man sagen könnte, sie wurzele im Schöngesang. Ihre
1952 1807 3124 1852 Brünhilde war im letzten Aufzug wirklich die menschgewordene
1952 1847 3120 1893 Göttin, die Leiden uldet, wie keiner sie litt, und die „die Welt
1946 1877 3141 1931 vom Fluche des Machtdurstes durch den Heroismus ihres reinen.
1952 1914 3130 1969 Gefühls erlöst und das Evangelium der Liebe als ihr Testament
1935 1952 3138 2035 der entgötterten Welt hinterläßt". Als zweite örtliche Novität
1941 1989 3131 2036 ging Franz Neumanns Oper „Liebelei“ in Szene. Der
1943 2031 3145 2089 Komponist hat mit ganz geringen Kürzungen das Schnitzlersche
1951 2070 3061 2132 Original Wort für Wort in — oder soll man sü
1949 2106 3146 2171 Musik gesetzt. Trotzdem hat die „musikalische Breite“, die sonst
1950 2140 3135 2202 mit jeder Verlonung verbunden ist, nicht zu einer großen Aus¬
1954 2174 3132 2247 dehnung des Pheaterabends geführt. Neumann bringt ein
1942 2250 3132 2289 eigenes Parlando=Schnellverfahren zur Anwendung, mit dem
1951 2271 3140 2318 er oft über die Worte hinwegjagt, wie der Rennfahrer über die
1953 2319 3140 2366 Bahn. Sechzehntel spielen daher eine große Rolle in den Sing¬
1951 2353 3136 2402 stimmen, auch Tonwiederholungen, und natürlich auf jede Note
1949 2390 3141 2440 eine Silbe. Da muß denn eine große Zungenhurtigkeit und
1949 2437 3135 2482 Leichtigkeit der Tongebung von den Sängern entwickelt werden.
1951 2477 3130 2527 Es versteht sich, daß bei diesem Stil nicht viel Melodisches für
1948 2497 3141 2572 die Singstimmen abfallen konnte. Dafür bat das Orchester zu
1954 2547 3133 2607 entschädigen, in dem es oft außerordentlich lebendig zugeht, in
1953 2595 3147 2650 dem viel prickelnde Frohlaune steckt, auch viel lyrischer Reiz, leider
1946 2622 3138 2678 aber auch viel Theatralik und hohles Pathos da, wo man drama¬
1953 2666 3144 2725 tische Kraft erwartet, viel Lärm, wo man innere Tonmalerei,
1942 2709 3136 2760 die Schilderung soelischer Vorgänge wünscht. Mir gefällt jeden¬
1958 2746 3141 2802 falls das Schauspiel Schnitzlers besser, es schreit auch wirklich
1949 2788 3139 2828 nirgendwo nach Musik. Was von dieser nötig ist, wird von der
1956 2835 3134 2880 kleinen Gesellschaft in der Souperszene selber besorgt. Gewon¬
1951 2864 3138 2916 nen hat das Schauspiel für mein Gefühl nur an Effekt, an
1944 2913 3145 2958 Rührseligkeit, und das ist zweifelhafter Gewinn. Gern sei fest¬
1953 2941 3134 2997 gestellt, daß Neumann sehr viel kann, sich meisterhaft auf das
1955 2990 3145 3033 Orchester versteht, auch Geist und Phantasie besitzt. Die hiesige
1955 3035 3146 3076 Aufführung des eminent schwierigen Werkes ist auch nach seiner
1950 3062 3134 3119 Ansicht vollendet. Zunächst das Orchester unter Lohse, der zu¬
1954 3089 3135 3153 weilen allerdings mächtig drauf los blasen läßt. Aber diese
1945 3143 3147 3203 Knalleffekte sind nun mal in der Partitur vorgesehen, und wenn
1955 3183 3136 3230 schon — denn schon. Daneben gibt es dann auch außerordent¬
1951 3220 3138 3288 lich viel orchestrale Feinheit und nicht selten berückenden Klang¬
1956 3262 3141 3317 wohllaut. Von den Darstellern ist zunächst unsere ausgezeich¬
1958 3298 3148 3354 nete Soubrette Mizzi Fink zu nennen, die als echte und
1947 3347 3142 3393 auch fesche Wienerin in der Rolle der lebenslustigen Wiener
1943 3380 3142 3431 Modistin, ihrer Namensvetterin Mizi, eine ihr ganz außer¬
1957 3413 3134 3464 ordentlich zusagende Aufgabe findet, die schlechterdings nicht
1953 3455 3133 3508 vollkommener zu lösen ist. Frau Dux stellt als Christine das
1952 3500 3146 3547 rechte Gegenstück, eine rührende Mädchengestalt, auf die Szene,
1957 3530 3139 3585 ebenfalls bei einer virtnosen Gesangsleistung. Weiter machen
2217 3578 2279 3611 e
1960 3574 3161 3655 indhelshoff (Fritz) um die Auf¬
1994 3627 3168 3721 führung verdient. Letztere war von einem sehr starken Erfolg
1980 3671 3174 3753 begleitet, der Komponist wurde oft gerufen. Im letzten Akt
1983 3717 3205 3818 wurden viele Taschentücher feucht. Das garantiert eine nicht.
1969 3750 2674 3827 geringe Anzahl von Wiederholungen.
