3532 4256
276 231 832 317 5. Liebelei
470 280 865 345 —
982 219 1404 317 box 12/6
1658 563 1879 658 —
1083 658 2206 763 Ausschnitt aus: Schjasische Zgitung, Bresiar
1370 720 1896 818 Z#hatenten 1313
1098 791 1282 844 vom:
1752 817 2032 905 e erc
1422 874 1880 969 D#alatharter.
1241 910 2004 1009 N ritzchen.“ „Liebelei.
1095 983 2368 1049 1 Am ##holischen Totengedenktag, an Allerseelen, wird auf öster¬
1044 1033 2356 1101 reschisnen und süddeutschen Bühnen oft noch Raupachs Schauer¬
1050 1070 2350 1128 drchaDer Müller und sein Kind“ gegeben. Die läppische
1049 1118 2352 1160 Sentimestalität dieses Stücks, dessen Mittelpunkt eine nächtliche
1035 1156 2353 1209 Fri####ene mit den geisterhaften Erfheinungen Verstorbener
1040 1208 2385 1261 bildetewirkt hainn in der Regel, daß das ganze Theater sozusaleen:
1048 1246 2360 1317 inranen schwimmt und für viele Leute besteht geraue
1043 1294 2356 1348 barin das größte Bergnigen. Es bedarf aber nicht immer einer
1044 1333 2376 1393 departig ühlen Rührseligkeit wie bei dem alten aupach um des
1055 1376 2365 1443 Publikum nichhaltig zu packen, auch einem echten Dichterwerk kann
1042 1410 2369 1472 das gelingen. Das bewies am Sonntag im Thaliatheater #ie
1048 1462 2360 1532 Aufführung von Arthur Schnitzlers „Liebelei der wehmütig
1050 1509 2370 1569 süßen Geschichte der Musikerstochter Christine Weiring und ihrer
1058 1544 2370 1602 Liebe. Denn daß der Heldin Neigung zu dem reichen Studenten
1063 1595 2363 1651 Lo#hemer eben Liede ist und nicht Liebelei, darin liegt die trafe¬
1052 1620 2377 1701 Tragik des Schnitzlerschen Schauspiels, dessen Farben heute noch
1061 1694 2378 1735 ebenso leuchten wie vor 18 Jahren, als es entstand. Aber der¬
1061 1722 2364 1781 artig stark wirken wie diesmal kann der Dichter doch nur, wenn
1066 1767 2359 1820 ihm unter den Darstellern solche Helfer erstehen, wie es am
1054 1808 2367 1866 Sonntag die Vertreterinnen der beiden weiblichen Hauptrolten, Frl.
1050 1853 2352 1901 von Helling (Christine) und Frl. Kriß (Wizzi Schlager)
1024 1892 2370 1956 waren. Frl. vort Helling, der man ein so ganz junges Mädchen
1039 1940 2362 2011 wir die Christinie von vornherein nicht recht glauhen möchte,
1019 1977 2371 2019 übertraf im letzten Alt alle Eewartungen. Es lag da in ihrem
1040 2016 2394 2075 Spiel eine Kraft und eine Größe, die erschüttern mußte und der
1035 2066 2365 2120 starke Eindruck auf die zablreichen Hörer bekundeie sich
1070 2092 2372 2166 nicht nur in dem rauschendem Applaus am Schluß, sondern #uch
1066 2151 2402 2214 während des letzten Aktes in den vielen Tränen, welche namentlich 1
1065 2194 2367 2250 seitens der Damen vergossen wurden. Unvergeßlich bleibt es, mit
1060 2230 2390 2313 welchem Ausdruck, mit welchem Schmerz sie jene Worte hervor¬
1067 2285 2369 2335 stößt, als sie den Tod des Geliebten erfährt: „Und ich .. was
2157 2322 2420 2381 Ich bin
1064 2324 2115 2375 bin denn ich? Was bin denn ich ihri gewesen...
1065 2363 2367 2422 ihm nichts gewesen als ein Zeitvertreib — und für eine ander¬
1061 2399 2361 2466 ist er gestorben. Und ich — hhab ihn angebetet! — Hat er denn
1564 2454 2367 2507 Man erlebt es selten im Theater, daß
1016 2453 1447 2531 das nicht gewußt?
1055 2497 2369 2544 wie hier alle Theaterei für Augenblicke versinkt und die reine
1057 2537 2356 2607 Menschlichkeit uns entgegentritt. Das Gagenbild der schwer¬
1058 2580 2363 2640 mütigen Christine, die sanquinische Mizzi, verkörperte Frl. Kriß
1061 2620 2367 2681 mit köstlichem Humor, jede Geste war, wie ihr ganzes Exterieur
1060 2668 2377 2718 überhaupt, natürlich und ech Der dritte im Bunde, der gleich¬
1062 2716 2379 2772 falls den Stil Schnitzlers vollkommen traf, war Herr Halpern
1067 2762 2377 2816 (Theodor), der gleich den genannten Künstlerinnen Österreicher ist!
1063 2793 2388 2857 und daher den Dialekt beherrscht; daß er mitunter etwas übertrieben
1066 2840 2373 2900 im Dialekt sprach, war an sich nicht unrichtig, denn in Wien
1051 2875 2378 2964 redet halt nunmal jeder Mensch vom Droschkenkutscher bis zm
1063 2918 2378 2972 Erzherzog Dialokt, aber er stach in diesem Fall zu sehr vor Herrn
1059 2976 2366 3044 Waldmann (Fritz) ab, der den Norddautschen nicht verleugnete
1037 3015 2400 3084 und der getrost etwas mehr wienerische Weichheit hätte zeigen!
1672 3061 1958 3134 S D
2143 3068 2365 3144 SREEAR
1034 3118 2366 3182 dürfen. Nicht übel fanden sich als Wiener Cerr Lehndorf
1049 3149 2382 3236 (Weiring) und Fr. Mäder=Stegemann (Biede) zurecht.
1050 3194 2360 3261 auch Herr Scholz als der rächende Gatte verdient Lob. — Der
1042 3237 2362 3290 „Liebelei“ voraus ging Sudermanns Einakter „Fritzchen“ aus
1041 3278 2365 3354 „Morituri“. Er wurde in Breslau zuletzt im Schauspielhaus
1043 3325 2364 3392 mit Herrn Lettinger in der Titelrolle gespielt und gehört zweifel¬
1040 3363 2357 3433 los zum Wertvollsten, was Sudermann für die Bühne geschrieben
1042 3411 2348 3483 hat. Der juree Leutnani Fritz, der unter so tragischen Umständen
1045 3457 2353 3527 zum letzten Mal ins Elternhaus heimkehrt, war eine der
1043 3487 2346 3573 Lieblingsrollen von Joseph Kainz. Er faßte ihn ganz ruhig, ganz
1041 3529 2347 3602 als Moriturus auf, wogegen Herr Waldmann ein fieber¬
1036 3556 2357 3654 haftes, aufgeregtes Benehmen zeigte und nur schwer seine Haltuing
1038 3611 2351 3694 z bewahren schien. Auch der Abschied von Agnes (Frl. v. Helling)
1034 3670 2355 3740 plieb matt. Herr Johon gab den alten Major im Aussehen
1028 3706 2344 3782 etwas stark „ländlich“, und Fr. Mäder=Stegemann (Frau
1031 3748 2360 3824 von Droß), fühlt sich im Salon ja nie recht wohl. Doch fand
1037 3792 2362 3862 auch diese von Herrn Johow inszenierte Vorstellung (in der
1040 3844 2385 3911 „Liebelei“ führte Herr Dr. Meyer mit seinem Verständnis die
1032 3859 1648 3931 Regie) wohlwollenden Beifall.
2095 3895 2292 3964 A. D.
1537 3923 1637 3975 A Men
1694 3919 1917 4001 A
