3436 4256
518 161 723 234 elei
180 143 724 266 . Aleheaan
865 158 1313 259 box 13/8
937 1274 2210 1376 DIE PROBEZEIT DES BURGTHEATER-DIRECTORS.
1343 1355 1821 1460 Von F. SCHIK (Wien).
1003 1448 2302 1562 Seit vielen Jahren haben die Besucher des Burgtheaters keine
896 1506 2293 1620 Vorstellung mehr verlassen, ohne das unbehagliche Gefühl mit
891 1560 2296 1657 nachhause zu nehmen, dass etwas faul sei in diesem-einst blühenden
891 1601 2311 1707 Theaterstaate. Und so rapid offenbarte sich dessen Niedergang, dass
893 1654 2308 1759 es keinem Zweifel unterliegen konnte, dass die Männer, die man zur
898 1711 1975 1812 Sanierung berufen, gerade das Gegentheil bewirkten.
1015 1752 2310 1836 Nun steht das Burgtheater, welches weit über unser Vaterland
907 1795 2303 1898 hinaus so lange tonangebend gewesen, hart an der Grenze, wo ein
897 1847 2310 1947 Kunstinstitut aufhört, ersten Ranges zu sein und in die Reihe derjenigen
897 1889 2317 1983 zweiter Güte zu sinken beginnt. Man ist knapp vor die Frage gestellt,
901 1945 2301 2042 ob die massgebenden Factoren noch den Wunsch hegen, das her¬
906 1985 2315 2103 gebrachte Ansehen des Burgtheaters aufrechtzuerhalten oder ob sie
920 2045 2327 2131 es auf ein Hoftheater schlechtweg, mit Verzicht auf künstlerischen
915 2078 2321 2179 Ehrgeiz, einschränken wollen. Es drängt zur Entscheidung, zumal die
909 2132 2074 2221 Probezeit des provisorischen neuen Directors bald um ist.
1036 2173 2331 2269 Die Novitäten, die Director Schlenther zur Aufführung brachte,
912 2230 2322 2306 zeugten von schlechtem oder veraltetem Kunstgeschmacke, die neuen
924 2277 2337 2367 Schauspieler, die er gastieren liess, erwiesen sich als gänzlich untauglich
918 2316 2337 2420 oder nicht preiswürdig, und stellten seinem Theaterblick ein übles
924 2361 2333 2473 Zeugnis aus. Die Neuinscenierungen betrafen Stücke, die theils im
923 2406 2334 2506 Laufe der Zeit jede Lebensfähigkeit verloren hatten, theils solche, die
922 2466 2331 2571 durch Unkenntnis in der Regieführung und falsche Rollenbesetzung
941 2510 2123 2603 noch schlachter herauskamen, als dies bisher der Fall war.
1063 2550 2341 2663 Während der ersten Wochen sass Herr Schlenther thatenlos in
939 2599 2339 2704 seiner Loge, um die Mängel der Aufführungen zu studieren, die das
942 2657 2346 2748 hiesige Publicum schon seit Jahren kannte. Dann wollte er mit einem
945 2706 2346 2798 Ruck Vertrauen in seine Leitung einflössen und sich als Kenner des
944 2738 2342 2830 Wiener Lebens ausspielen — er brachte das angebliche Wiener¬
944 2808 2357 2900 Milieu-Stück -Neigunge von David zur Aufführung, mit Lewinsky als
946 2837 2354 2939 Urwiener. Eine einmüthige Ablehnung erfolgte; das Stück war schon
956 2895 2359 2991 von der Direction des Deutschen Volkstheaters nicht angenommen
961 2929 2358 3036 worden und passte noch viel weniger für das Burgtheater. Ein anti¬
955 2986 2357 3090 quiertes Erstlingswerk Björnson’s wurde als Novität aufgetischt, nur ge¬
960 3026 2367 3130 eignet eine falsche Vorstellung von der jetzigen Entwicklungestufe des
959 3093 2366 3171 gereiften Dichters zu geben. Noch dazu war die Besetzung der Liebhaber¬
963 3114 2361 3207 rolle durch Herrn Devrient ein das Stück gänzlich in den Grund bohrender
956 3169 2365 3266 Fehler. Das seichte Machwerk Bernstein's -Mädchentraume, das bereits
952 3215 2391 3329 in Deutschland Durchfälle erlitten, wurde ohne Noth auf die Bühne
