3436 4352
2839 71 2922 138 W
791 87 1744 143 Schauspielhaus. Liebelei“, ein dreiaktiges
1750 75 2838 147 grohen enschen Knnte. 2. Mrchent. Mennnes mum G
2822 127 2927 195 ger
653 128 1747 186 Schauspiel von Dr. Arthur Schnitzler, ist am Samstag
1753 135 2835 189 schließlich zum Verfolgen eines ganz anderen Schaffenspfades ver¬
2841 162 2934 223 höc
662 171 1748 224 zur Erstaufführung gelangt und hat bei einer im Ganzen vorzüg¬
1746 167 2820 213 anlaßt werden würde. Eines Pfades, der, ohne je die Bahn Nico¬
662 197 1753 260 lichen Darstellung sehr warme Aufnahme gesunden. Der Verfasser,
1758 207 2829 253 lai's zu kreuzen, doch dem italienischen Komponisten auch bei deutschen
2828 208 2945 277 sein
656 233 1744 301 der sein Stück bisher nur in Wien über die Bühne gehen sah, war
1749 243 2829 296 Künstlern hohe Achtung verschaffen mußte. Den Einhalt in Verdi's
2833 256 2933 308 ebe
665 283 1747 340 anwesend und durfte nach dem 2. und 3. Alt wiederholt auf der
1760 287 2825 331 Schaffen markirt seine „Aida“. „Falstaff“ zeigt uns den merk¬
2841 296 2937 354 wa
665 332 1759 382 Bühne erscheinen, um dem Publikum für die gespendeten Gunstbe¬
1763 321 2831 371 würdigen Künstler in einem Fahrwasser, das mit dem Wagner'schen
2846 344 2948 396 Akt
662 367 1756 415 zeigungen zu donken. Er wird mit seinem Stück nicht Epoche
1751 356 2828 414 keineswegs ganz identisch, aber ihm parallel gerichtet ist. Die
2844 389 2945 438 wo.
661 396 1749 454 machen, aber sicherlich ist es des Aufhebens werth. Die andlung
1763 399 2825 447 Musik ordnet sich der Textdichtung (einer sehr schönen Leistung des
2841 428 2940 485 fals
1764 430 2829 486 italienischen Dichterkomponisten A. Boito, höchst gewandt ins
659 437 1750 486 darin ist äußerst schlicht; man würde fehlgehen, wenn mar von ihr
2834 475 2936 525 gen
1766 476 2831 529 Deutsche übertragen durch Max Kalbeck) unter, sie charakterisirt mit
656 481 1755 524 Tieferes erwartete, als was der Titel beagt. Es ist wirklich
2842 506 2952 575 Die
1753 522 2832 573 großer Schärte, aber schießt nie zu bloßem Selbstzweck in Blüthe.
666 520 1752 574 „Liebelei", wie sie alle Tage vorkommt, dies Verhältniß Fritz
1755 563 2823 606 Der „Sprachgesang“ überwiegt weilaus. Von sogenannten „ge¬
668 556 1751 605 Lobheimers zu der Musikerstochter Christine Werring. Ihm.
2835 561 2941 615 Bre
667 600 1758 653 dem jungen Studenten, der in Gefahr schwebte, aus Liebe zu einem
1757 594 2832 647 schlossenen Melodien“ sind nur wenige Beispiele vorhanden.
2832 601 2944 679 auf
1750 629 2829 681 Dazu gehören Falstaffs Madrigal „Ja, schon als Page des Herzogs
669 638 1746 687 „interessanten", „dämonischen“ Weibe tolle Streiche zu begehen,
1758 670 2837 722 von Norfolk“ und das süße Elfenliedchen Annas im 3. Akt, das
668 679 1748 728 wurde das Mädchen von einem guten Freunde zugeführt,
1754 708 2836 754 gegen Schluß hin mit ganz köstlichen harmonischen Wendungen
2837 698 2950 771 wiri
669 707 1754 767 etwa in derselben wohlmeinenden Absicht, in der man einem
1762 755 2828 799 überrascht. Melodiöse Ansätze finden sich auch besonders in den
667 751 1752 806 Kinde eine Spielerei in die Hand gibt, damit es einen Schmerz
1762 790 2828 843 Szenen des Liebespaares Fenton und Anna, aber nie hat diese
661 799 1752 842 vergesse. Und Fritz das Kind tändelt damit, erst nachlässig,
2832 795 2955 852 inti¬
1756 823 2828 882 Melodik eine wuchernde, begehrliche Tendenz, sie verbleibt stets in
671 825 1751 883 dann achtsam und achtsamer: findet das Spielzeug hübsch und
2842 844 2950 898 wüt
1767 869 2836 920 ihrer achtsamen, schüchtern diskreten Haltung gegenüber dem Text
658 865 1755 919 vertieft sich darin und mag sich am Abend gar nicht da¬
2840 885 2942 940 die
1754 896 2828 959 und der Handlung. Wer Verdi den Mann kennt, der muß
670 906 1750 956 von trennen. Aber der Abend kommt, und es muß sich davon
2834 930 2956 985 vere
1756 940 2833 993 über diese Resignation Verdi's des Greises erstaunen. Es ist keine
660 946 1748 995 trennen: jene „dämonische" Frau, die Fritz zum Verhängnißzu wer¬
2834 969 2960 1030 Jon
1763 982 2829 1038 Resignation aus Impotenz, das zeigen die vereinzelten Blüthen
672 989 1757 1028 den drohte, ist eine verheirathete Frau; der Gatte entdeckt ihr Ver¬
2835 1018 2953 1073 er d
1761 1028 2832 1077 geschlossener Melodie, die sich hier aufschließen, es ist eine Resig¬
661 1011 1750 1072 hältniß zu Fritz und tödtet ihn im Zweikampf. In dem furchtbar
1756 1051 2833 1122 nation, entsprossen aus dem feinen Humor eines reifen Alters.
669 1063 1746 1118 beklommenen und einer gewissen dramatischen Spannkraft nicht
2840 1059 2952 1126 stow
1757 1103 2822 1153 Seine Spätlunst wächst in abgeklärter, kühlerer Atmosphäre, wie
667 1102 1753 1157 entbehrenden Schlußakt des Stückes gelangt die Todesnachricht zu
2838 1108 2961 1162 glau
1759 1130 2833 1183 das Edelweiß und die Edelraute, ohne leuchtendes Farbenspiel, aber
663 1140 1748 1188 Christine, die ihn mit der ganzen Hingebung und Inbrunst des
2832 1152 2954 1207 Spi.
1754 1177 2837 1231 noch immer frisch, lebensstrotzend, voll feiner graziöser Formen, die
672 1177 1743 1229 Weibes liebte und sich allein von ihm geliebt wähnte. Sie glaubte
2828 1193 2964 1244 wird
673 1213 1744 1270 ja nicht daran, daß dieses Liebesglück von langer Dauer sein werde
1751 1220 2837 1275 zu studiren jedem Musikfreunde Freude gewähren muß. Welches
2835 1235 2952 1298 Verl
1757 1264 2834 1307 musikalische Leben noch in Verdi keimte und trieb, als er den
671 1267 1762 1310 und gab sich doch ihren Empfindungen ganz hin: nur Einmal ganz
2843 1282 2957 1334 Sch¬
1752 1292 2831 1347 „Falstaff“ schuf, das beweist allein die prächtige Gesangsfuge am
666 1301 1754 1365 glücklich gewesen zu sein, das sollte der Trost ihres Herzens bleiben;
2838 1325 2960 1377 ander
1757 1333 2831 1380 Schlusse des Werkes und der Tonsatz für neun Stimmen im 1. Akt.
656 1336 1540 1395 sie wollte dann singen, wie der Dichter Karl Siebel:
2834 1370 2967 1422 Was
1752 1369 2837 1417 Aber freilich — für die „breiten Schichten“ des Publikums ist
846 1383 1502 1423 „Sohabe ich doch! So habe ich doch!
1754 1401 2825 1460 das noch nichts. „Für Euch“ — so scheint der alte Herr in seinem
829 1400 1514 1476 Deß freut sich die Seele und jubelt noch
2833 1413 2963 1469 glaut
1754 1438 2267 1503 letzten Werk lächelnd zu sagen —
898 1449 1258 1505 So habe ich doch!“
2252 1455 2836 1496 — „für Euch habe ich früher gerade
2839 1451 2965 1513 vorig
1763 1493 2834 1542 genug gethau, und Ihr werdet meiner gedenken! Aber jetzt noch ein
659 1458 1762 1545 Und nun kommt die Botschaft, daß der Mann, dessen Herz sie
2839 1497 2961 1552 Leba
1761 1526 2835 1587 Wort an den Kreis der „Engeren“, die sich Mühe gaben, in
664 1527 1755 1582 ganz zu besitzen glaubte, vor zwei Tagen um einer Andern willen
2837 1542 2950 1599 meh
1752 1565 2829 1611 meinem Schaffen eingehender zu forschen und darin mehr entdeckten.
671 1577 1754 1628 im Duell fiel, daß er bereits begraben ist, in der Stille, nur im
2838 1590 2956 1640 ville
1757 1604 2828 1650 als die Kraft, ein bloßes Unterhaliungsbedürfniß zu befriedigen!“
670 1601 1756 1665 Beisein „der nächsten Verwandten und Bekannten". „Der nächsten
2831 1628 2956 1689 seine
1801 1642 2841 1689 Die Aufnahme des Werkes war hier ganz ähnlich, wie seiner Zeit
656 1647 1765 1696 Verwandten und Bekannten?“ wiederholt Christine starr und ton¬
2838 1678 2939 1733 auf
1756 1676 2836 1726 in Wien. Der erste Akt wurde warm, der zweite sehr warm, der
667 1680 1756 1729 los. „Und was bin nun ich gewesen?" Dann fährt sie auf und
1754 1721 2828 1774 dritte nur kühl applandirt. Der holde Tonzauber von Nicolai's
663 1721 1757 1769 reißt sich vom Vater los — sie will zu seinem Grabe, „nicht um dort
2828 1718 2957 1776 pfen
1763 1764 2825 1811 Elsenizene ist nicht zu vergessen; der Mondaufgang mit dem Chor
668 1761 1748 1813 zu beten“, so verhallt ihr letzter, gellender Rus. Der alleinbleibende
2843 1765 2964 1820 mini
1760 1804 2828 1847 „O süßer Mond“ ist ein Effekt, der aus deutschen Herzen nicht weg¬
672 1786 1749 1850 Vater bricht stöhnend zusammen. „Was will sie? Sie kommt nicht
2836 1801 2956 1865 Sai¬
1764 1843 2830 1892 zutilgen ist. Daß dagegen die ganze Intrique der „lustigen Weiber“.
669 1840 1754 1890 wieder!... Sie kommt nicht wieder?“ So schließt das Stück, nach
2842 1850 2960 1911 eigen
1751 1881 2839 1930 mit dem lüderlichen Sir John und dessen Gebahren bei Verdi weit
667 1875 1756 1942 modernem Gefallen, mit einem Fragezeichen. Aber dies Fragezeichen
2832 1894 2956 1955 in B
1759 1916 2827 1971 mehr shakespearisch geartet ist, als bei Nicolai, wird aufmerksameren
667 1921 1747 1968 bildet keineswegs seinen vornehmsten Reiz. Sein besonderer
2830 1938 2959 1992 Fra#
652 1960 1752 2003 Werth beruht in dem vollen Wahrheitslone, der uns daraus ent¬
1750 1954 2835 2012 Zuschauern nicht entgangen sein, wiewohl sich Boito in der Hand¬
2834 1974 2972 2041 ist m
1755 1997 2834 2049 lung mehrmars größere Freiheiten nimmt, als der Textdichter der
667 1990 1744 2043 gegenllingt, in der glücklichen und an feinen Zügen reichen Cha¬
2831 2026 2964 2084 Berl
1754 2034 2837 2092 deutschen Oper, besonders im 2. Akte. Herr Dr. Pröll sang
654 2021 1746 2096 rakterzeichnung aller Figuren, in der vorzüglichen Beobachtungs¬
1758 2074 2832 2125 und spielte den Falstaff vorzüglich, es war ihm bewußt, daß
668 2074 1753 2123 gabe und Schilderungskraft, die Schnitzler entwickelt. Das Stück
2833 2070 2956 2133 hang
667 2111 1749 2161 wirkt wie ein dramatisches Gelegenheitsgedicht im Goethe'schen
1760 2112 2829 2165 er hier nicht nur den komischen, dickwanstigen Süffel sondern
665 2149 1759 2202 Sinne, das der Verfasser geschaffen, um sich damit eine brennende
1755 2154 2832 2205 auch den verlotterten Cavalier darzustellen habe. Die „lustigen
2834 2160 2961 2228 Pan
667 2187 1761 2251 Erinnerung von der Seele herunterzuschreiben, so wahr und echt
1761 2187 2829 2239 Weiber“ waren durch die Damen Ralph (Frau Ford).
1753 2232 2830 2294 [Weber (Frau Quickly) und Wendorf (Frau Page)
661 2230 1755 2282 sind die Farben, so flüssig und leicht ist die Bewegung, so herzwarm
2841 2238 2959 2313 kühn
667 2275 1758 2312 ist die Temperatur. Der Wiener Lokalton, auf den das Ganze ge¬
1763 2268 2843 2327 recht gut vertreien, ebenso das junge Liebespaar durch
2824 2297 2967 2370 Tow
1763 2306 2834 2355 Herrn Brann und Frl. Schacko, die das Elfenlied mir ihrer
662 2314 1757 2367 stimmt ist, läßt in der Souperscene des ersten Auszuges keine Be¬
658 2344 1752 2408 denklichkeiten aufkommen und bringt im 2. und 3. Akt interessante
1756 2341 2833 2408 ganzen natürlichen Anmuth vortrug. Herr Nawiasky (Ford)
2834 2342 2958 2405 groß
669 2382 1642 2442 Wiener Variationen des Themas vom Hinterhaufe hervor.
1764 2393 2832 2436 erzielte mit dem Eisersuchtsmonolog großen Erfolg, dieser war aller¬
2824 2391 2940 2445 und
718 2411 1758 2477 An der sehr tüchtigen Darstellung hatten Herr Bauer als
1751 2420 2839 2486 dings auch zur Hälfte dem Komponisten zuzuschreiben, der dier mit
2828 2425 2962 2488 Eink
657 2448 1755 2522 Fritz und Frl. Landori als Christine besonders großen Antheil,
1752 2466 2823 2509 bloßem Rezitativstil eine fast unbegreifliche Wirkung hervorbringt.
2829 2471 2959 2529 Wer
1761 2503 2832 2554 Mit den Verdiensten, die sich die Herrn W. Meyer, Hauck
653 2498 1741 2559 nach ihnen Herr Bolz und Frl. A. Bock, die in ihrer Verkörper¬
2826 2516 2958 2570 New
664 2536 1744 2594 ung der Mizzi Schlager, eines leichtgeherzten Wiener „Früchtls“
1755 2538 2964 2590 und Korschen erwarben, gedenken wir auch lobend der Mühe= ###
2859 2577 2975 2617 Brii
669 2582 1746 2634 mehr Glück hatte, als wohl jemals an unserer Bühne zuvor.
1759 2584 2874 2638 waltung des Herrn Regisseur Brandes, der das Stück mit ig
2831 2609 2963 2677 Diel
666 2623 1752 2673 Herr Szika ließ den alten Musiker Werring vielleicht stellen¬
1756 2618 2844 2681 großem Geschick in Szeue gesetzt hatte. Herr Kapellmeister Dr.
663 2662 1755 2714 weise mehr als gut war an den Violoncellisten Miller aus dem
1751 2655 2836 2716 Rottenberg hatte das schwierige Werk sorgsam vorbereitet und
1746 2698 2653 2758 wußte es mit seinem Sinn und sicherer Hand zu leiten.
652 2695 1752 2755 bekannten „Hinterhausstück“ des vorigen Jahrhunderts anklingen.
2660 2698 2838 2760 Pf.
2823 2693 2972 2773 einig
656 2726 1753 2792 Er hätte dem alten Herrn getrost ein paar realistischere Ecken und
1828 2747 2825 2789 = Das Quariett=Ensemble der Herren Hock, Becker.
2830 2755 2971 2807 ten #
659 2767 1739 2833 Kanten anschleifen können; das würde dem scharfen Gepräge des
1748 2771 2833 2817 Dippel und Müller (nicht zu verwechseln mit Bruck=Quariett, Loge
661 2812 1111 2870 Ganzen wohl entsprechen.
1755 2813 2835 2876 Kart, hält seine Kammermusiksoiréen im Saale des Dr. Hoch'schen
2837 2833 2957 2898 Frau
706 2830 1740 2908 Auf das ernste Stück mit dem leichtsinnigen Titel folgte ein
1751 2853 2831 2900 Conservatoriums ab. Der erste Abend finder Mittwoch, den
2834 2881 2968 2946 sich :
1743 2889 2828 2947 29. Januar, statt. Näheres ist aus dem im Annoncentheil der
663 2864 1740 2949 Lustspiel“ mit sehr ernst klingendem Namen „Die Ver¬
1761 2928 2602 2994 heutigen Nummer enthaltenen Progamm zu ersehen.
2826 2926 2964 2984 Nach.
650 2916 1753 2988 sucherin“ von G. v. Moser. Weicher Grund vorlag, den
2123 2966 2345 3016 —.— —
2375 2956 2654 3020 —
650 2964 1755 3016 alten, welken Schmarrn neu einzustudiren, können wir nicht ent¬
2828 2974 2964 3030 schöp
652 3007 1749 3065 räthseln — die Theaterleitung müßte denn von der bewußten Ab¬
2827 3013 2975 3076 Koffe
1959 2972 2625 3092 Kleine Rundschau.
650 3041 1750 3104 sicht ausgegangen sein, jenen längst vermoderten Bühnenbrauch
2825 3063 2970 3122 Wa
656 3092 1751 3151 wieder erstehen zu lassen, wonach dem ernsten Stück unbedingt
1878 3065 2820 3141 Die Feier des 13. Januar im Berliner
2829 3101 2962 3161 eine „
658 3127 1358 3179 eine Farce als „Nachspiel“ folgen mußte.
1618 3132 1704 3175 Pf.
1741 3124 2823 3193 Schlosse. Die „Berl. Korr.“ bringt einen Artikel über den
2832 3149 2968 3216 eine C
763 3143 1739 3223 * Opernhaus. Wer heutzutage die Schwelle der Sechzig
1743 3177 2820 3232 118. Januar, der den Höhepunkt aller der Erinnerungsfeiern
2830 3190 2968 3256 circa
651 3180 1745 3253 überschreitet und auf irgend eine nur nennenswerthe künstlerische
1742 3220 2824 3273 darstellen wird, mit denen der Kaiser, die Fürsten, das Heer und
654 3237 1751 3288 Leistung zurückblicken kann, der darf mit ziemlicher Sicherheit
1743 3264 2820 3313 das Volk dankbar jener Zeit der großen Siege gedenken, deren
652 3281 1744 3334 darauf rechnen, daß man sofort ihm den Titel „Allmeister“ an¬
1753 3308 2818 3354 Frucht die Neubegründung des deutschen Reiches gewesen ist.
647 3315 1750 3362 hängt. Welchen Titel soll man dann wohl Giuseppe Verdi
2830 3322 2975 3383 Mate
1750 3344 2824 3399 Die Feier beginnt am Vormittag mit Gottesdienst und erfolgt
648 3355 1736 3414 zuerkennen, der, nachdem er von seinem 25. Lebensjahre an rastlos
2829 3368 2960 3419 mor
1746 3387 2826 3444 dann im weißen Saale in der Art wie bei Eröffnungen des
648 3390 1740 3453 und mit erstannlichen Erfolgen Opern von seriösem. hochpathetischem
2827 3407 2961 3453 einem
650 3434 1742 3497 Geure für die Bühne geschaffen, sich beim Herannahen des achtzigsten
1749 3437 2822 3486 Reichstages. Die Kaiserin Friedrich die Kaiserin Augusta
2822 3436 2978 3492 Der 2
658 3482 1737 3530 Lebensjahres noch einmal hinsetzt, um eine komische Oper — das erste
2827 3480 2984 3531 Berich
1740 3479 2831 3545 Viktoria sowie die Prinzessinnen und fürstlichen Damen wohnen
659 3510 1742 3572 heitere Werk seines Lebens zu schreiben? Das ist doch Altmeisterschaft in
2822 3511 2979 3577 Verkei
1744 3524 2833 3580 ihr auf Tribünen bei. Sobalb die Versammlung im weißen
646 3560 1737 3609 zweiter Potenz! Diese Spätfrucht aus Verdi's achtzigstem Jahre
2830 3559 2972 3611 broche
1744 3573 2818 3625 Saale geordnet ist, macht der Reichskanzler dem Kaiser davon
650 3591 1738 3646 heißt „Falstaff, lyrische Komödie in 3 Akten“ und kam im
2821 3600 2983 3661 Verkel,
1746 3609 2820 3661 Meldung. Der Kaiser begibt sich alsdann unter großem Vor¬
643 3628 1731 3688 Frühjahr 1893 zuerst an italienischen Theatern und hierauf an der
2827 3642 2980 3691 von zu
1742 3659 2824 3710 tritt nach dem weißen Saale. In dem feierlichen Zuge werden
653 3674 1730 3740 Wiener Hofbühne zur Darstellung. Jetzt ist sie auch zu uns gelangt,
2827 3671 2986 3728 der fr.
644 3707 1323 3764 und Sonntag war die erste Aufführung.
1740 3715 2973 3766 auch die Reichsinsignien getragen, nämlich: das Reichsinsiegel Jahren
701 3740 1732 3803 Das respektvolle Stannen, mit dem wir der großen musikalisch¬
1738 3743 2982 3798 auf einem Kissen von Drap d’argent, das entblößte Reichsschwert, Der 80
642 3774 2974 3845 dramatischen Schöpfung eines Achtzigjährigen gegenübertreten, darf 1 der Reichsapfel auf einem Kissen, das Zepter, die Krone und 1Tod u
