3436 4256
446 170 821 246 Liebelei
260 172 874 291 5. M n hn
968 169 1396 271 box 12/1
1473 894 1925 996 Der Roland von Ber##n
979 940 1081 1003 148
974 1027 2437 1136 zum dritten Akt, das sich „Duell und Fritz's Ende“ nennt, und in viel zu
969 1094 2433 1177 ausführlicher Geschwätzigkeit die Hauptthemen der Oper aneinander¬
980 1146 2450 1227 reiht, um mit einem solennen Trauermarsch zu schließen. Alles in allem
968 1217 2442 1284 wäre von dieser Musik „talentvoll“ zu viel gesagt — „talentlos“ wieder
968 1237 2442 1327 zu wenig. Das Rechte liegt wohl in der Mitte: eine kleine Hoffnung.
1070 1310 2433 1368 Der Fluch der Lächerlichkeit, der auf der Musik zu diesen drei Akten
980 1361 2438 1419 liegt, wurde durch die Aufführung der „Komischen Oper“ stark ge¬
980 1396 2436 1465 mildert, ohne daß es möglich war, die vielen unfreiwilligen Humoristika,
982 1452 2441 1515 die durch die Diskrepanz zwischen der Unwichtigkeit der Vorgänge und
977 1501 2438 1582 der pastosen Betonung, die sie im Gesange erhielten, erzeugt wurden,
978 1543 2442 1635 ganz zu vermeiden. Es muß Gregor schwere Mühe gekostet haben,
983 1602 2448 1675 aus dem ungefügen und ungesanglichen Deklamationsstil des Kompo¬
990 1650 2457 1724 nisten einen überhaupt möglichen Vortragston herauszuhämmern.
991 1686 2447 1778 Diesen freien Ton traf die Mizi der Frau Susanne Bachrich mit ihrer
987 1745 2454 1819 Lebhaftigkeit und Drolerie am besten. Sie wienerte sehr vergnüglich,
991 1799 2447 1880 was natürlich der Christine der Maria Labia, die gerade froh ist, daß
992 1830 2468 1924 sie Hochdeutsch sprechen kann, nicht möglich war. Sie konnte sich nur
984 1893 2470 1964 in den sehr wenigen kantabilen Stellen, wie im zweiten und zum Schluß
990 1940 2539 2015 des dritten Akts, ordentlich aussingen, und erfreute da wieder durch z—
989 2014 2453 2072 einige wundervolle Töne. Schauspielerisch stattete sie ihre Christine
990 2044 2457 2122 mit feiner Durcharbeitung aus und war besonders im stummen Spiel
991 2090 2451 2174 oft ergreifend. Auch Nadolovitch konnte aus dem Dialog nichts
1001 2139 2461 2225 Rechtes machen, entschädigte dafür aber in der Liebesszene des zweiten
991 2198 2459 2272 Akts, in der seine Stimme so schön wie je klang. Wissiak als humo¬
994 2236 2460 2332 ristischer Elegant war vielfach amüsant und sah sehr gut aus, und schöne
989 2295 2482 2371 gesangliche Leistungen boten Zador als alter Weising und Armster.
1003 2350 2464 2407 Kapellmeister Reznicek mühte sich liebevoll um das Orchester und
993 2397 2470 2464 konnte hier und da kräftige Farben herausholen. Daß im übrigen
1003 2433 2458 2513 Gregor auf die Ausstattung die größte Sorgfalt verwendete, ist
1000 2488 2468 2563 selbstverständlich. Gegen eine andere Gestalt Schnitzlers, die augen¬
999 2550 2464 2618 blicklich in Berlin bei Brahm im Lessingtheater lebt, gegen Anatol,
1003 2598 1990 2661 wohnt Gregors Theodor Kaiser wie ein Fürst!
1081 2612 2514 2711 Die „Liebelei“ ist vielleicht Kost für kleine Leute an der Peripherie. V
1008 2684 2466 2771 In die „Komische Oper“ der wir so viele anregende Abende zu verdanken
1009 2737 2461 2835 haben, gehört sie nicht. Und die Intellektuellen, die Gregor mit seinen
1008 2788 2473 2857 wundervollen Aufführungen wieder zur Oper bekehrt hat, mußten sich
1012 2808 2493 2932 ob dieser monströsen Erscheinung fragen, ob vernunftbegabte Wesen es
1000 2901 2087 2965 überhaupt bei solchen drei Akten aushalten können.
1944 2912 2447 3028 Fritz Jacobsohn.
1424 3459 2169 3566 K
