3436 4352
1519 384 1579 423 e
1681 1018 1982 1100 Me
1950 1034 2043 1195 *
1255 1124 1324 1183 100
1403 1099 1592 1199 S
1426 1168 1488 1206 A
969 1239 1089 1404 4
1741 1374 1931 1439 bei Tisch
1190 2730 1293 2828 2
1509 2764 1638 2870 —
1349 2802 1530 2892 1
957 2848 1097 2941 2
2203 2953 2302 3049 —
722 3108 3085 3215 Konflikte betonter und ich möchte sagen, greller herauskom= Faser zum Ausdruck. Die Beethoven=Büste hingegen ver¬
1915 3185 3079 3253 floß stark im Lichte. Die grelle Belichtung des weißen
723 3197 1905 3252 men als auf der Bühne das Wort, oder als gar im wirk¬
1896 3234 3084 3297 Marmors löscht natürlich die Form in bedenklichem Maße
716 3237 1898 3295 lichen Leben. Die ungeheure zeitliche Zusammendrängung
1906 3281 3079 3348 aus. Es ist nur ein weißer Klotz, der bloß am Umriß
719 3291 1901 3358 des Filmvorgangs läßt furchtbar und plötzlich erscheinen,
1896 3330 3089 3395 deutlich als Beethoven zu erkennen ist. Vielleicht hilft
730 3352 1892 3403 was im Leben sich vielleicht als ein Übergang, als eine
1907 3395 3080 3445 man dem Übelstand dadurch ab, daß man den Marmor
717 3388 1896 3450 nur momentane Beunruhigung gibt. Darum soll es denen
1909 3429 3080 3488 leicht grau tönt, gewissermaßen dem natürlichen Schatten
719 3436 1907 3504 gesagt sein, die vielleicht vom Tode des Fritz Lobheimer
1910 3477 3086 3547 von Nase, Mundwinkel, Augenhöhle künstlich nachhilft.
718 3477 1900 3559 allzu stark ergriffen sind, daß es im Leben natürlich nicht
1906 3530 3079 3595 Die Versuche, einige Szenen statt in dem gewöhnlichen
720 3538 1905 3592 immer so schlimm und prompt zu Ende gehen muß. Was
1910 3581 3092 3645 Eisgrau des Lichts in einem wärmeren Tone von Braun
718 3584 1905 3639 wiederum nicht heißen darf, daß wir uns der moralischen
1898 3625 3085 3695 oder Blau zu geben, finde ich gut gelungen. Gerade hier
725 3643 1889 3702 Warnung des Stückes leichtsinnig entziehen sollen, dar¬
1903 3679 3079 3748 sind ja die Gefahren, kitschig zu wirken, bedeutend. Daß
734 3694 1901 3765 auf bauend, daß nichts so heiß gegessen wird, als es ge¬
1905 3720 3078 3780 die Firma diese Gefahr umging, und daß sie als Ganzes
715 3734 993 3805 kocht wird.
1912 3769 3079 3840 eine Szene aufbaute, die zweifellos einen Fortschritt des
725 3770 1903 3851 Noch ein Wort vom Technischen. Ich habe selten eine
1901 3826 3083 3884 Kinobilds überhaupt bedeutet, das alles sagt, daß wir die
729 3829 1902 3899 größere Klarheit der Wiedergabe gesehen als in diesem
1908 3891 3078 3941 Zukunft der Kinokunst noch garnicht absehen können, son¬
724 3882 1903 3940 Film. Es ist ganz erstaunlich, wie man gewissermaßen
1912 3926 3103 3990 dern uns auf die unwahrscheinlichste und überraschende
730 3937 1897 3993 das Tuch von Hofheimers Cut=away fühlen und betasten
729 3979 2864 4046 kann, so deutlich kommt das Gewebe und die wollige Höherentwicklung sicherlich vorbereiten dürfen.
