3436 4256
283 167 841 272 5. Liebelei
465 161 1417 282 box 12/1
2264 115 2594 169 Vertretungen
1878 146 2960 224 in Berlin, Brüssel, Budapest, Chicago. Cleveland, Christiania,
1872 180 2954 258 Genf, Kopenhagen, London, Madrid, Mailand, Minneapolis,
1867 221 2965 303 New-Vork, Paris, Rom, San Francisco, Stockholm, St. Peters¬
2266 266 2564 317 burg, Toronto.
2217 303 2604 361 (Quellenangabe ohns Gtwähr.)
1851 351 2260 428 Ausschnitt aus:
2394 359 2838 450 aner Zeitung
2054 454 2423 561 —
1902 556 2822 651 Schnitzlers „Liebelei“ als Oper.
2480 626 2968 706 Berlin, 20. Januar.
1729 676 3004 749 1 In der Komischen Oper erlebte gestern die dreiaktige Oper „Liebelei“,
1713 736 3015 814 von Franz Neumann, ihre Erstaufführung. Als Text hat der Komponist
1708 797 2994 857 Arthur Schnitzlers bekanntes Schauspiel gleichen Namens benutzt —
1708 822 3010 900 die Geschichte von dem süßen Mädel und der kurzen, traurigen Liebe.
1707 864 3019 928 Und der Erfolg, den das Drama gefunden, ist auch dem Werk des
1717 925 3022 1004 Musikers zuteil geworden: die Oper fand eine sehr freundliche Aufnahme
1715 985 3030 1049 und der Komponist konnte sich mehrfach dankend vor dem Vorhang
1718 1033 1871 1124 zeigen.
1777 1094 3029 1162 Man steht der Arbeit etwas zwiespältig gegenüber. So sehr man be¬
1708 1118 3028 1194 greift, daß die zwischen den Worten klingende Lyrik des Textes den
1718 1190 3025 1256 Musiker reizen mußte, den Versuch zu machen, sie in feste Form ein¬
1715 1232 3023 1287 zufangen — so sehr empfindet man auf der anderen Seite den Wider¬
1721 1286 3023 1346 stand, den das spröde Material des modernen Dramas der Komposition
1720 1338 3024 1388 entgegensetzt. So lyrisch und diskret Schnitzlers Dichtung das allzu
1722 1384 3024 1442 Wirkliche des Lebens berührt — so fremd steht doch vieles dem Wesen
1712 1426 3032 1499 des Musikalischen gegenüber. Ein komponiertes Wortdrama ist schließlich
1718 1487 3026 1565 noch kein Musikdrama und die Anforderungen der Oper sind andere als
1709 1520 3026 1608 die des Dramas. So wenig der Text an sich auch vom Verismo ent¬
1716 1581 3030 1642 hält: man spürt mehr als einmal den Widerstand, den die eine Form
1713 1641 3038 1709 der fremden andern entgegengesetzt hat — und es ist bezeichnend, daß
1713 1707 3020 1756 gerade der zweite Akt, der lyrischste, den stärksten Beifall fand, während
1719 1739 3024 1799 der dritte, der dramatisch lebendigste, in der Wirkung dagegen zurücktrat.
1765 1789 3030 1845 Von diesem zweiten Akt aus scheint das Gunze entstanden zu sein.
1693 1819 3038 1907 Von der Musik des ersten Atts, so geschickt und geschmackooll sie gemacht
1703 1894 3025 1957 ist, denkt man alles Mögliche: an Puccini, an Richard Strauß, an
1712 1932 3036 2000 „Louise“, an Dolmanys „Schleier der Pierrette“; in dem zweiten kommt
1707 1985 3022 2047 etwas Eigeneres, Gefühltes zutage. Der erste ist klug, mit allerhand
1706 2046 3020 2108 reizvollen Einfällen gemacht, mehr „komponiert“ als musikalisch erlebt:
1716 2087 3025 2148 hier wird aus all den hübschen Einzelheiten, die das lustig=traurige
1707 2142 3024 2190 Souper der vier illustrieren, ein lebendiger Strom — etwas von
1713 2187 3035 2260 Frühling und Wiener Wald, wie es über dem Text leuchtet, blüht auch
1716 2241 3019 2295 in der musikalischen Erfindung auf und an ein paar Stellen scheint
1705 2280 3028 2351 wirklich der Kahlenberg durchs Fenster zu schauen. Vieles davon ist durch
1710 2349 3037 2407 die Situation bedingt, in die schon im Drama wie von weitem ein
1717 2397 3035 2456 feiner Walzer, etwas von Schubert und Lanner hineinklingt; das Ver¬
1712 2445 3036 2507 dienst des Komponisten bleibt, für diese Stimmung seinen Ausdruck
1722 2502 2099 2564 gefunden zu haben.
1776 2531 3038 2618 Der dritte Akt tritt gegen diesen zweiten zurück. Der Komponist hat
1717 2596 3040 2651 ihm ein größeres, selbständiges Vorspiel gegeben — einen Versuch, Lachen
1717 2657 3036 2714 und Weinen, Pierrotscherz und Tod in einer Art symphonischer Ouvertüre
1720 2699 3037 2759 zu gestalten. Damit hat er sich selbst der Steigerungsmöglichkeiten be¬
1720 2759 3038 2825 raubt. Die große Klage Christinens, der Höhepunkt der Dichtung, tritt
1718 2802 3040 2864 gegen das frühere zurück, der im übrigen geschickte Aufbau des Ganzen
1723 2847 3043 2908 wird um seine eigentliche Krönung gebracht. Der Widerspruch zwischen
1722 2909 3041 2980 Oper und Drama, den man vor dem zweiten Akt fast vergaß, tritt hier
1719 2948 2485 3017 noch einmal deutlich in die Erscheinung.
1773 2992 3035 3078 Die Aufführung — die letzte, die Direktor Gregor in Berlin
1727 3056 3032 3115 inszenierte — war mit viel Sorgfalt und Liebe einstudiert, gleich als
1715 3103 3045 3178 sollte schon im voraus in Schnitzler den Wienern eine Reverenz dargebracht
1711 3153 3033 3223 werden. Das Junggesellenheim, ebenso wie Christinens Alt=Wiener
1718 3219 3038 3271 Stübchen, wirkte sehr hübsch — und das Orchester, unter Kapellmeister
1717 3254 3033 3307 Rezniceks Leitung, tat sein Möglichstes, wenn auch von den Reizen der
1711 3304 3038 3376 Instrumentation im ersten und letzten All mnanches verloren ging. Die
1731 3360 3044 3417 Christine sang Maria Labia. Sie gab sie um einige Breitengrade zu
1729 3408 3046 3463 südlich, war namentlich im letzten Akt mehr rächende Römerin als das
1728 3457 3038 3522 süße Wiener Mädel, das seine erste Liebe verlor. Der spezifisch
1725 3518 3028 3573 Schnitzlerische Reiz der Gestalt ging damit verloren; dafür entschädigte
1714 3569 3041 3617 die gesangliche Leistung, die namentlich die dramatischen Intentionen des
1715 3616 3032 3673 Komponisten vollauf erfüllte. (Der Widerspruch zwischen Oper und
1719 3658 3032 3726 Drama kam übrigens gerade durch ihre Dramatik einmal sehr klar zum
1730 3715 3030 3773 Ausdruck — in den Worten Christinens im zweiten Akt: Er ist nicht
1733 3757 3045 3817 zekommen! Im Drama eine schlichte, stille Trauer; in der Oper ein
1726 3808 3038 3866 tragischer Schrei, ein Akzent und damit ein Durchbrechen der inneren
1726 3858 3038 3918 Form.) Von den übrigen waren Jean Nadolovitsch als Fritz Lobheimer,
1729 3912 3029 3981 Zador als Vater Weiring und Susanne Bachrich als Mizi zu nennen.
2811 3954 2992 4018 P. F.
