3436 4352
363 175 629 250 Liebe
210 166 1333 285 5.1 box 10/1
218 774 756 855 * 10. October 1895
1317 787 1544 868 Seite 5
202 876 298 940 ng
458 881 1363 989 Theater und Kunst.
200 913 294 984 ihr
184 972 294 1021 en
392 973 1551 1050 (Burgtheater.) Ein Italiener und ein Wiener erhielten
187 1020 1543 1104 ber gestern an einem Abend im Burgtheater das Wort: Giacosa,
185 1077 1535 1140 ng dessen „Sündige Liebe“ dem Besitze unserer ersten Bühne ein¬
267 1113 1542 1173 verleibt werden soll, und Arthur Schnitzler. Dem Gaste
274 1173 1541 1231 den Vortritt. „Rechte der Seele“ heißt sein tragischer
266 1203 1552 1288 Einacter. Eine Frau hat sich dem verweigert, der sie liebte.
267 1272 1539 1313 Er starb durch ihre Härte. Und dennoch war sie ihm gut.
280 1318 1545 1364 Wie ihr aber der Gatte das Geständniß der Neigung zu
282 1364 1544 1428 jenem Todten entreißt, scheidet sie sich für immer von ihm.
181 1386 258 1434 nen
278 1413 1548 1467 Denn — er hat die Rechte der Seele mißachtet — indem
196 1431 259 1482 Un¬
277 1459 1537 1518 er sich in den Jahren ihrer Ehe nicht um das kümmerte, was
181 1475 269 1536 luß
183 1504 1548 1571 ner sich in ihr begab, indem er ihr Geheimniß an das Tageslicht
280 1560 1538 1612 zerrte — denn es ist ein Recht der Seele, ihr Verborgenes in
198 1573 267 1627 adt
276 1606 1541 1657 sich zu verschließen. Die Hauptgestalt, den Mann, der schwach und
198 1624 274 1690 ter
281 1650 1541 1695 darum ein ewiger Zweifler ist, der nicht anzuziehen, nicht zu
276 1700 1539 1755 halten weiß, gab Herr Hartmann jetzt ergreifend, nun über¬
181 1716 268 1774 Die
284 1752 1541 1805 treibend im Schmerze; Frau Hohenfels als sein Weib war
276 1793 1534 1847 wirklich die Heilige, eine blanke Lilie. Das Stück fand starken Beifall
273 1839 1542 1893 und auch Arthur Schnitzler kann mit der Aufnahme, welche „Liebelei“.
267 1885 1539 1947 beim wohlgesinnten Publicum fand, sehr zufrieden sein. Er bringt
268 1931 1543 1990 darin nichts Neues; aber er weiß bald starke, bald heimliche
270 1983 1312 2037 Effecte klüglich anzubringen. Fritz Lobheimer—Anatol
1308 1984 1552 2044 — hat ein
289 2033 1547 2084 Verhältniß mit einer verheirateten Frau, das ihn ängstigt,
181 2047 273 2105 ver¬
277 2076 1552 2139 peinigt, beglückt. Zugleich liebelt er zu seiner Erholung mit
195 2093 270 2152 chi
288 2132 1550 2188 Christine Weiring, der Tochter eines Vorstadtmusikers, einem
191 2142 271 2204 den
278 2170 1542 2240 lieben Mädchen, das in die Beziehung weit mehr hineinträgt,
184 2198 273 2246 nb¬
775 2227 1543 2291 „Liebelei“ scheint ernsthaft werden
288 2219 760 2286 als nöthig ist. Die
189 2238 270 2299 den
387 2269 1550 2315 wollen, besonders, nachdem Fritz vom Gatten
262 2274 354 2339 zu
854 2311 1546 2382 anderen, verführten Frau zum
273 2314 831 2381 einer, es scheint einer
275 2351 1532 2415 Duell gefordert ward. Nun klammert er sich nämlich an das
277 2426 1546 2477 liebenswerthe Geschöpf. Er fällt im Zweikampfe, wie's ihm ge¬
282 2458 1539 2506 ahnt hat — denn er ist von der Schwermüthigkeit gewisser Ner¬
199 2493 274 2553 cs
286 2509 1536 2557 vösen — und Christin' folgt ihm freiwillig nach. Dies der In¬
193 2546 280 2598 ard
278 2548 1543 2626 halt; was nebenher läuft, dient nur zur Erläuterung — der
280 2593 1545 2651 Mann, der jede Beziehung zum Weibe leicht nimmt, das Weib,
186 2642 265 2698 us¬
276 2653 1535 2708 das von ihrem Standpunkte aus das Gleiche thut. Die Bedeutung
199 2688 282 2746 afe
284 2699 1542 2749 des Dramas liegt darin, daß es die ganze Tragik des Geschickes
197 2733 271 2803 ist
745 2739 1545 2811 mehr durch Umstände und durchs
289 2745 651 2809 dieser Verführten
267 2788 1537 2861 Blut, als durch Anderes — versinnlicht. Zum Begräbnisse des
188 2815 1548 2889 #lg= Geliebten wird Christin' nicht geladen, „wer bin ich dann?“ ist
180 2889 1543 2943 #ren die Frage, welche sie mit in den Tod treibt. Solche Fragen
176 2938 1536 2995 aten aber wirft nur ein Dichter auf. Meisterlich ist die Stimmungs¬
186 2981 1548 3041 inen malerei; die Fabel scheint nur manchmal zu dünn für die starken
178 3031 1548 3099 ide, Wirkungen, welche sie tragen muß. Gespielt wurde vor¬
184 3082 1547 3133 olle. trefflich. Herr Mitterwurzer schlug aus einer
179 3125 277 3181 igen
276 3134 1538 3187 Rolle, die kaum vierzig Worte enthält, Wirkungen, deren
184 3173 275 3224 recz
672 3184 1530 3241 — er ist der betrogene Ehemann. Herr
274 3177 660 3245 kein Anderer dächte
178 3217 276 3271 daß
277 3230 1534 3284 Zeska, Herr Kutschera, Fräulein Walbeck,
190 3268 1541 3331 sich — diese Beiden das leichtgemuthe Liebespaar — waren höchst
184 3311 284 3371 den,
284 3310 1549 3384 verdienstlich: Herr Sonnenthal mit all seiner Innigkeit
190 3352 279 3416 isen
285 3375 1044 3438 gab den unglücklichen Vater Christinens.
1043 3366 1545 3429 Diese ist selbst bis auf
195 3415 1546 3459 be= den Wunsch, den Geliebten „spanisch“, hier also in Dragoner¬
183 3452 272 3520 recz,
284 3464 1544 3515 Uniform zu sehen, die Doppelgängerin Klärchens in Egmont.
213 3504 267 3557 be¬
278 3508 1548 3557 Fräulein Sandrock gab sie; sie hat die Sonne nicht in sich,
287 3561 1538 3620 sie hat nichts wienerisch=liebenswerthes. So trug sie schwere
277 3609 1542 3655 Schatten in das Stück; in der Verzweiflung erschütterte sie mächtig.
271 3653 1543 3712 Etwas Dialect thäte dem ganzen Stücke gut. Denn diese Stadt,
258 3714 1549 3771 in der wir leben, kann wie nur aus sich selbst begriffen, so nur
1442 3750 1504 3806 —
282 3748 1174 3821 in ihrer Mundart dichterisch erläutert weisen.
220 3782 284 3848 zu
386 3788 1545 3871 * Im Burgtheater gelan ##untag Nachmittags
1286 3845 1544 3899 statt „König
280 3847 1030 3894 wegen andauernder Erkrankung des He
1088 3849 1515 3953 D Pne
183 3847 1219 3953 tr, Richard II.“ — „Othello“ zur Aufführn
2349 204 3068 322 Theater und Kunst.
2218 305 3233 366 (Burgtheater.) Heute wurden zum ersten Male
2124 361 3236 408 aufgeführt: „Rechte der Seele", Schauspiel in einem
2123 390 3239 458 Aufzug von Giacosa und „Liebelei", Schauspiel in
2120 437 3229 504 drei Aufzügen von Schnitzler. — Der Einacter stellt ein
2129 480 3222 544 interessantes Problem auf, wird später gedehnt und un¬
2122 532 3222 589 nöthig pathetisch und gefällt sich schließlich in einer gekün¬
2112 571 3225 627 stelten und nicht ganz klaren Psychologie. Das bewun¬
2126 622 3223 677 derungswürdige Spiel der Frau Hohenfels ver¬
2115 659 2609 716 hilft ihm zum Siege.
2675 658 3223 718 Schnitzler's „Liebelei“
2120 702 3230 767 geht von den denkbar gewagtesten Voraussetzungen aus und
2116 743 3222 798 sucht zunächst über seine Prämissen durch eine faule Lustig¬
2130 791 3233 837 keit hinwegzutäuschen; nachdem die eigentliche Gefahr über¬
2126 835 3231 887 standen ist, geberdet sich der Autor sehr sentimental, ja sogar
2123 883 3229 934 tragisch, und setzt alle Taschentücher in Bewegung. Was er
2119 922 3223 971 bietet, ist eine merkwürdige Mischung von Paprika und Rosen¬
2112 968 3225 1017 wasser: der Paprika soll den Männern behagen, das Rosenwasser
2127 1002 3228 1057 die Weiber versöhnen. Herr Sonnenthal und Fräulein
2113 1046 3233 1108 [Sandrock erfreuen durch Leistungen ersten Ranges und
2113 1090 3229 1142 werden von den Herren Zeska und Kutschera, den
2122 1140 3225 1197 Damen Kallina und Walbeck nach Kräften unterstützt.
2124 1187 3225 1239 Das Publicum nahm beide Novitäten mit Wohlwollen auf;
2118 1217 3223 1291 Giacosa fand lauten Beifall, der Paprika= Schnitzler wurde
2188 1269 2956 1321 zumeist von seinen Freunden — bejubelt.
2250 1306 3229 1360 Im k. k. Hofburgtheater gelangt Sonntag, 13. d. M.,
2116 1339 3232 1393 Nachmittags, wegen anduuernder Erkrankung des Herrn Robert
2914 1388 2950 1435 □
2242 1384 2872 1437 Dele
1756 1387 1878 1458 dinh¬
1889 1384 2942 1477 schen Waräufe daselbst. Uebergang zwischent
1758 1445 1870 1497 ehen
1900 1448 2943 1510 Speichberg und Feuerstein ins Dombachthal und nach
1761 1480 1875 1539 hien
1893 1478 2948 1539 Tullnerbach. Marschdauer 3½ Stunden. Abfahrt 1 Uhr
1897 1520 2944 1585 35 Minuten Nachmittags Westbahn. Gäste willkommen!
1757 1531 1874 1584 sucht
1762 1572 1869 1622 ia“
1747 1608 1867 1668 chen
1926 1605 2918 1706 Theater, Kunst und Literatur.
1757 1658 1869 1715 ftige
1958 1671 2948 1753 (Hofburgtheater.] Das Hofburgtheater hat mit
1758 1704 1871 1756 och¬
1875 1725 2944 1789 den beiden ersten Neuheiten weder Glück gehabt noch
1760 1746 1870 1800 und
1889 1762 2956 1838 Geschick bewiesen. Nach dem ersten Stücke, Giacosa's
1758 1785 1865 1837 ers
1760 1829 1854 1884 ci“
1894 1805 2951 1867 „Rechte der Seele“, mußte man füglich annehmen, daß
1886 1849 2954 1925 das zweite abfallen könne. Schnitzer's „Liebelei“ hat
1766 1858 1855 1927 mi¬
1886 1890 2958 1968 dieses Kunststück zuwege gebracht. Ein aufdringlicher
1755 1910 1858 1968 urch
1879 1933 2945 2000 Applaus der in allen Territorien des Hauses vertheilten
1761 1957 1866 2012 tsch¬
1884 1979 2958 2056 Freunde des Autors suchte trotz energischer Gegenwehr
1767 2000 1851 2053 sich
1875 2031 2941 2095 der Unbesangenen über den Mißerfolg zu tärschen; auf¬
1755 2041 1859 2095 daß
1879 2073 2930 2131 gesessen ist diesem Talmibeifalle nur der Autor selbst,
1764 2086 1843 2139 nd,
1877 2116 2930 2177 wie er durch wiederholtes Erscheinen vor der Rampe
1765 2122 1853 2182 iler
1870 2150 2933 2224 bewies. Die Hauptrolle in beiden Stücken spielt eine
1768 2170 1856 2241 uf¬
1875 2199 2928 2263 mitleidige Kugel, mitleidig nämlich für die Autoren, die
1875 2244 2935 2303 ohne dieses Instrument nichts anzufangen gewußt hätten.
1881 2281 2932 2358 Wenn nicht die Darsteller, in erster Linie Frau Hohen¬
1877 2314 2986 2402 fels und Fräulein Sandrock, die sich geradezu un¬
2998 2338 3088 2398 ·
1872 2376 2929 2435 würdig plagten. Unwahres wahr zu machen, dann Fräulein
1863 2407 2925 2469 Kallina### die Herren Hartmann, Sonnen¬
1870 2458 2929 2522 thal und zeska sich ebenso gut bewährt hätten, wie die
1868 2492 2932 2546 zwei verhänguißvollen Kugeln wäre der heutige Abend
1761 2510 1853 2572 ill¬
1868 2546 2924 2615 ganz verloren gewesen; ihre bedentende Künstlerschaft
1876 2580 2922 2655 scheutt den beiden Machwerken vielleicht doch eine weitere
1755 2582 1839 2658 er
1871 2621 2211 2687 Woche Lebenszeit.
2727 2634 2885 2695 A. L.
1749 2650 1844 2710 det
2007 2678 2914 2747 Im Hofburgtheater gelangt Sonntag
1752 2688 1849 2742 fer¬
1863 2717 2912 2788 den 13. d. Nachmittags wegen andauernder Erkrankung
1751 2731 1842 2789 ing
1759 2754 2866 2851 ind des Herrn Robert statt „König Richard 11.4 — Othel
3240 2827 3322 2870 Con
3228 2891 3326 2943 Kna
2203 2866 3029 2960 Theater= und Kunstnachrichten.
2121 2928 3212 3000 (Burgtheater.) Der Erfolg des heutigen Abends
3220 2972 3322 3019 liche
2045 2988 3215 3052 gehört den Damen Hohenfels und Adele Sandrock,
2048 3038 3210 3089 viel Ehre gebührt dem Dichter Giacosa. Herr Arthur
2047 3072 3211 3133 Schnitzler kann ja wol auch mit dem Beifall seiner zahl¬
2035 3123 3211 3184 reichen Freunde und den Hervorrufen, welche sie gegen eine
2967 3160 3019 3209 —
3010 3162 3207 3221 Giacosa's
2035 3165 2932 3212 höfliche Opposition durchsetzten, zufrieden sein.
2044 3205 3198 3256 Schauspiel „Rechte der Seele“ führt einen Herzens¬
2033 3243 3208 3313 conflict mit großer Feinheit und vornehmem Temperamente
2046 3287 3206 3333 durch. „Er“ hat sich erschossen, weil „Sie“ dem Gatten treu
3217 3307 3329 3355 einen
2042 3329 3197 3385 blieb. Nach seinem Tode erfährt der Gatte den „unmöglichen
3212 3342 3313 3391 Nam
2038 3367 3197 3422 Roman“ und behelligt seine Frau mit Fragen. Sie gesteht,
2036 3409 3195 3470 daß sie „Ihn“ geliebt hat, und verläßt den ungeschickten
2040 3453 3202 3508 Gatten. Frau Hohenfels spielte die interessante Frau,
2028 3498 3200 3545 Herr Hartmann den unglückseligen Gatten. — Schnitzler's
2045 3545 3193 3588 „Liebelei“ erzählt in der Mamier der Gil=Blas=Novelletten
2035 3581 3197 3635 die Unglücksgeschichte einer Geisette, die „Ihn“ ernsthaft
3217 3600 3318 3661 sollte
2038 3615 3195 3673 liebt. „Er“ fällt aber in einem Duell wegen einer anderen
3213 3650 3310 3702 hafte
2026 3661 3200 3705 Liebesgeschichte, und das enttäuschte Mäderl läuft in die Seine
2109 3708 3198 3757 Pardon! Donau! — Fräulein Adele Sandrock war
2028 3743 3196 3805 die im Keime ersäufte Cameliendame und Sonnenthal
2044 3784 3199 3838 der Camelienvater. Das gab ein erschütterndes Duett, dem
3210 3801 3302 3851 dabe
2039 3829 3196 3879 ein ernstes Stück zuzuwünschen war. Die Damen Kallina
3207 3845 3317 3891 wege
2040 3881 3198 3941 und Walbeck, die Herren Zeska und Kutschera
3212 3879 3304 3927 geba
3212 3916 3298 3963 die
2035 3911 2828 3970 vervollständigten wirksam die Seene. g.
3217 3951 3323 4001 Woh
2185 3955 3185 4027 Im Burgtheater gelangt Sonntag den 13. d.
3214 3989 3328 4036 gliedd
2032 3999 3203 4059 Nachmittags wegen andauernder Erkrankung des Herrn
3210 4028 3325 4078 Freie
2033 4047 2695 4094 Robert statt „König Richard II.“
2694 4053 3194 4105 „Othello“ zur Auf¬
3214 4067 3328 4117 mit 5
2045 4087 2256 4141 #.L.- 0
2273 4093 3332 4143 Tneius der Köniasdramen beginnt am 20. D.; droht
3245 1204 3323 1261 Ein
3252 1246 3313 1289 un
