3484 4256
298 157 609 242 Liebel
826 165 1280 265 box 13/7
281 197 835 278 a . — L 2 — — 1
1822 1322 2037 1403 Gen
1724 1357 1810 1457 S
1005 1377 1114 1469 SN
2161 1430 3194 1525 streichen. Wärme und schlichte Herzlichkeit sind
170 1446 2161 1524 keisterhand geführt wird, klingt es in ganz neuen, kein Sprachengemisch duldet. Auch sonst dürfte
2158 1490 2458 1574 ihm gegeben.
1149 1498 2163 1552 Herr Leo der sprachlichen und mimischen Aus¬
177 1513 693 1575 rteren, weicheren Tönen.
2233 1505 3188 1604 Der szenische Rahmen war so geschmackvoll
1158 1542 2157 1617 feilung und der Verinnerlichung der Aufführung
189 1542 1152 1621 Wie einfach ist das Geschehen, wie einfach
1149 1576 3178 1651 ein stärkeres Interesse zuwenden. Daß es auch und sauber, wie wir es unter der Direktion
223 1603 1152 1679 seine Menschen! Dieses schlichte Bürger¬
2167 1622 3156 1696 Wassermann schnell gewohnt worden sind. Freilich
165 1658 2164 1732 ädchen, das sein unberührtes Herz an einen ohne die Wiener Sprache geht, bewies die
2167 1680 3168 1751 stelle ich mir Christinens Heim immerhin noch
169 1683 2160 1778 ngen Mann der oberen Zehntausend verliert Christine des Abends, von der alle Wärme
2167 1721 3183 1788 intimer und gemütlicher vor. Das volle Haus,
181 1737 2162 1811 nid den Geliebten für eine andere sterben sieht! ausging. Frl. Mertens hat bisher sich meist
2173 1777 3169 1842 das die Aufführung mit sehr herzlicher Teilnahme
169 1782 2170 1854 lieser junge Mann, der nicht besser, aber gewiß damit begnügen müssen, hübsch auszusehen. In
2163 1819 3182 1904 aufnahm, mag für die Direktion ein erfreulich
172 1833 2166 1917 uich nicht schlechter ist, als Tausende seiner Kreise, ihrer Christine wurde alle Holdheit einer mädchen¬
2172 1872 3125 1959 Ansporn zu weiteren literarischen Taten sein¬
1165 1876 2184 1955 haften Weiblichkeit lebendig. Sie lachte und
162 1900 1150 1955 kenen das Leben ein einziger blühender Sonnen¬
3067 1922 3151 1980 R.
171 1923 2180 2014 arten ist, und die erst, wenn's zu spät ist, merweinte, war „himmelhoch jauchzend und zu Tode
3014 1959 3185 2020 Wenseener essenshchenes
2831 1959 3001 2054 —
173 1975 2171 2051 in, daß auch in ihrem scheinbar so glücklichen betrübt“ in einem Atem, entzückte durch die herbe
1156 2027 2177 2095 Keuschheit ihrer zärtlichen Hingabe und erschüt¬
168 2035 1161 2108 asein geheime Sehnsüchte leuchteten, an denen
193 2077 2176 2143 blind vorüber getaumelt sind! Dieser grund= terte durch die heilige Kraft ihrer Tränen. An
171 2137 2177 2214 sitige Vater, den das Leben gelehrt hat, mildediesem „mollerten“ blonden Mädel war nichts
1163 2171 2189 2246 falsch, nichts erkünstelt. Fritz Kampers war
205 2186 1165 2253 sein und der Jugend ein Recht auf beschei¬
169 2220 2193 2293 nene Stunden glücklicher Erinnerung zu gönnen!mit dem Fritz nicht ganz so eins geworden. Der
167 2275 2178 2351 nd die anderen ringsum: die fesche, sorglose fröhliche, liebenswürdige Junge gelang ihm sehr
175 2310 2208 2410 Putzmamsell, die den Tag genießt, der ebenso gut, aber sein Gefühl ist noch nicht recht voll
178 2366 2191 2463 enießerische Freund, die klatschsüchtige Nachbarin und überzeugend. Garnicht am Platze war Di¬
204 2405 2187 2483 strotzen sie nicht alle von saftigster Lebendig=rektor Wassermann als Theodor. Sein
155 2448 2197 2567 eit! Wenn der Vorhang aufgeht, steigt der derb zugreifendes Wesen, seine forsche, gesunde Art
1164 2514 2187 2582 liegen weit ab von solchen molluskenhaften Lebe¬
155 2525 1161 2606 Kanfte Odem der Wiener Phäakenstadt kosend
1161 2550 2187 2636 jünglingen. Er zog sich, wahrscheinlich durch Be¬
168 2574 1164 2646 mpor, die Freuden des Lebens und die Freude
1163 2607 2205 2682 setzungsschwierigkeiten auf den Platz gezwungen,
160 2622 1169 2689 Em Leben klingen jubelnd über die Szene, die
1165 2660 2199 2721 mit Anstand aus der Affäre, fühlte sich aber
173 2672 1166 2752 grünen, ewig heiteren Hänge des Wiener Waldes
1172 2712 2195 2773 sichtlich selbst nicht recht wohl in Theodors Haut.
176 2726 1164 2795 senden ihre Grüße die frühlingsfrohe Atmo¬
1163 2738 2197 2817 Frau von Coburg spielte das leichte Mädel
168 2764 1164 2849 phäre der Wiener Luft flattert sorgenlos, unge¬
1169 2808 2192 2875 Mizzi sehr temperamentvoll, ein bischen derb,
175 2815 1166 2882 bunden, in göttlicher Heiterkeit durch den Raum.
1176 2850 2199 2926 doch nicht mehr hinreichend jugendlich für solche
167 2866 1168 2941 Und dann wächst langsam hinter den Menschen
1177 2901 2201 2969 Flittchen. Auch Frl. Haagen, unsere treffliche
154 2911 1165 2984 as Verhängnis auf, ein wenig spukhaft, ein
1176 2933 2202 3018 Charakterdarstellerin, erwies als ehrerwerte Frau
174 2966 1175 3029 wenig ruckweise, aber nie flnster und drohend,
1170 2997 2196 3067 Tratschbase diesmal noch nicht ihre Verwendungs¬
167 3014 1166 3087 sondern immer verklärt von der sanften Melan¬
1182 3048 2201 3110 fähigkeit für dichterische Gestalten, die ohne
179 3063 685 3138 holie der Wiener Welk.
1171 3088 2207 3165 scharfe Akzente zur Wirkung gebracht werden
210 3092 1175 3174 Der Zauber dieser Dichtung, deren künstle¬
161 3135 2207 3232 frische Geschlossenheit Schnitzler nur wieder inmüssen. Nur Frau Binder blieb farblos und
172 3184 2194 3278 sseiner „Gefährtin“ erreicht hat, ist unvergänglich unbelebt. Sehr überzeugend und innerlich ge¬
1173 3234 2212 3310 staltete Herr kasiske die herrliche Figur des alten
174 3257 1178 3321 und unzerstörbar. Er ist am stärksten, wenn auch
1177 3267 2216 3350 Weising, dieses liebenswerten Menschen, der ganz
170 3305 1178 3384 m Wortklang das Wienertum fühlbar wird, aber
1178 3332 2207 3402 aus einem reichen Dichterherzen geschaffen ist.
173 3350 1187 3417 ler ist so tief im Menschlichen verankert, daß er
170 3366 2207 3473 auch im Hochdeutschen nichts Wesentliches von Herr Kasiske muß nur seine Neigung bekämpfen,
170 3418 2210 3514 kseinem Reiz verliert. Nur wäre dem Regisseur Silben zu verschlucken und die Hebungen und
173 3484 2229 3567 der hiesigen Aufführung zu empfehlen, daß er Senkungen des Dialogs allzu scharf zu unter¬
