3436 4320
231 254 816 342 5. Liebelei
664 252 1376 351 S box 12/2
582 299 642 349 1
410 1687 2315 1770 Eine Luthernistung ist von der Provinz Sachsens des Pulvers B notwendigen Bestandteile nicht mehr:
2304 1710 2805 1779 Jesigenommene Erpresser.
346 1733 1337 1805 aus angeregt worden. Sie soll möglichst bis zum
1342 1747 2318 1802 in Frankreich enzeugt würden, daß diese viel¬
2348 1750 3299 1805 Wegen Verbrechen festgenommen mi###n zwei
351 1782 1342 1840 400jährigen Jubiläum der Reformation im Jahre
1343 1778 3283 1833 mehr aus England, insbesondere ausl Handlungsgehilfen im Alter von 29 und 16 Jahren
1340 1821 3263 1874 Deutschland bezogen werden müßten. aus Iserlohn und Fürstenau in Oberschlesien, die sich
343 1814 1345 1891 1917 in der Höhe von 1,000.000 ck aufgebracht werden
1334 1842 3203 1914 Im Kriegsfalle liefe Frankreich daher beide vorübergehend in Leipzig aufbielten.
335 1866 413 1937 —
1331 1889 2311 1933 1 Gefahr, aus Mangel an Rohmaterial
2292 1880 3282 1949 hatten an eine ältere Dame einen Brief #eschrieben,
1325 1920 2304 1967 [die Erzeugung des Pulvers Beinstellen
2297 1923 3280 1981 worin sie ersuchten, 3000 K postlagernd zu senden,
341 1931 1340 2001 bot Frau Walleni als „Christine". War sie im
1325 1956 2297 2006 szu müssen und dieser Fall sei bereits einmal
2297 1961 3251 2012 widrigenfalls die Dame ermordet werden sollte. Der
354 1985 1341 2042 1. Akte, insbesondere bei dem Liede „All mein' Ge¬
1336 1988 2308 2046 zurzeit des russisch=japanischen Krieges eingetreten.
2298 1989 3295 2061 eine Komplize wurde bei Abholung des Briefes fest¬
343 2017 1344 2074 danken“ gesanglich noch ein wenig matt und farb¬
1377 2030 2302 2081 Die Strafe. Aus Toulon wird gemeldet, daß
2296 2038 2557 2095 genommen.
348 2053 1343 2120 los, so fand sie weiterhin, insbesondere im Schluß¬
1333 2056 2313 2121 im Hinblick auf die Panik, die am dritten Oktober
2300 2081 2982 2144 Großfeuer in einer Dynamitfabrik
342 2093 1332 2160 akte, ergreifende Töne, wie auch ihr Spiel höchst
1331 2101 2307 2168 beim Leichenbegängnis der bei der Katastrophe der
2355 2103 3273 2165 In der Dynamitfabrik von Schleebusch in
1331 2133 2314 2187 „Liberté“ Umgekommenen sich ereignete, der Kriegs¬
353 2133 1333 2197 eindringlich wirkte. Für „Fritz“ war Herr Bat¬
2305 2153 3292 2223 Köln brach in dem Drehraum der Fabrik Feuer
1341 2170 2299 2221 minister beschlossen habe, die Gendarmeriemannschaft,
352 2172 1331 2235 tisti gerade der rechte Interpret. Sein Tempe¬
2300 2194 3276 2245 aus, das mit großer Schnelligkeit um sich griff.
1333 2204 2298 2255 die damals die militärische Eskorte des Präsidenten
352 2208 1336 2274 rament schlug im Gesang und in der Darstellung
2299 2228 3297 2271 Mehrfach fanden Alkoholixplosionen statt,:
1335 2231 2311 2297 Fallières bildete, wegen ihres Verhaltens dadurch
2308 2245 3363 2317 so daß die Leitungen zu den übrigen Teilen der Fa¬ stor
349 2249 1340 2325 träftig durch und verlieh seiner Rollenverkörperung
1336 2273 2308 2328 zu bestrafen, daß die zu Gunsten dieser Gendarmerie¬
2299 2297 3282 2341 brik streng abgesperri werden mußten. Die ganze
341 2293 1343 2354 einen lebendigen, natutwahren Auftrieb. Die
1328 2305 2301 2353 mannschaft eingereichten Beförderungs= und
2305 2321 3292 2375 Fabrikanlage wurde in weitem Umkreis isoliert. Nur
343 2332 1338 2401 „Mizi“ gab Frl. Garden äußerst rassig, mit glück¬
1324 2346 2311 2401 Auszeichnungsvorschläge ein ganzes
3265 2300 3354 2398 910
2295 2370 3275 2412 dem schnellen Eingreifen der Arbeiter und den vor¬
347 2372 1338 2434 lichem Humor, ebenso Herr Fleischer den
1330 2375 2136 2436 Jahr unberücksichtigt bleiben.
3262 2379 3350 2449 dig
2293 2394 3276 2442 handenen Sicherheitsmaßnahmen ist es zu danken.
352 2410 1331 2482 „Theodor“ mit kräftiger Laune und darstellerischer
1381 2413 2295 2483 Vor das Kriegsgericht zitiert. Marineminister
3153 2435 3280 2487 Nach
2306 2428 3126 2480 daß ein großes Unglück verhindert wurde
344 2456 1342 2526 Gewandtheit. Einen wahren Charakterkopf schuf
1331 2456 2306 2507 Delcassé ordnete das kriegsgerichtliche Verfahren
2302 2457 3264 2513 etwa einstündiger Arbeit konnte die Gefahr als be¬
1324 2475 2307 2547 gegen den Kommandanten Jaurés und die drei an¬
338 2485 1340 2558 Herr Moest aus seinem „Hans Weiring". In
2307 2506 3282 2553 seitigt gelten. Die Drehabteilung ist vollständig
1333 2527 2308 2588 deren früheren Offiziere des durch Explosion zer¬
344 2532 1335 2585 weiteren Nebenrollen waren Frau Schmid¬
2298 2539 3292 2590 ausgebrannt doch werden deren Arbeiter in anderen
1325 2567 2297 2611 störten Linienschiffes „Liberté“ an. Jaurés
2296 2572 2877 2634 Teilen der Fabrik beschäftigt.
337 2560 1331 2648 Hammerstein („Katherine Binder") und Herr
1328 2599 2304 2641 wurde in die Klage einbezogen, obwohl er zur kriti¬
345 2604 1216 2679 Werner („ein Herr") am rechten Platze.
2303 2619 2568 2684 Hinrichtung.
1325 2640 2300 2687 schen Zeit ordnungsmäßigen Urlaub hatte, weil der
407 2654 1329 2707 Für den hochwichtigen musikalischen Teil der
2353 2650 3191 2708 Im Hofe des Gerichtsgefängnisses in Hirf
1330 2663 2309 2717 Verdacht auf ihm lastet, daß er die Disziplin an
338 2686 1336 2757 Aufführung stand Herr Kapellmeister Gille seinen
2307 2688 3156 2750 berg wurde am Dienstag früh der 26 Jahr
1330 2697 2299 2757 Bord nicht mit der nötigen Schärfe aufrechterhalten
2301 2731 3153 2771 Schneider Maatz aus Biengrätz hingerichtet.
346 2738 1333 2783 Mann. Die wohltuend berührende Sicherheit, mit
1326 2737 1461 2797 hat.
2303 2765 3163 2819 hatte am 7. Februar die Handelsfrau Siek
347 2779 1578 2852 der das Ensemble durch alle Klippen hindurchge=England.
2300 2789 3283 2854 eichen und eine Frau Metzel in deren Wohnung
348 2814 1346 2865 leitet wurde, die feste rhythmische Haltung des ge¬
1371 2822 2311 2880 Der neue Herr der Marine. Eine der ersten
2308 2830 3281 2878 in bestialischer Weise ermordet und beraubt.
347 2843 1341 2904 samten Aufführungsapparates und die in der fein¬
2292 2859 3275 2914 Er wurde vom Schwurgericht zweimal zum Tode ver¬
1324 2871 2304 2915 Handlungen des neuen Lords der Admiralität wird
342 2894 1340 2959 fühligen Abtönung des Ganzen bekundete, von wert¬
2309 2903 3278 2972 urteilt und hatte auf ein Gnadengesuch verzichtet.
1328 2903 2304 2954 sein, einen Kriegsstab für die Flotte zu schaffen.
337 2921 1328 2984 vollen künstlerischen Absichten getragene Einwirkung,
1329 2939 2297 2983 Sparsamkeit mit Leistungsfähigkeit zu verhinden,
2305 2953 2709 3016 Berarutsch in Tirol.
342 2969 1333 3020 das alles war Herrn Gilles Werk, dessen über¬
1321 2983 2297 3022 solle der Kern der Politik Churchills sein. Die Auf¬
2351 2980 3287 3045 Das Villnötzner Tal Südtirol) wurde in
1327 3008 2296 3065 gabe des Kriegsstabes der Flotte aber werde darin
349 3010 1328 3061 wiegende Verdienste um das Zustandekommen einer
2298 3016 3281 3077 seinem engsten Teile durch einen großen Erd= und
1326 3046 2295 3089 bestehen, die Bedürfnisse der Marine im Lichte der
343 3055 1330 3095 solchen bis ins kleinste exakten Aufführung unbe¬
2303 3057 3287 3107 Bergrutsch verschü tet. Jeder Verkehr ist dort un¬
1322 3081 2301 3145 fortgesetzt wechselnden politischen Lage zu erforschen.
341 3079 1342 3131 stritten warmn. Daß dem Orchester bei der Moder¬
2298 3094 3289 3149 möglich. Die Verlegung des Arlbergtals ist jetzt be¬
1378 3122 2311 3174 Deutscher „Spion“. Vor dem Geschworenan¬
337 3132 1331 3179 rit#t der Instrumentation eine Hauptrolle zufiel,
2289 3130 3287 3191 stimmt. An der gefährdeten Stelle bei Vießburg
1329 3153 2309 3208 gericht der Grafschaft Devonshire wurde am Montaa
339 3167 1333 3213 lag ebenso auf der Hand, als daß der b. währte
2292 3165 2800 3223 wird ein Tunnel gebaut.
1332 3195 2301 3238 das Verfahren gegen den Deutschen Max Schult
344 3199 1330 3264 Tonkörper durch Schönbett des Klanges, reiche
2303 3206 2880 3278 Ein Postomnibus überfallen.
1327 3220 2300 3278 wegen Vergehens gegen das Gesetz zur Wah¬
344 3248 1328 3308 Farbenwirkungen und glühende Charakteristik der
2346 3236 3290 3302 Zwischen Tomaschow und Petrikau haben
1326 3251 2309 3304 rung des Amksgeheimnisses wieder auf¬
357 3280 3291 3334 F. Neumannschen Musik im hohen Maße gerecht genommen. Der Lordoberrichter führie aus. Schultz mehrere Banditen am Montag einen mit fünfzig
1102 3320 3359 3390 A. H. 16 angeklagt, durch Bestechung versucht zu haben, In= Personen besetzten Omnibus überfallen. Die Passa=!
338 3333 521 3395 wurde.
