3436 4256
885 217 1330 308 box 10/7
344 233 767 312 Liebelei
191 241 777 347 5 LS
1746 1344 2955 1407 eelben, duß sie auf Irrwe in wandeln und daß sie sofolt u.
1219 1383 2963 1464 ruchigen Volterstämme kehren müssen, wenn nicht der gerechte Zornessturm des erbitterten
446 1435 2971 1493 Komren oder auch diche einfach zu erfinden, kurzum, der Mann] Volkes sie hinwegfegen soll, mit dem Fluche leloden, daß sie mitgewirkt
153 1484 2728 1540 en anti=öster=steht entschieden auf der Höhe seines Polizeiberufes. Wo von oben hätten an dem Vernichtungskriege gegen das Deutichthum.
1775 1525 1843 1584 Mrrssauft
384 1571 1681 1627 spielte meisterhaft. Doch was sagen wir. Sie spielte? Nein, das
1668 1587 2961 1629 mit stürmischem Beifall; zum Schluß betam Frau Sorma einen großen
392 1625 2957 1653 war kein Spielen mehr, das war ein innerliches Mitempfinden, Mit= Lorbeerkranz überreicht und mußte wiederholt vor der Rampe erscheinen.
365 1657 1679 1709 leben. Hier können wir das Wort „verkörpern“ im idealen Sinne ge¬
2584 1665 2946 1741 C. v. d. Ropp.
387 1680 1676 1740 brauchen. Sie war die Christine. Alles war echt und natürlich, sie
1663 1684 1946 1767 Rundschau.
382 1728 1678 1781 empfand die kleinste Freude wie das große Leid in allen Variationen
1760 1756 2972 1819 * z. Die Gewerbehauskapelle ist am Sonnabend wieder an
379 1769 1679 1815 seelisch mit. Im ersten Akt kam sie wenig zur Geltung, doch zeigten
1665 1796 2965 1852 den Ort ihrer Winterthätigkeit, den Gewerbehaussagl, zurückgekehrt. Man
115 1797 1669 1853 in 3 Akten von sich schon hier sehr feine Striche in der Charakterzeichnung. Im zweiten
110 1843 1671 1897 fä 2 Jahren Akt fesselte uns ihre Leistung außerordentlich und im dritten Akt lauschte
1663 1839 2977 1889 weiß, daß Herr Musikdirettor Trenkler mit seinem vortrefflichen
113 1879 412 1943 Bühne unseres
1677 1876 2977 1926 Orchester zu einem bedeutenden Faktor im Musikleben Dresdens ge¬
391 1887 1673 1937 das Poblikum in größter Spannung wie gebannt auf jeden Laut von
1667 1919 2960 1986 worben ist, da er sich an weitefte Kreise wendet und ihnen für geringes
103 1915 1671 1974 Gastes wieder ihr. — Im zweiten Akt, bei Fritzens Besuch, war Frau Sorma ganz
1670 1956 2966 2004 Entgelt musikalische Genüsse bereitet, die sie sonst entbehren müßten.
112 1953 612 2019 knthält es doch vorzüglich.
652 1960 1680 2003 in gewisser Weise am besten. Dieses mädchenhaft
108 1994 2961 2047 s am Schluß, ichüchterne, schelmische Wesen, dem die große Freude und Seligkeit über Allbekannt ist es auch, daß diese volksthümlichen Bestrebungen des Herrn
118 2037 179 2086 te,
212 2038 2967 2082 Fritz Lob=das Kommen ihres Geliebten zu Grunde liegt, war so natürlich dar= Trenkler allenthalben großen Anklang finden. So war denn auch der
331 2085 2966 2123 an=gestellt, daß man die Bühne ganz vergaß und nur ein liebreizendes, Verlauf des Eröffnungs=Konzertes überaus erfolgreich. Die aus
1664 2113 2739 2165 52 Mitgliedern bestehende Kapelle gab zunichst mit der Wiet
2820 2111 2971 2164 be des
355 2106 1676 2169 nholdes, anmuthiges Geschöpf vor sich sah. Im dritten Akt war, wie
1664 2149 2731 2198 Wagner'schen „Meistersinger“=Vorspieles einen glänzenden B
364 2147 1664 2207 eschon erwähnt, alles gefesselt durch die meisterhafte, hinreißende Natürlich¬
2844 2149 2960 2215 ihrer
1667 2177 2713 2238 Leistungsfähigkeit und brachte u. a. die Smetana'sche sinfoni
338 2194 1666 2250 ndkeit. Das Mienenspiel der Künstlerin müssen wir noch besonders lobend
2871 2202 2966 2247 ung
1666 2228 2716 2276 „Molvau“ und Tschaikowsky's große Ouverture „1812“
322 2221 1668 2282 der lhervorheben. Die Mizzi hat Recht, wenn sie sagt: „Der sieht man
2884 2240 2966 2289 zu
1660 2258 2731 2325 Gehör. Eine ganz hervorragende Leistung bedeutete der
2880 2275 2977 2333 der:
306 2266 1680 2330 den alles gleich vom Gesicht ab!“ Jeder seelische Vorgang spiegelt in ihren
408 2292 2775 2359 Augen und Gesichtszügen wider. Eben siehr sie noch heiter und ver= Ouverture „Leonore Nr. 3“ von Beethoven. Solistisch wa
2872 2310 2965 2362 drei
409 2338 2977 2411 gnügt aus, da kommt plötzlich ein trüber, schneller Gedanke. Ihre Mitglieder der Kapelle thätig; Herr Zeidler erwies sich mit dem Vor¬
146 2381 204 2440 #e
402 2376 2974 2446 Augen werden starr, die Züge im Gesicht länger und großer Kummer, tragé zweier Sätze aus einem bisder hier noch unbekannten, ganz
1664 2411 2967 2488 entzückenden Cellokonzerte von Josef Haydn als ein Cellist von schönem
128 2425 194 2474 den
394 2426 1373 2488 pahnsinnige Angst prägen sich in den Mienen aus.
1405 2414 1673 2481 So sehr wir
1674 2462 2968 2520 Tone, bedeutender Technik und geschmackvollem Vortrage. Das 4. Konzert
125 2465 232 2516 Leiden
383 2449 1669 2539 Frau Sorma's „Norma“ schätzen, müssen wir doch ihre „Christine“ für
1660 2503 2967 2542 für Violine (D-moll) spielte Herr Konzertmeister Mahr glänzend und
390 2506 802 2562 bedertender erklären.
128 2498 273 2558 gefesselt.
1670 2540 2963 2587 mit größtem Erfolge und als einen vortrefflichen Trompeter lernte man
143 2536 404 2599 eDuell findet
443 2539 1672 2601 Dic übrigen Darsteller spielten wirklich recht gut. Es war, als ob
132 2579 397 2633 ind vorder be¬
394 2563 2962 2627 sie von ihrer großen Kollegin unwillkürlich zu ihrem besten Können! Herrn Gräßler kennen. Herr Musikdirektor Trenkler leitere das
1661 2617 2965 2674 Konzert mit der alten Frische und Elastizität, Eigenschaften welche uns
106 2618 409 2677 ersten Male in
385 2619 1681 2682 fortgerissen wurden. Frl. Poldi Gersa wor eine fesche Mizzi Schlager
1666 2641 2966 2708 die beste Gewähr dafür bieten, daß die nunmehr eingeleitete Winter¬
133 2661 394 2716 t von ihr Ab¬
387 2656 1665 2712 und spielte so frisch, daß ihr nach dem ersten Akt mit Recht reicher
1667 2695 2971 2773 spielzeit der Gewerbehauskapelle dem Publikum eine Fülle des Schönen
377 2699 1670 2759 Beifall gezollt wurde. Manchmal schien sie allerdings nicht natürlich
1663 2721 1962 2788 bringen wird.
382 2743 1675 2799 genug; ein kleiner Stich ins Derbe störte diesmal nicht, er hob den
390 2778 1672 2831 Gegensatz in den Charakteren der beiden Mädchen nur besser hervor.
1768 2778 2973 2841 Dresdner Mittheilungen. Abermals hat ein ehemaliger
399 2812 1664 2871 Herr Burmester fand sich mit der undankbaren Rolle des Fritz Lob¬
1661 2810 2958 2883 Schüler des hiesigen Königl. Konservatoriums für Musik und Theater
409 2852 1677 2919 heimer leidlich gut ab, er ist nun einmal dazu verdammt unsympathische,
1660 2864 2956 2917 einen Preis in einem Wettbewerbe errungen. Um die Anfang d. I.
408 2901 2965 2939 schwache Männer wiederzugeben. Vorzüglich war Herr Witt als von der Charlontenburger Wochenschrift „Deutsche Nachrichten“ aus¬
438 2943 2964 2989 heodor Kaiser. Das ausgelassene Wesen, die sorglose Heiterkeit des geschriebenen drei Preise (500, 150 und 100 M.) für die Komposition
436 2981 2965 3020 ttmüthigen, aber leichtsinnigen jungen Menschen brachte er trefflich eines deutschen Flottenliedes hatten sich 103 Komponisten beworben, von
404 3016 2968 3062 zum Ausdruck. Die Tafelszene des ersten Aktes gestaltete er höchst welchen die Herren Otto Manns in London, Robert Baumbach in
143 3047 2964 3115 Vorzüge des shumoristisch. Herr Janda war ein ausgezeichneter liebevoller, alter Mexiko und F. C. Schmeidler in Berlin als Sieger hervorgegangen
150 3093 2961 3154 schon einmal Vater und Frau Kronthal zeigte als Frau Strumpfwirker Binder ihr sind. Herr Otto Minns, aus Löbtau=Dresden stammend, verdankt seine
376 3132 2965 3189 schauspielerisches Talent. Auch Herr Nasch führte seine kleine Rolle musikalische Ausbildung dem Dresdner Königl. Konservatorium, welchem
118 3160 2961 3209 sirke, war die lzut durch. Herrn Rotter gebührt als Regisseur wiederum alles Lob#er 4 Jahre als Schüler angehörte. Seine Hauptlehrer waren in Kom¬
110 3206 2963 3271 Sorma. Sie Leider war das Haus nicht sehr gefüllt. Das Publikum kargte nicht position Hofrath Professor Draeseke, im Violinspiel Konzertmeister Prof.
