3484 4224
-14 847 115 921 ne ab
-13 911 117 986 erung
4 971 111 1016 dem
8 1044 118 1098 sehr
9 1083 113 1135 ritten
8 1127 117 1184 ohne
-4 1195 128 1256 ethe's
-15 1238 129 1302 hnicht
15 1280 114 1332 auf¬
15 1318 119 1368 wie
14 1354 126 1412 naiv
26 1398 109 1447 wie
-1 1438 125 1487 welche
-5 1478 126 1522 innert
-13 1516 123 1569 monts
-14 1547 128 1602 n eitel
-9 1588 129 1640 scherei
-6 1631 41 1681 ste
-7 1674 53 1730 be
-15 1705 120 1759 ,daß
-12 1746 127 1804 it von
-5 1789 130 1840 n den
-7 1828 125 1878 ädchen
-10 1869 120 1915 zvous
-3 1907 123 1961 undin
-10 1942 127 1993 1. Die
-15 1986 133 2035 opiren
-2 2024 127 2073 figur,
8 2064 128 2115 nicht
-15 2100 132 2151 iguren
3 2140 121 2189 schein¬
-5 2180 125 2227 heodor
8 2217 124 2270 ifigur
30 2256 127 2305 Don
33 2301 123 2397 welt
61 2404 124 2578 1
29 2571 123 2625 nein
21 2608 137 2666 rselig
18 2651 139 2697 heute
2 2688 120 2736 üfung
-15 2726 124 2777 selbst
-13 2800 123 2857 falten.
-2 2846 126 2895 in im
-13 2883 124 2932 päter,
-5 2851 138 3018 535
18 3000 123 3050 den
15 3032 133 3091 gut
-7 3078 128 3131 r war
0 3118 123 3170 Herr
-6 3155 135 3221 leinen
-4 3214 120 3291 großer
-3 3274 115 3324 lchen“.
-6 3313 123 3368 ihrem
-11 3353 121 3410 Tem¬
3 3394 121 3442 und
-3 3427 120 3479 urden
-9 3471 102 3525 hlichen
-9 3502 129 3581 460
572 145 865 215 iebele
1067 142 1507 235 box 10/4
371 146 941 263 5. Ma1
874 458 1825 532 #r. Lundgerschisrat Rude, Staatsanwalt: Ciobins.
1821 463 2845 531 dem Puvisium bieter Heute lacht nienen
731 508 1820 567 Die Haushälterin Magdalena Kuth. Peters und ihr Bräu¬
1825 496 2931 580 Tristan Isolde „minutenlang in stummes Glück Ver
1823 551 2918 610 ansieht. Iu der Oper sind wir es eben gewohnt; aber in
757 551 1822 628 Egam, der Schlachtergeselle Karl Einicke waren wegen wieder¬
1832 581 2916 643 Schauspiel scheint es noch immer komisch zu wirken. Es war
735 585 1832 639 Pplten Diebstahls resp. Hehlerei angeklagt. Die Haushälterin,
1839 617 2926 685 nicht erfreulich, daß gestern fast immer vornehmlich gelacht
749 626 1831 703 Lelche sich im Dienst eines Malzbonvonfabrikanken befund,
1832 675 2913 724 wurde, wein Fritz Christinen auch nur sekundenlang mit inniger
751 669 1820 730 iu diesem fortgesetzt in vielen Fällen Reidungsstücke, Schmuck¬
1836 702 2917 754 Liebe stumm ansah oder ihr wortlos einen langen Kuß auf die
764 704 1826 764 schen, Eßwaaren, Rheinwein, Rotwein und Champagner
1844 726 2925 796 Stirn drückte. Ja, haben denn alle diese Lacher nie das süße
775 739 1828 814 Mohlen haben. Einen großen Teil der Sachen soll sie ihrem
1833 776 2925 833 Glück genossen, das uns bei dem Aublick eines geliebten
786 779 1835 844 räutigam, der um den unredlichen Erwerb gewußt haben
1832 820 2921 875 Wesens völlig verstummen läßt? Was wirkte denn daran
777 815 1831 873 A, geschenkt, resp. in Gewahrsam gegeben haben. Die sehr
1836 865 2922 915 eigentlich so komisch? Ich bin überzeugt, daß in wenigen
766 849 1831 918 Iinfangreiche Beweisaufnahme genügte dem Gericht nicht,
1841 894 2922 952 Jahren das Stück, das heute noch befremdlich wirkt, auch
783 897 1831 970 in ein Urteil sprechen zu können. Die Verhandlung wuede
1712 931 1828 977 Der
1840 927 2924 990 in Hamburg denselben tiefen Eindruck auf die Hörer gemacht
762 948 1684 1004 kher zwecks weiterer Zeugenvernehmung vertagt.
755 964 1842 1049 küpermeister Koll aus Altona wurde wegen gewerbsmäßigen
1837 986 2923 1037 haben wird, den es in Berlin bereits jetzt macht, wo
1839 1012 2922 1072 durch die vielleicht in manchen Theatern einseitig über¬
768 1018 1832 1091 Puchers zu fünf Monaten Gefängnis unter Aurech¬
1839 1039 2933 1113 triebene Kulnvierung der modernen Richtung das Publikum
760 1057 1841 1122 fung von einem Monat der erlitienen Untersuchungshaft,
797 1087 1840 1157 wie zu 1500 Mk. Geldstrafe event. ferneren 100 Tagen
1836 1085 2939 1143 schon mehr duran gewöhnt ist, mit dem Dichter vor seinen
1851 1127 2927 1184 Bühnen=Menschen mitzuempfinden und arauf zu verzichten,
771 1130 1839 1195 Befängnis verurteite Ein wegen Beihülfe angeklagter Rentner
1840 1172 2896 1242 sich jede kleinste Seelenregung breit vorerzählen zu lassen. —
779 1180 1148 1256 burde freigesprochen.
1905 1208 2923 1265 Gespielt wurde gestern Abend ganz vortrefflich Am besten
1206 1202 1424 1273 S
1838 1241 2936 1298 war die Benefiziantin als Christine, die sich völlig in ihre
1009 1258 1569 1352 Thalia=Theater.
1852 1280 2930 1349 Rolle hineingelebt hatte. Herr Nhil als Fritz stand ihr
1848 1309 2934 1381 ebenbürtig zur Seite. Er suchte durch sein Spiel möglichst
799 1318 1848 1392 Benefiz für Frl. Lotte Witt. — Seit Wochen
1850 1360 2939 1419 die Lücken auszufüllen, die der Dichter bei der Charakterisierung
757 1381 1836 1460 ausberkauft! Das sind zwei Begriffe, die eigentlich not¬
1851 1402 2933 1461 gelassen. Frl. Engl als Mizi und Herr Bozen¬
766 1416 1839 1482 wendig zusammengehören. Hätte Lotte Witt die senmmentalste
1850 1438 2931 1502 bard als Freund Theodor waren von trefflicher Laune
747 1460 1842 1540 Birch=Pfeisseriade, dus verblaßteste Benedixsche Lustspiel für
1846 1467 2944 1536 und erfrischendem Humor. In kleineren Rollen thuten
758 1486 1844 1554 ihren Benefizabend gewählt, es wäre in gleicher Weise ausver¬
1847 1506 2936 1578 Frl. Stengl als Strumpfwirkersgattin und Herr Flashar
755 1538 1845 1598 kauft gewesen. Sie ist nun einmal der erklärte Liebling der
1846 1551 2943 1618 in der kleinen, aber nicht unwichtigen Rolle von Christinens
750 1573 1837 1652 Hamburger, und zwar mit vollstem Recht, was man be¬
1852 1586 2946 1661 Vater ihr möglichstes, um einen guten Erfolg des Stückes
763 1610 1847 1679 kanntlich nicht von jedem Liebling sagen kann. Aber obwohl
1841 1644 2933 1701 zu ermöglichen. Leider gelang es, wie schon erwähnt, nur
772 1646 1842 1719 sie des Beifalls ihrer zahllosen Berehrer und zuhlloseren
1850 1680 2195 1749 sehr unvollsändig.
764 1695 1851 1758 Verehrerinnen sicher sein konnte, so war es doch ein kühnes
1912 1682 2938 1771 Seinem Klatschbedürfnis konnte das Publikum noch Ge¬
772 1729 1840 1791 Wagnis, für diesen Abend gerade ein durchaus modernes,
1849 1740 2943 1807 nüge thun, da dem ersten Schauspiel noch der beliebte theatralische
769 1771 1842 1835 hier noch nie gespieltes Stück Arthur Schnitzlers
2733 1785 2928 1844 H. H.
1857 1799 2466 1868 Scherz „Theaterteufelchea“ folgte.
763 1803 1844 1880 „Liebelei“ zu wählen. Zwar-hatte das Stück in Bertin
763 1840 1852 1919 großen Antlang gefunden, ja es war eigentlich das einzige
755 1874 1848 1962 Zug= und Kassenstück gewefen, dessen sich das Berliner
1908 1881 2913 1971 Vereine und Versammlungen¬
761 1919 1853 1982 1 „Deutsche Theater“ in dieser traurigen Saison erfreuen
769 1980 1861 2030 konnte. Aber man konnte doch mit Recht zweifeln, ob der
1959 1943 2952 2026 * Der Zentralansschuß Hamburger Bürgepvereine
764 1995 1848 2070 Geschmack des hiesigen Publikums sich als der gleiche erwiesen
1859 2009 2954 2091 hielt am gestrigen Abend in Eschkes Gesellschaftshaus in der
767 2063 948 2123 würde.
1866 2060 2950 2123 Schauenburgerstraße seine zehnte allgemeine Verfämmlung ab.
822 2069 1854 2137 Und — um dies gleich vorwegzunehmen — dieser Zweifel
1862 2107 2948 2181 Nachdem der Vorsitzende Herr H. Schmidt die Anwesenden be¬
773 2121 1846 2178 war sehr berechtigt. Das Stück ist trotz vortrefflichen Spiels
767 2152 1852 2223 bei seiner gestrigen Erstaufführung, wenn man offen sein will,
1859 2153 2946 2228 grüßt hatte, erstattete der Schriftführer Herr R. J. Dührkoop den
766 2201 1855 2255 kühl abgelehnt worden. Es wurde zwar nach jedem Alt geklatscht,
1858 2201 2963 2269 Jahresbericht, aus welchem hervorging, daß der Zentralausschuß
768 2232 1853 2297 doch galt der Beifall wohl fast ausschließlich den Darstellern,
1865 2258 2960 2320 auf eine reiche Thätigkeit zurückblicken darf. Dem Schatzmeister
779 2252 1858 2335 und nur die Berehrung für Fräulein Witt, der man die
1864 2303 2956 2374 Herrn J. Gillmeister wurde nach Vorlegung des Kassenberichts
771 2311 1858 2369 Freude an dem schönen Ehrenabend nicht trüben wollte, ver¬
777 2345 1848 2418 hinderte es, daß sich die Opposition mit ihrem Zischen noch
1867 2346 2962 2414 Decharge erteilt. Zu Revisoren für das Jahr 1896/97 wählte
785 2384 1850 2453 bemerklicher machte. Aber man merkte, daß das Publikum
1855 2396 2964 2463 1 der Ausschuß die Herren Hofmann und Heitmann, welche
782 2424 1858 2489 dem Stück selbst kühl bis aus Herz hinan gegenüber stand.
1865 2459 2959 2518 auch im verflossenen Jahre als Revisoren gewaltet hatton.
778 2466 1864 2537 ja ohne rechtes Verständnis oder rechte Würdigung der
1864 2493 2964 2560 Den Schluß des Abends bildete ein mit großer Zustimmung
774 2508 1853 2581 Bühnenvorgänge. Wurde doch gerade bei einer Reihe durch¬
783 2540 1861 2610 aus ernster Stellen gelacht, bloß weil sie in ihrer Art von
1866 2537 2963 2613 aufgenommener Vortrag des Herrn Dr. H. Erdmann über
780 2585 1662 2646 der Schablone abwichen und befremdlich wirkten.
1871 2591 2944 2676 „Deutsche und Hamburger Theaterverhältnisse.“
829 2615 1866 2682 Wie in allen modernen Stücken, so ist auch in der
1872 2641 2969 2710 Auf den Inhalt dieses Vortrages, sowie auf die Einzelheiten
789 2658 1871 2733 „Liebelei“ wenig Handlung, nach den alten Begriffen also
1880 2685 2962 2762 des Jahres= und Kassenberichts werden wir in unserer nächsten
787 2692 1871 2764 auch wenig Inhalt. Fritz Lobheiner liebt die Frau eines
789 2729 1870 2810 Andern. Aber er kann dieser Liebe nicht froh werden. Die Furcht
1867 2748 2569 2820 Nummer ausführlicher zurückkommen.
792 2780 1867 2843 vor Emdeckung, die bange Ahnung kommenden Unheils be¬
2001 2772 2966 2858 Der St. Pauli=Hafenverein hielt bei Hornhardt
791 2816 1865 2889 drückt ihn und seine Geliebte schwer. Theodor Kuiser, ein
1874 2832 2961 2888 eine große Wobtthängkeits=Vorstellung zum Besten der Hinter¬
789 2858 1871 2926 verbummelter, lebensfroher Student in höheren Semestern,
1879 2858 2971 2941 bliebenen der beim Hauseinsturz auf der Uhlenhorst Ver¬
781 2882 1875 2948 sucht seinen Freund Fritz aus der verzweifelten Stmmung,
1872 2899 2964 2990 unglückten ab. Die Vorstellung war leider nicht so gut
796 2935 1870 3007 dem Schwanken zwischen fieberhafter Erregung und schwer¬
1881 2951 2961 3009 besucht, wie es der gute Zweck verdient hätte. Die Haus¬
798 2972 1874 3039 mütiger Sorge, herauszureißen. Er kennt nur ein Mittel:
1882 2977 2972 3045 kupelle unter Leitung ihres Kavellmeisters, Herrn Alfons Roehl,
786 3010 1875 3086 Zerstreuung durch höchsten Lebensgenuß. Er kann diese
1884 3025 2976 3096 brachte zu Beginn der Vorstellung die Ouvertüre zur Oper
784 3048 1873 3121 settsame Liebe seines Freundes zu der „dämonischen Frau“
1891 3059 2968 3136 „Maritana“ von Wallace und den Walzer „Lu#tige Brüber“
791 3094 1875 3154 nicht verstehen, er sagt als Dogma: „Die Weiber haben gar
1878 3098 2977 3175 von Vollstedt zu Gehör. Sodann traten verschiedene Sve¬
787 3132 1877 3197 nicht interessant, sondern nur angenehm zu sein.“ Als guter
1887 3131 2974 3215 zialitäten auf. Zuerst die Miniatür=Tänzerinnen Jeanne
790 3166 1881 3237 Psychologe sucht er die Liebe seines Freundes durch
1894 3179 2972 3248 und Marie, die einen spanischen Nationalianz ausführten.
791 3205 1878 3267 eine Liebelei zu kurieren. Deshalb hat er für den Abend,
1889 3222 2984 3274 Ihnen folgte die Truppe Allison mit ihren Leiter=Produktionen.
788 3235 1891 3313 an dem das Stück einsetzt, seine kleine Freundin Mizi und
1886 3256 2983 3332 Diese Truppe, aus fünf Herren bestehend, zeigte, in Matrosen¬
790 3282 1884 3357 deren Freundin, die junge Christine, eingeladen. Fritz war
1888 3287 2985 3378 Kostümen auftretend, eine ganz besondere Gewandheit, die
792 3312 1892 3395 schon mehrfach mit Christine zusammen, sie hatte ihm ge¬
1891 3328 2988 3407 umsomehr bei Vielen aus dem Publikum Anklang fand als die
807 3355 1887 3430 fallen, ja, er fühlte sogar, daß ihm hier vielleicht echtes
1901 3375 2986 3441 Mitglieder des St. Pauti=Hafenvereins derartige Produknonen
798 3406 1880 3473 Liebesglück erblühen könnte. Denn Christine liebt ihn heiß,
1886 3418 2986 3480 sehr gut zu würdigen wissen, da die Produktionen der
794 3441 1878 3501 leidenschaftlich, sie schenkt ihm den ganzen Schatz ihrer ersten,
1895 3452 2982 3527 Truppe an die Verrichtungen auf Schiffen erinnerten.
794 3481 1886 3542 reinen Liebe. Aber Fritz ist noch zu fest umstrickt von der
1887 3486 2990 3564 Das Schulpferd „Galgennrick“, in allen Gangarten der
803 3517 1893 3587 fündigen Liebe zu seines Nächsten Weib, um bei Christine
1885 3526 2994 3609 hohen Schule geritten vom Direktor Rentz, errregte
805 3560 1891 3626 das Glück wirklich zu finden, das ihee Liebe bieren könnte.
1898 3566 2993 3641 große Heiterkeit. Im zweiten Teile des Programmes
803 3593 1887 3660 Christine selbst fragt nicht nach der Zukunft, sie fragt nicht
1887 3609 2988 3676 trat zuerst „Auarte“, das Geheimnis von Boston auf, eine
802 3636 1889 3707 danach, ob er sie später zum Weibe nehmen werde, sie will
791 3648 3001 3758 nur eins: daß er sie jetzt liebt, daß er jetzt ihre Liebe] Illusion nach Art der „Magneta“. Nach den Gesängen der
