3392 4320
460 264 806 342 Liebele
969 272 1429 361 box 11/5
289 264 842 378 8. Sn
676 1140 1199 1253 TERTER
355 1231 1448 1290 ##sterr. behördl. konz. Unternehmen für Zeitungs-Ausschaltte
518 1287 1278 1361 Wien, I., Concordiaplatz 4.
741 1344 1072 1407 Vertretungen
338 1380 1459 1440 in Berlin, Basel, Budapest, Chicago, Cleveland, Christiania,
336 1442 1441 1486 Genf, Kopenhagen, London, Madrid, Mailand, Minnespolls,
340 1476 1450 1546 New-Vork, Paris, Rom, San Francisco, Stockholm, St. Peters¬
737 1515 1052 1570 burg, Toronto.
658 1550 1124 1630 (Quellanangabe ohne Gewähr).
323 1612 710 1680 Ausschnitt aus:
1192 1651 1462 1738 Inurnal
949 1652 1055 1751 W0
533 1718 998 1800 15. APR. 1910
340 1745 515 1831 vom:
408 1825 1587 1887 (Burgtheater.) Die Kunst, einen Darsteller beim
324 1868 1595 1942 Publikum glücklich einzuführen, ist nicht leicht. Es gehört ein
319 1926 1588 1990 besonderen Inktinkt dazu gerabe jene Rollen herauszufinden, die
332 1960 1583 2030 sich mit Wisen und Eigenart des Schauspielers decken, die seine
330 2014 1581 2076 Vorzüge ins Licht rücken und die vorhandenen Mängel schwer
318 2056 1584 2116 erkennen lassen. Das schafft den nötigen Kredit, der gegebenen¬
315 2114 1588 2175 falls für ein späteres Versagen entschuldigend in Betracht kommt.
319 2162 1609 2212 Herrn Balajthy als Fuhrn ann Henschel herauszustellen, war ein
303 2209 1602 2290 guter Einfall, Fräulein Hosteufel als Melitta schon weniger
307 2253 1591 2334 glücklich. Gestern hat nun Balajthy den alten Weiring in
1408 2304 1585 2368 freuen,
930 2309 1376 2374 man durfte sich
319 2303 901 2381 „Liebelei“ gespielt, und
601 2362 1586 2416 vorher mit dem Henschel einen so tiefen Eindruck
298 2353 530 2427 daß er
316 2404 1595 2468 hervorrief. Sein Weiring ließ gleich die Schwächen erkennen.
326 2455 1592 2509 Das Milde, Abgetönte allein ist nicht seine Sache; er braucht
304 2514 1592 2583 Aktion. Außerdem ist seine Sprechart nicht auf das fließende Wort
321 2554 1585 2616 gestimmt, besonders nicht, wenn es bloß Dialektfärbung, nicht
311 2600 1591 2672 Dialekt ist. Balajthy hat in solchen Fällen einen pastoralen Ton.
323 2648 1592 2717 Ein merkwürdiges Pathos schwingt mit. Der Weiring, der ver¬
325 2698 1586 2762 stehende, verzeihende Vater, bekam dadurch in Balajthys Dar¬
313 2742 1598 2813 stellung einen etwas unpersönlichen Charakter, keinesfalls eine
319 2792 1592 2858 Theaterwirkung. Aber er hat bereits seinen Kredit, und
314 2855 1595 2908 das ist gut; man sieht mit Erwartung seiner nächsten
330 2893 1591 2952 Rolle entgegen. Fräulein Hofteufel, für deren Begabung
321 2943 1601 3006 das Burgtheaterpublikum noch kein Urteil hat, traf
923 2986 1595 3059 ihrem Debüt, daß man
328 2994 923 3059 es nicht so gut mit
311 3029 1600 3087 ohne weiteres ihrer Schlager=Mizzi Vertrauen entgegenbringen
326 3083 1605 3152 konnte. Wer ihren Rollenkreis kennt, durfte übrigens gleich
323 3138 1591 3204 Zweifel empfinden, ob dieses g'schnappige, kecke Wiener Mädel
322 3194 1592 3250 mit dem fröhlichen Leichtsinn sich ihrer kühlen Anmut anpassen
326 3233 1593 3288 würde. Sie spielt die Schlager=Mizzi; theatertechnisch ge¬
324 3283 1599 3350 sprochen. Aber sie ist nicht die Schlager=Mizzi. Ihr Uebermut
319 3324 1592 3397 hat nichts Wienerisches und ihr Frohsinn nichts Intensives; das
321 3376 1600 3450 quillt aus dem Verstand. Soweit es auf das rein Darstellerische
319 3436 1601 3487 ankommt, gelingt ihr vieles sehr hübsch. Die übrigen Rollen
321 3470 1588 3536 waren wie früher besetzt: ausgezeichnet Herr Treßler, ein bißchen
326 3532 1597 3588 zu absichtlich Herr Korff, aber sehr menschlich, und stark tränen¬
325 3579 1169 3665 selig, wenn-auch wirksam, Frau Medelsky.
2669 1477 3006 1577 Telephen 12.801.
2117 1632 2751 1735 „ODSERTER
1891 1718 3013 1793 1. österr. behördl. konz. Unternehmen für Zeitungs-Ausschnitte
2088 1777 2845 1843 Wier, I., Concordiaplatz 4.
2300 1822 2622 1891 Vertretungen
1910 1872 3021 1927 in Berlin, Basel, Budapest, Chicago, Cleveland, Christiania,
1909 1921 3019 1963 Genf, Kopenhagen, London, Madrid, Mailand, Minneapolis,
1899 1967 3019 2028 New-Vork, Paris, Rom, San Francisco, Stockholm, St. Peters¬
2305 2001 2610 2056 burg, Toronto.
2237 2036 2696 2113 (Quellenangabe ohne Dewän).
1900 2084 2268 2180 Ausschnitt aus:
2327 2154 3034 2271 terr Vnlks Zaituung.
2078 2145 2333 2273 — 0
1908 2203 2075 2316 vons?
2078 2306 2985 2433 Theater und Kunst.
2072 2425 3038 2485 Burgtheater. In Artur Schnitzlers trefflichem
1986 2445 3027 2552 Schauspiel „Liebelei“ spielte gesternBalajthy
2008 2521 3025 2572 zum erstenmal den alten Musiker Weiring. Für den
2026 2559 3028 2622 schlichten, hingebenden Vater, der in seiner warmherzigen
2014 2603 3022 2660 Liebe alles begreift und verzeiht, fand der Künstler natür¬
2028 2642 3024 2708 liche Töne und rührendste Ausdrucksweise, die in der
2019 2681 3016 2758 großen Aussprache mit der Tochter zu tragischer Höhe
2021 2738 3024 2776 emporstieg. Hier hatte er in Frau Medelsky eine
2021 2769 3024 2838 Partnerin, die den großen Stimmungsgehalt der Szene
2021 2816 3014 2867 mit edler Leidenschaft steigerte. Der Verzweislungsausbruch
2021 2862 3022 2934 Christinens im letzten Akt machte den erschütterndsten
2017 2908 3013 2959 Eindruck und riß das Publikum zu begeisterter Anerkennung
1999 2950 3023 3016 hin. Fräulein Hofteufel spielte, ebenfalls zum ersten¬
2002 3000 3011 3056 mal, die Schlager Mizzi. In der Ausmalung der Züge
2009 3036 3015 3102 des leichtlebigen Wiener Mädels mit der sorglosen Froh¬
2013 3082 3014 3140 natur fand sie alle Farben auf ihrer Palette und brachte
2018 3129 3011 3184 einen frischen, temperament ollen Zug in die heiteren
2005 3145 3027 3248 Szenen des ersten Aktes. Das Stück machte wieder tiefen
2010 3198 3021 3283 Eindruck und das zahlreiche Publikum zeigte sich mächtig
2018 3255 3025 3340 ergrissen. Vorher gab man Heyses Einzkter „Die Tochter
1995 3294 2320 3367 der Semkamis“.
