3436 4256
503 171 667 249 iebe
292 163 1417 287 5. L.ei box 12/7
919 1904 1196 1992 SfI3:979
767 2014 1488 2101 Neue Hambwger Zeitung
971 2084 1282 2166 Hamburg.
569 2182 1547 2269 Deutsches Schauspielhaus. Liebelei von Arthur
424 2203 1531 2293 Schnitzler. Ein#wirksamer Ausschnitt echten Lebens, hinter
482 2257 1533 2347 em schönes und reifes Verstehen des menschlichen Da¬
432 2301 1532 2382 stins und seiner Abhängigkeiten steht, behauptet seine Be¬
436 2348 1527 2420 rhchtigung auf der Bühne auch heute noch; zumal auf einer
434 2376 1534 2463 Bühne mit so ausgesprochener Schnitzler=Tradition. Nehmen
422 2420 1524 2492 wir die Aufführung also als eine unproblematische, aber ge¬
424 2470 1542 2542 diegene Gabe hin; zumal sie durch Dr. Egei als Spielle ter
428 2501 1524 2590 in ansprechender Form geboten wurde Trude Wesselh als
427 2547 1531 2611 Christine war in der jungfräulichen Zurückhaltung und der
428 2589 1528 2669 Unbedingtheit ihrer Hingabe gleich reizvoll; als ausgezeich¬
419 2636 1519 2708 nete Wiener Typen seien Langs Theodor und Mar ha Hach¬
417 2681 1525 2748 mann=Zipsers Frau Binder hervorgehoben. Clla Bauer
414 2716 1530 2772 geriet bei der Mizzi Schlager nahe an die Grenze des Natür¬
418 2749 1531 2822 lichen, ohne sie jedoch zu überschreiten. Wagner wendet an
417 2776 1517 2867 den Papa Violinspieler etwas reichlich Wehmut= und Geb¬
419 2817 1518 2907 hardt spielt den Fritz genz als umflorter Jüngling. Viel¬
417 2864 1532 2950 leicht wäre hier ein wenig modernere Auffassung nicht vom¬
407 2912 1517 2981 Uebel. Nhils kurz Auftreten als Herr war, neben dem
405 2950 1518 3028 Zusammenbruch Chustines, die stärkste Wiekung des Abends,
408 2981 1532 3070 der bon den Zuschapern höchst beifällig ausgenommen wurden
1247 3051 1501 3122 H. WIF
2119 332 2968 423 Padttheater Leitmeritz. Z
1985 403 2984 494 „Liebelei“, Schauspiel in 3 Alten von Arthur
1886 477 2980 540 Schnitzler. — Der Autor ist uns kein Fremde: mehr.
1893 519 2993 579 Seinen Entwilllungsgang haben cir anläßlich der Auf¬
1886 569 2989 643 führung von „Professor Bernhardi“ eingehend betrach¬
1884 621 2979 672 tet. Den Namen vom „lieben, süßen Mädel“ da.
1889 671 2991 732 Einst von Wolzogen geprägt. Um bie literarische
1881 720 2983 797 Verwertung dieses Frauentypus, der nur auf dem
1879 765 2979 836 Boden der ewig lachenden und ewig frivolen Phäaken¬
1887 810 2985 887 stadt Wien erblühen konnte, haben sich eine ganze Reihe
1888 868 2977 932 Wiener Autoren mit mehr oder minder Glück und
1879 916 2993 966 Geschick bemüht. Ihn in seiner ganzen lebensdurstigen
1888 951 2990 1031 Beden'e losigkeit, köstlichen Süßigkeit, humorvol¬
1878 1016 2982 1056 len Natürlichkeit, weichen Sentimentalität und tra¬
1889 1060 2987 1110 gischen Tiefe zu erschöpfen, blieb Schnitzler vorbe¬
1881 1108 2984 1179 halten. Als Endglieder dieser Gefühlskette häßt
1881 1153 2990 1226 der Autor in seinen Schauspiel, die Duellfrage
1883 1206 2996 1271 streifend, zwei gegensätzliche Haupttypen des süßen
1881 1259 2989 1304 Mödels sich bis zu den äußersten Folgerungen ihrer
1880 1301 2981 1374 Veranlagung ausleben: die eine, Mizzi Schla¬
1883 1356 2977 1420 ger deren gesunde, kräftige Natur den ersten An¬
1885 1410 2981 1482 hieb überstanden hat und die Männer kennt, lenkt
1878 1457 2985 1512 mit starkem Vernunftseinschlag ihre Liebelei — wie
1882 1499 2995 1578 manche frühere — auf das gewohnte Geleise mit
1882 1562 2980 1617 dem gewohnten Ende. Die sentimentale Liebelei
1881 1591 2989 1671 der anderei, Christine Weiring, wächst zu einer
1877 1647 2978 1702 tiesen Neigung aus und findet in Fritz Lobhei¬
1883 1698 2987 1766 mer herrliche, aber zu späte Gegenliebe: in dem
1876 1749 2982 1805 Augenblicke, wo Fritz den Wert seines Mädchens
1879 1805 2980 1867 erkeint, zwingt ihn ein betrogener Gatte, die ge¬
1881 1846 2989 1913 sellschaftlichen Konsequenzen einer innerlich über¬
1883 1901 2982 1962 wunde en Schuld im Zweikampfe zu ziehen. Lob¬
1878 1939 2973 2008 heimers Fall vernichtet auch Christinens Leben. —
1879 2006 2979 2062 Frl. Sarolta verlieh ihrer Christine anfangs zu
1886 2040 2996 2113 schwerblütige, zu grüblerische Züge. Sie verkennt
1880 2094 2976 2156 damit etwas die moralisierende Tendenz des Au¬
1872 2144 2985 2196 tors und verzeichet sich in der Charaksterisierung
1874 2195 2975 2253 der trotz Schwärmerei und trotz frommen Selbst¬
1873 2247 2985 2307 betrug in dei Szenen des 1. Akles recht lebhaften
1868 2299 2986 2359 und recht glücklichen Christine. Auf der Seele ihrer
1880 2341 2974 2405 Christine liegt anfänglich zu viel Reif, zu große
1875 2384 2985 2457 Härte. Mehr an der Oberfläche schwimmende, we¬
1869 2446 2977 2502 niger lerbe Sentimentalität ist hier notwendig. Das
1877 2489 2980 2539 Wesen der Liebelei muß breiter, augenfälliger er¬
1874 2548 2984 2599 poniert werden, das Hinübergleiten aus der vor¬
1875 2585 2979 2637 aussetzungslosen Liebelei, die sich zu nichts ver¬
1871 2639 2974 2698 pflichtet, zur tieferen, den Konflikt heraufführenden
1867 2687 2973 2746 Neigung muß scharf ins Auge fallen. In der Tra¬
1863 2740 2980 2794 gödie ihrer Liebe findet dann Frl. Sarolta rasch
1872 2784 2985 2829 altvertraute Wege dramotischer Kraft. Sie wächst
1867 2831 2976 2901 von Szene zu Sdene in der Steigerung ihrer Leiden¬
1870 2873 2977 2935 schaft, ihres Schmer#es, ihrer Verzweiflung zu pa¬
1862 2933 2979 2997 ckender Wirkung und beschließt ihre Rolle mit einem
1862 2980 2982 3024 vollen, von Blun enspenden begleiteten Erfolg. Die
1862 3029 2975 3096 Rolle der Mizzi Schlager ist mit Frl. Hütter vor¬
1857 3081 2974 3136 trefflich besetzt. Von der Operette kommend, bringt
1871 3133 2970 3178 sie alles mit, was den Gegensatz zu Christine ver¬
1861 3169 2973 3220 körpert: Frohsinn, Leichtsinn, quecksilbernes Tem¬
1866 3222 2974 3294 perament, teuelose Freude am Lebensgenuß,
1860 3278 2983 3337 Kenntnis und lachende Verachtung der Männer.
1866 3321 2975 3370 Sie ist ganz vom Schlage des Wiener Mädels, suß
1857 3371 2968 3431 und schwer, findet aber auch innige Laute der
1861 3422 2969 3468 Freundschaft. Dabei ist sie die einzige, die den
1866 3472 2970 3529 Wiener Dialekt beherrscht. Herr Reinhold bemüht
1869 3525 2959 3575 sich außerordentlich — und mit Erfolg, — von der
1852 3567 2963 3629 Deklamation abzukommen, sein Phatos klingt echter,
1854 3625 2964 3678 wärmer, inverlicher, überzeugender, das innere Er¬
1857 3661 2968 3713 lebnis beginnt sich wechselvoller in seinem Mienenspiel
1856 3719 2966 3775 zu spiegeln. Nur müßte sein Fritz anfangs weniger
1865 3764 2971 3827 ehrbar und keiß, etwas frivoler und leichtflüssiger
1866 3801 2967 3863 stigziert sein und später die Prädestination des To¬
1856 3856 2955 3924 des sich ausdrucksvoller, schwerer auf Haltung und
1862 3911 2959 3978 Miere legen. Herr „Janko vertrift mit ge¬
1858 3942 2957 4010 schmeidiger Eleganz und vornehmer Lässigkeit die
1854 4007 2971 4051 Wiener jeneusse doree von 1890. Bemerkenswert
1855 4055 2951 4115 ist seine feinerfaßte Kredenzszene. Herr Renner
1858 4102 2975 4156 als Hans Weiring ist ein erquickender, alter Musi¬
