3484 4256
270 160 802 258 5. Liebelei
966 173 1398 266 box 12/2
435 222 812 289 —      a u un
1162 1048 1530 1158 Telephon 12.801.
594 1206 1340 1312 „OSSENVEN
498 1278 1537 1374 „sterr. beh. konz. Unternehmen für Zeitungs¬
644 1342 1328 1399 Ausschnitte und Bibliographie.
628 1390 1397 1483 Wien, I., Concordinplatz 4.
842 1467 1165 1537 Vertretungen
441 1505 1555 1580 in Berlin, Brüssel, Budapest, Chicago, Cleveland, Christiania,
454 1562 1543 1618 Genf, Kopenhagen, London, Madrid, Mailand, Minneapolis,
454 1600 1555 1662 New-Vork, Paris, Rom, San Francisco, Stockholm, St. Peters¬
855 1643 1154 1697 burg, Toronto.
803 1682 1214 1756 uselimanschwohne Geyhr,
459 1730 1567 1820 Ausschntt auseAAu
456 1798 832 1907 2#. 1. 61.
455 1876 643 1958 vom 1
856 1933 1629 2066 SeZ
425 2107 1600 2192 „Liebelei. h. In Arthur Schnitzlers bramatischen Arbeiten
350 2175 1604 2234 spiegelt sich ein starkes Stimmungselement und eine Energie¬
351 2209 1614 2273 osigkelt wieder, jedoch weiß er seine Sachen, die meist das
342 2268 1602 2326 KThema der Wiener Maitressenwirtschaft behandeln, gut zusam¬
317 2319 1599 2377 siinen zu halten und hat mit seinen Stücken, namentlich mit
353 2361 1597 2426 seiner „Liebelei“ Erfolg gehabt. Unser Theater gab sich red¬
357 2405 1604 2470 lich Mühe, die Liebelei in redlicher Weise zu interpretieren
362 2457 1608 2523 und es ist ihm zum größeren Teile gelungen. Fräulein Lina
350 2516 1604 2564 Habermann, die das verliebte und betrogene Wiener Mädel
356 2564 1610 2624 eab machte in der einen und andern Szene mit ihrer Zurück¬
355 2602 1607 2664 halkung einen starken Eindruck, ließ aber in den Momenten
349 2647 1608 2692 höchsten Affektes die Mängel der erst werdenden und noch nicht
355 2689 1605 2769 vollendeten Künstlerinn erkennen, indem sie beim Aeußeren
350 2744 1609 2803 stecken blieb und noch zu wenig aus dem Inneren, Tiefen
351 2796 1608 2860 schöpfte. Ihr Vater, Karl Körner, war überzeugungsvoller
367 2837 1608 2909 und schuf in Maske und Spiel eine vorzügliche Figur. Herr
360 2901 1601 2952 Hr. Egon Lindenau gab sich redlich Mühe, aus seiner unbe¬
353 2944 1603 3025 stimmten Rolle etwas zu machen und sein Bemühen verdient
360 2991 656 3053 Anerkennung.
452 3021 1609 3093 In „Erster Klasse“ macht sich Ludwig Thoma in
356 3098 1610 3151 seiner ewigen Simplizisssimus=Laune über die bayerischen Zu¬
363 3149 1614 3203 stände lustig. Die Szene war fein arrangiert und verdient
363 3178 1607 3238 alles Lob. Der Einakter ermüdet aber auf die Länge, nament¬
354 3238 1594 3292 lich wenn die Hauptrollen den Dialekt der Bayern mit einem
361 3296 1609 3348 konstanten übermäßigen Lachen und Schreien malträtieren, daß
358 3338 1605 3377 einem die besten Witze entgehen und man den Faden nur mit
335 3379 1360 3458 diesem oder jenem Schlagwort weitetspinnen kann.
2545 998 2937 1094 Telephon 12.801.
1992 1133 2755 1242 „OSSERTEN
1832 1229 2941 1294 1. österr. beh. konz. Unternehmen für Zeitungs¬
2051 1283 2737 1335 Ausschnitte und Bibliographie.
2015 1320 2805 1409 Wien, I., Concordiaplats 4.
2242 1398 2580 1464 Vertretungen
1849 1438 2950 1512 in Berlin, Brüssel, Budapest, Chicago, Cleveland, Christiansa,
1860 1509 2951 1541 Genf, Kopenhagen, London, Madrid, Mailand, Minneapolis,
1847 1526 2944 1583 New-Vork, Paris, Rom, San Francisco, Stockholm, St. Paters¬
2251 1566 2560 1622 burg, Toronto.
2202 1596 2612 1668 (Quellenangebe ohne Gewähr.)
1852 1657 2245 1751 Ausschnitt aus:
2278 1693 2895 1815 -Bielitz Bialaer Auzeiger
1877 1756 2518 1852 vom: X 16. FES. 1911
1915 1866 2457 1959 Seine 6. Nl. 2205.
2010 1961 2810 2073 Cheater und Kunst.
2299 2072 2558 2157 Liebelei.
1966 2083 2987 2215 Schnitzlers) Stück ist mit den Jahren schwächer
1871 2166 2995 2259 und kamgwetrger geworden. Anatol, will sagen: Fritz
1888 2219 2991 2331 Lobheimer, ist heute unmoderner als Werther. Der
1883 2270 2994 2391 Duft des Stückes ist heute noch zart und süß: aber
1889 2322 3000 2424 er hat einen Moderbeigeschmack. Herr Gabel zeichneten
1884 2366 2994 2476 den Fritz mit frischeren, lebhafteren Farben als der
1899 2405 3001 2522 Dichter, was der Gestalt nur zugute kam. Herr Loibner
1895 2459 3003 2578 gab den Theodor Kaiser bravourös: als ob er sich“
1894 2515 3003 2633 selbst darstellen würde. Frl. Simon fand als Christine
1894 2558 3020 2678 Töne ergreifender Tragik. Mit Anerkennung seien die
1904 2609 3016 2723 Damen v. Raday und Karoly, die Herren York und
1911 2702 2302 2781 Hartmuth genannt.
2137 2703 2775 2826 „Madame Sans Gene.“
2011 2787 3026 2887 Frl. Simon brachte als Madame Sans Gene)
1911 2838 3015 2940 alle ihre Vorzüge multipliziert zum Ausdruck: Behen¬
1919 2888 3021 3005 digkeit des Geistes, sentimentale Frivolität, Esprit.
1920 2937 3038 3043 Das Publikum benützte den Anlaß, der Dame zu ihrem
1928 2973 3032 3092 Benefiz die besten Sympathien auszudrücken. Die
1921 3048 3038 3144 Herren Robert York, Dir. Rübsam, Eduard Loibner,
1920 3101 2990 3197 Leopold Gabel, Paul Hartmuth boten Vorzügliches.
2018 3140 3040 3250 Benefiz Twerdy. Zum Benefiz des Herrn¬
2123 3189 3039 3296 ird Mittwoch die Posse „Robert und Ber¬
2374 3242 3042 3346 münschen dem Komiker, der ja
2759 3289 3056 3378 hiesigen Pu¬
