3436 4224
308 148 714 225 Liebelei
798 141 1295 253 box 13/8
166 144 759 281 5. Mchutcuch
2747 1202 2881 1272 ———
2133 1218 2252 1288 S
852 1319 2912 1406 mehr als eine Christine in London — wer weiß? Aber hintereinander gespielt werden und einem anderen gehalt¬
190 1354 852 1443 sich „Liebelei“ auf einer englischen
852 1348 2910 1444 eine typische Gestalt ist sie gewiß nicht. Bei euch hat sie reicheren Stücke den Weg versperren würde, könnte mich
862 1402 2907 1505 tiefes Mitgefühl erregt, eine echte tragische Gestalt in der, dazu bestimmen, dem witzigen Autor von „Comtesse
161 1426 861 1528 en das Betrübende an dem Ver¬
1882 1451 2916 1533 Guckerl“ die bessere Bühne zu verweigern und den
862 1472 1885 1552 anspruchslosesten Form von der Welt; bei uns würde sie,
226 1497 858 1568 nicht sagen, daß eure jungen
1877 1501 2913 1568 Director um hunderttausend Gulden zu bringen. Solche
858 1517 1882 1598 sobald der junge Mann an ihrer Seite erscheint, Vor¬
172 1537 847 1607 Talent besitzen als die unserigen, durch¬
1881 1544 2912 1629 kritische Scrupel sind bei euch Glücklichen nicht am Platze.
869 1567 1872 1639 stellungen von knallenden Champagnerpfropfen und anderen
184 1591 867 1667 terarische Jugend steht, soweit ich aus
1888 1594 2919 1666 Man kann mit dem ruhigsten Gewissen meinetwegen
857 1616 1875 1702 überlauten Aeußerungen von Lebensfreude erwecken. Mit
188 1636 863 1709 kann, den Berliner und Wiener
1887 1637 2921 1721 sechsmal in der Woche „Comtesse Guckerl“ spielen, wenn
863 1662 1881 1728 anderen Worten: Christine auf dem Boden der höheren
178 1675 861 1751 Können nicht nach, Und doch ist ein
1883 1691 2914 1768 man in der Lage ist, das siebente Mal „Das vierte
864 1711 1882 1774 Gesellschaftsschichten ist unmöglich. Christine als Tochter
183 1722 856 1805 lei“ in englischer Sprache nicht zu
1895 1747 2259 1817 Gebot“ zu bieten“
866 1755 1875 1838 des Volkes ist in unserer Phantasie nicht von ordinärer,
172 1777 873 1866 länder könnte es schreiben, kein Eng¬
1973 1759 2915 1844 „Wenn Sie das gemischte Revertoire — ich glaube,
873 1810 1468 1894 vulgärer Genußsucht zu treunen.“
198 1817 870 1897 aufführen lassen, kein. Durchschnitts¬
1884 1816 2924 1900 das ist der technische Ausdruck — für ein solches Glück
968 1832 1882 1935 „Was haben Sie sonst an Theaterstücken in Wien
187 1877 877 1952 vom Herzen bei einer Aufführung
1893 1874 2924 1951 halten, warum versuchen Sie es nicht, das Londoner
1015 1905 1064 1947 I
869 1905 1050 1991 gesehen??“
1883 1919 2637 1997 Theater in diesem Sinne zu reformiren?“
956 1939 1882 2005 „Das „Deutsche Volkstheater“, dessen Kräfte mir
201 1942 870 2039 nicht, daß der Gegenstand selbst
1972 1970 2922 2031 Archer sah mich bei dieser Frage sehr wohlwollend
872 1992 1898 2056 zum Theile von ihrem Londoner Gastspiele her bekannt
170 1997 862 2081 anderen Worten — nehmen Sie mir's
1897 2013 2926 2076 an; seine Gedanken, ins Wienerische übertragen, hätten
880 2035 1887 2101 waren, fand ich ebenso lehrreich — für meine speciellen
198 2048 858 2128 die Thatsache der englischen Prüderie
1890 2055 2934 2128 gelautet: „Sie ahnungsvoller Engel, Sie!“ Aber er
878 2083 1891 2161 Zwecke — als amufant. Ich sah „Das vierte Gebot“ und
173 2098 871 2183 Ehen von jeder Kunstübung und Kunst¬
1902 2116 2485 2189 drückte sich viel literarischer aus.
880 2118 1894 2197 „Comtesse Gückerl“, eine zufällige Zusammenstellung, die
177 2149 864 2218 kommen ausreicht, um die Unmöglich¬
1963 2136 2927 2230 „Eben diese Frage habe ich auf meiner Reise, sowohl
860 2169 1893 2236 wieder meinen allersündigsten Neid erweckte. Das roh¬
165 2197 628 2271 Stückes zu begründen?“
1899 2196 2487 2275 in Berlin, wie in Wien, studirt.“
230 2223 1893 2304 auch der Stoff macht „Liebelei“ zu gezimmerte, fast kunstlos derbe, aber überaus mächtige
1902 2262 1969 2316 #
1977 2236 2931 2326 „Das ist sehr interessant. Und sind Sie mit dem
877 2266 1900 2328 Schauspiel mit seiner revolutionären Tendenz an dem
174 2284 881 2370 ren Stück, aber nicht weil wir prüder
1905 2295 2666 2383 Ergebnisse Ihrer Studienreise zufrieden?“
884 2314 1907 2380 einen, die leichte, lustige, flotte, von keinerlei Gehalt be¬
174 2334 879 2421 ern weil unser Leben eine Gestalt wie
1987 2328 2939 2396 „Im Großen und Ganzen ja. Ich habe seit Jahr,
880 2365 1893 2430 schwerte Komödie am anderen Abend — es ist ja ein
175 2382 876 2461 erzeugt und nicht verträgt. Die
1901 2384 2942 2455 und Tag die ökonomische Seite des Theaterwesens im
875 2402 1891 2478 wahrer Hochaenuß, an einem und demselben Theater in
172 2426 880 2507 nter unseren Zuschauern würden sagen:
1900 2427 2928 2492 Auge, weil ich das Gefühl habe, daß jede könstlerssche
879 2453 1893 2523 derselben W# zwei so vortreffliche Stücke sehen zu
200 2475 880 2547 junge Ding scheint nach dem Leben
1912 2475 2938 2550 Reform des englischen Dramas unmöglich ist, solenge
876 2509 1899 2573 können! Was ist der Director des Deutschen Volks¬
202 2521 872 2604 welche feltsame, thörichte Art, diese
1911 2525 2950 2591 nicht die ökonomischen Grundbedingungen andere werden
866 2545 1902 2605 #.theaters für ein beneidenswerther Mann! Wenn mir
1903 2570 2931 2641 von diesem Gesichtspunkte aus habe ich die Berliner und
161 2576 499 2657 gaus dem Volke!“
882 2596 1897 2663 der Director eines besseren Londoner Theaters ein
176 2583 871 2684 sen da einen sehr wesentlichen Punkt, in
1906 2633 2927 2689 Wiener Theuter, das Berliner und Wiener Publicum,
886 2629 1902 2705 Lustspiel vom Kaliber der „Comtesse Guckerl“ vor¬
174 2668 869 2728 on Londoner Art unterscheidet. Meinen
1899 2676 2629 2748 beobachtet und meine Schlüsse gezogen!“
890 2675 1901 2755 legte und mich um meine Wohlmeinung befragte,
165 2708 888 2795 gebe wie die Christinens einem Londoner
1981 2689 2936 2782 „Sie machen mich sehr neugierig. Hoffentlich werden
864 2727 1905 2816 so würde ich aus einer Verlegenheit in die andere ge¬
174 2758 422 2836 huthen ist?“
1915 2743 2755 2844 wir bald die Früchte Ihrer Studienreise sehen.“
867 2780 1898 2849 rathen. Ich würde dem Londoner Theaterpublicum von
1992 2815 2369 2884 „All in good time.“
172 2816 288 2877 egte.
888 2823 1907 2891 Herzen gerne die harmlose Fröhlichkeit und dem Bühnen¬
188 2827 884 2916 ist so reich, so unendlich mannigfaltig,
2001 2852 2447 2937 London, im October.
172 2876 1912 2962 ler ist, apodiktisch zu sagen: solche Dinge leiter den sicheren Cassenerfolg vergönnen; aber der Ge¬
2510 2881 2910 2983 Leon Kellner.
187 2902 1928 3021 kommen nicht vor. Vielleicht gibt es donke, daß das Lustspiel wahrscheinlich-dreihundert Abende
