3436 4224
483 157 875 243 Liebelei
311 166 1428 283 5. box 12/1
2335 55 2681 152 S
1950 141 2339 237 Ausschnitt aus
2346 155 2830 272 as Theater, Berlin
1947 257 2114 331 vom:
2217 255 2799 385 LbReR 1911
1884 375 2713 491 Kapellmeiltermulik
1891 486 2764 577 SLIEBELEIx von Franz Neumann
1897 562 3098 654 Libretto von Arthur Schnitzler 7 Komische Oper, Berlin
1975 638 3217 705 Zur lelben Zeit, da die „Königskindere Humperdincks
1887 700 3226 768 dem neuesten Ausweis der deutlchen Bühnenltatiltik zufolge
1896 752 3223 820 kaum ein Dutzend Aufführungen im ganzen Reich erzielten,
1894 820 3242 869 öffnen lich der gröblten mulikalilchen Gelchmacksverirrung
1890 873 3229 930 und Stilwidrigkeit, wie lie der Frankfurter Theaterkapell¬
1900 931 3229 988 meilter Franz Neumann in leiner (leiner?) „Liebeleie
1890 987 3236 1046 betätigt, die Pforten von liebzehn Bühnen. Während lich
1893 1055 3232 1122 jeder nur halbwegs künftlerlich empfindende Menich
1900 1088 3241 1177 schaudernd abwendet von dielem zulammengeborgten
1886 1165 3240 1240 Klingklang, mit dem ein kalt berechnender Routinier die
1889 1218 3230 1279 übellten Initinkte des Publikums kitzelt, klatichen ihm alle
1899 1278 3236 1340 Die Rürmilchen Beifall, die aus Verlehen dem Komponilten
1896 1414 3242 1467 kein Zweifel darüber lein, daß lediglich die ergreifende
1894 1459 3237 1523 Handlung Schnitzlers auf die Zuschauer wirkt. Selblt die
1886 1511 3239 1570 Kitichmulik eines Franz Neumann kann diele Wirkung
1890 1569 2430 1649 nicht beeinträchtigen.
1987 1640 3244 1707 Es war Gregors Ablchied von leiner Bühne. Von
1894 1702 3231 1758 Berlin überhaupt. Zum Ablchiednehmen jult nicht das
1901 1752 3237 1816 rechte Werk. So verlief die Trennung trotz Beifall
1893 1815 3230 1879 und Hervorruf ein wenig flüchtig. Keinesfalls wurde
1889 1887 3248 1942 die Intenlität der Gefühle erreicht, wie lie etwa bei
1896 1935 3236 2008 lcheidenden Tenören oder angebeteten Helden zu kon¬
2008 2046 3067 2124 Itatieren ist. Da überdies die Ausstattung
2017 2096 3059 2160 der zLiebeleig ziemlich feltstehtund ohne
2021 2153 3060 2219 das Riliko bewußter Aufdringlichkeit nicht
2024 2219 3059 2289 welentlich geändert werden kann, lo blieb
2017 2272 3057 2363 für den Regilleur Gregorf nicht viel mehr
2024 2330 3054 2407 übrig, als für ein lauber abgerundetes Bühnen¬
2012 2389 3067 2457 bild und für anmutige Bewegungen Sorge
2013 2468 2277 2527 zu tragen.
2080 2499 3070 2581 Die Künitler gaben lich redlich Mühe, in
2013 2559 3070 2641 der Darltellung die Vorlage (das Schaulpiel)
2020 2624 3067 2705 zu erreichen. Keinem und Keiner gelang es.
2017 2681 3059 2758 Aus dieler theatralilchen Verlogenheit, in die
2020 2758 3070 2812 das feine Schnitzleriche Schaulpiel durch die
2033 2799 3073 2871 Veroperung geraten ist, gibt es kein Ent¬
2024 2862 3055 2941 rinnen. So wurde jede Gelte zu einer Un¬
2023 2915 3077 2993 wahrheit, jedes Wort zu einer Mtililtilchen
2028 2992 3063 3053 Entgleilung. Fräulein Labia, stark tremo¬
2020 3053 3060 3111 lierend wie immer, fiel völlig ins Sentimen¬
2024 3106 3065 3170 tale, entichädigte aber andrerleits doch durch
2026 3159 3060 3230 glanzvolle Töne in der Höhenlage. Herr
2031 3227 3075 3291 Nadolovitch kam weder Rtimmlich noch
2033 3271 3072 3334 darltellerilch über ein anltändiges Mittelmaß
2031 3328 3060 3403 hinaus. Nur Frau Seebold charakterilierte
2021 3400 3073 3470 ihre Klatichhafe mit Glück. Auch Ferr
2036 3463 3081 3523 Armiter, der den *Herrne gab, wirkte gut
2037 3508 3075 3570 in Spiel und Erscheinung, wenn auch nur für
2029 3570 2614 3642 einige knappe Minuten.
2106 3635 3069 3709 Vortrefflich war das Orchelter unter Herrn
2045 3680 3058 3750 v. Reznicek, der die ganz virtuole Instru¬
2042 3749 3076 3820 mentation des Komponilten glänzend zur
2040 3816 3059 3878 Geltung brachte. Schade, daß Franz Neu¬
2034 3863 3084 3928 mann leine zweifellos Itarke Theaterbegabung
2034 3919 3080 3990 und lein ausgelprochen mulikdramatilches
2033 3991 3067 4060 Talent lo Tkrupellos und unkünltlerilch ver¬
2629 4037 3093 4118 Paul Zfchorlich
2042 4044 2331 4112 wendet hat.
