3392 4320
393 254 759 338 Liebelej
234 246 1376 383 5. Lesce1 box 11/3
1121 1114 1625 1192 ##u ru
691 1137 999 1204 zur semt. O.
1853 1132 3325 1235 srage kenn das ungarische P#
682 1146 1773 1238 K
693 1206 3338 1290 und Töchter von sieben Zacken aufwärts die Näschen.] Schmerz hysterisch. Der künstlerisch tastende Vor= Gutdünken entscheiden, denn
694 1258 3342 1329 Bourgeoismoral steckt am tiefsten im Blaublut. trag eines Schumann'schen Liedes trug der Debu=dig freie Hand, in der Milit#
691 1333 3336 1379 Doch was hilft aller Poctenmuth! Viel weiter sind tantin den lautesten Beifall ein. Uns klang die ständigung mit der Krone an
698 1380 3340 1429 wir auch heute nicht, und die Güte des alten leise Wehmuth eines Sanges von Brahms durch lich des Maßes der national
701 1388 3346 1495 Secondegeigers ist noch immer Zukunftsweisheit. die Seele: O, wüßt' ich doch den Weg zurück! — Grund welcher das Parlamen
819 1441 3333 1546 Ein langer Abschied im Marlittenheim. Zu Die Schlager=Mizi der Frau Vizväri stand der gent erhöhen wird. Aber auf
1734 1504 3339 1565 Wahrhaftigkeit um einige Routine näher. Ihr Ueber= Reihenfolge wird bei uns Ge
700 1499 1734 1575 weich, zu lang. Fritz schützt eine Reise vor. Mit
1736 1540 3344 1613 muth klang fast überzeugend, ihre Herzensgüte un= die Bankfrage gelöst werden;
695 1558 1741 1624 bangen, schluchzenden Ahnungen fällt Christine dem
1739 1590 3334 1662 fein, aber ehrlich. Aber die Liebenswürdigkeit der der Weg für die Wahlre
702 1614 1736 1674 Liebsten zum letzten Male um den Hals. Fritz fällt im
2758 1632 3331 1716 kann auch die Militärfrage
1732 1649 2765 1713 Figur war erlogen, wie mit Bleizucker übertüncht.
705 1659 1729 1717 Duell. Vergebens sucht der greise Vater seinem Kind
1734 1675 3329 1763 Den Fritz gab Herr Méßäros mit der rührenden werden, eventuell sogar auch
698 1711 1735 1771 die Wahrheit zu verheimlichen. Das arme Mädel er¬
1737 1737 3340 1810 Hilflosigkeit eines Juristen, der in einem Gelegenheits=muß die Bankfrage in kein
701 1758 1732 1824 preßt dem Freunde des Liebsten die vernichtende
1737 1787 3335 1863 stück den Helden mimt. Herr Dezsö hatte das leichteste lassenden Weise geregelt wer
710 1809 1737 1883 Gewißheit, und wie ein blutiger, höhnender Dolch¬
1737 1822 3349 1900 Stück, er brauchte nur abgespielte Register zu ziehen der Schwerpunkt der Situati#
711 1863 1739 1926 stoß fährt ihr der Trost in das junge Herz, Fritz
1745 1877 3343 1958 Aber auf die Dauer hält das nicht vor. Die ge=ständige Bank kann dieses
715 1904 1735 1968 habe auf seiner letzten Fahrt auch von ihr gesprochen.
1744 1923 3347 2005 winnendste Burschikosität wird monoton, wenn sie andere Frage mehr entscheiden
702 1956 1732 2020 Auchzvon ihr! Auch! Wie von einer Blume, einem
2758 1974 3348 2049 Minister, selbst die der Una
1745 1987 2771 2050 nur sich zu geben hat. Für die Rolle des alten
710 2005 1740 2072 entliehenen Buch, einer Kartenschuld. Aufjammernd
1742 2017 3351 2110 Weiring war die Urkraft des „Meisters“ eingestellt mühen sollten, die Mitglieder
712 2054 1745 2132 vor unsäglichem Schmerz stürzt sie aus dem Zimmer,
2759 2088 3345 2148 giebigkeit zu veranlassen. D
1739 2085 2778 2147 worden. Herr Ujhäzi ist der einzige Künstler,
708 2100 1749 2172 und der greise, milde Vater ringt verzweifelt die
2758 2135 3229 2215 schon zu weit obligirt.
1737 2135 2774 2209 der schon durch die eigene warme Menschlichkeit
712 2152 1501 2234 Hände: „Sie kommt niemals wieder!“
1739 2186 2776 2261 besticht. Als er auf der Bühne erschien, scholl
828 2169 1750 2259 In der Aufführung des Nationaltheaters kühlte
2867 2206 3332 2301 In den Klubs werd
1748 2244 2775 2313 ihm ein rauschender Gruß herzlichster Sym¬
707 2244 1740 2305 die Dichtung zu einem Theaterstück aus. Ihr eine
2767 2266 3340 2338 richten besprochen. In der V
1745 2285 2762 2353 pathie entgegen. Gewiß, so mancher Satz hätte
712 2298 1749 2357 besondere Anziehungskraft zu sichern, war man auf
2770 2317 3343 2399 tei wartete man heute Aben
1735 2323 2775 2402 kunstvoller zu Natürlichkeit ciselirt werden könzlen.
709 2348 1752 2408 die Idee verfallen, die Rolle der Mizi der bekannten
1754 2374 3333 2443 Aber in der Fülle dieses tiefen Gemüthstones wird das Eintreffen des Ministers
717 2400 1747 2459 Cabaret=Divette Frl. Medgyaßay anzuvertrauen.
1749 2420 3332 2498 selbst ein Gedächtnißfehler zu Wahrheit. Den demselben etwas MNeues zu
716 2447 1740 2509 Das schöne Talent der jungen Künstlerin war vor Jahren
1743 2471 3335 2539 düsteren Ehegatten spielte Herr Gyenes. Istl wurde im Laufe des Nachmi
715 2496 1749 2560 in einer Operette aufgetaucht. Um die Gestaltung
1746 2525 3296 2607 doch Niemand wie er prädestinirt, einen jungen dauern erfahren, unpäß
718 2534 1751 2606 ihrer Iluska schwebte es wie Blüthenduft. Seither
717 2563 3348 2657 ist diese Rose mit Chipre übergossen worden. Frl. Studenten im Duell todtzuschießen. Die Novität Ruhe, um dem morgigen Mi
2757 2620 3343 2690 können. Mit großer Aufmer
1753 2614 2770 2692 fand in dem dichtbesetzten Hause eine freundliche
720 2641 1757 2703 Medgyaßay enttäuschte. Mit der technischen Virtuosität,
2773 2663 3349 2735 Aeußerungen des Staatssekre
1744 2685 2770 2741 Aufnahme, die sich nur angesichts des wiederholt ge¬
725 2690 1759 2751 jede dramatische Pointe auf die Pincette zu nehmen,
2759 2725 3348 2778 die Wiener Blättermeldungen
1744 2728 2764 2792 rufenen Autors zu lebhaften Beifallsäußerungen
714 2734 1751 2821 daß sie dem müdesten Nachtschwärmer erkennbar
2770 2769 3339 2831 litäten der Bankfrage als g
1751 2776 2772 2851 steigerte. Denn es war ein Sieg der Dichtung gegen
722 2792 1752 2853 werde, hat die Künstlerin die schlichte Natürlichkeit der
2760 2820 3345 2879 nete. — In der Unabhä
721 2831 2035 2897 Empfindungsäußerung verlernt. Ihr Ton klang ihre Träger.
2325 2853 3335 2956 Dr. Béla Diösy. waren mehrere Mitalieder
726 2883 1792 2961 bart und eckig, ihre Leidenschaftlichkeit trocken, ihr
