3436 4256
847 135 1291 235 box 13/3
287 137 696 218 Liebelei
278 176 804 247 LESEHEA
369 355 1147 452 Alterhenmen Tur Leltungs-Aussemme
437 430 1063 505 WIEN, I., WOLLZEILE 11
495 469 997 547 TELEPHON R-23-0-43
300 607 694 694 Ausschnitt aus:
620 679 1054 779 Tolkszeitung, Wier
301 841 489 929 vom:
570 801 1060 959 19. PEB. 1933
228 1000 3380 1079 ###e################################ hältnis dulde. Wo er doch ahnt, Fritz werde denn auch zeitlebens diese Einakter („Frage Erzherzogin, die dem 3
1131 1047 1859 1133 die einzige Liebe der Tochter bleiben!“
2080 1056 3380 1123 das Schicksal", „Weihnachtseinkäufe“,stand, mit derartiger Ger
2013 1112 3372 1170 „Abschiedssouper", „Anatols Hochzeits=nicht einmal der k
231 971 1146 1182 sihiener Tientermate
2020 1142 3370 1201 morgen“ usw.) für verunglückte Stückchen ge= Intendanzhofrates Dr. 2
235 1155 1138 1221 decoes##eeen0#00#######0#b0########0####11404040045
1202 1157 2027 1229 Zweifellos wollte auch ein andres
2019 1183 3385 1244 halten, wie denn auch Sonnenthal, dessen das Stück, das „ja ehn
222 1208 1129 1269 Zur Neuaufführung von „Liebelei“ im Josefstädter
1133 1209 2016 1291 Moment der Aristokratin nicht gefallen. Was
2023 1229 2914 1296 Hausarzt der berühmte Laryngolog Re¬
2895 1233 3390 1306 Saisonschluß angesetzt
230 1245 1129 1314 Theater. — Warum die Fürstin Metternich gegen das
1134 1270 2022 1330 hat ein Vorstadtgeiger, was hat eine
2023 1263 2910 1345 gierungsrat Dr. Schnitzler gewesen, dem
2905 1276 3380 1348 noch zu geben und dau
293 1295 1087 1358 Stück so wütete. — Schnitzler gegen Anatol.
1127 1312 2030 1360 Strumpfwirkerin, und was haben solche
2015 1319 2903 1378 Freunde gegenüber nach der Lektüre des
2898 1316 3373 1382 immer verschwinden zu
303 1333 584 1398 Morgen,
558 1318 1142 1404 Montag, bringt das
1132 1343 2019 1405 Mädel überhaupt auf der Bühne des Burg¬
2014 1358 2905 1425 „Anatol“=Manuskript das Urteil abgab: „Dein
2907 1355 3386 1431 den Skandal vermeiden,
784 1371 1135 1439 fstadt zwei der
218 1356 763 1436 Theaierinder Jo
1131 1393 2022 1448 theaters zu tun? Sind solch niedrige Personen
2015 1410 2688 1458 Sohn Artur ist absolut talentlos.“
2898 1383 3382 1473 bot in den Blättern
232 1405 1139 1476 reizvollsten Stücke Artur Schnitzlers,
1130 1436 2032 1494 dramatische Subjekte, deren Schicksal Furcht
2098 1435 2915 1497 Trotzdem wurden die Stücke da und dort
2968 1428 3393 1507 Die schärfste Verso
224 1461 1139 1542 sein populärstes Drama aus- der Vorstadt,
1128 1480 2023 1539 und Mitleid der höheren Gesellschaft erregen
2018 1474 2913 1540 mit Erfolg aufgeführt. Das Volkstheater
2903 1473 3386 1545 als Dichter des Aerztesti
546 1489 1138 1570 (in glänzerder Besetzung, mit
217 1508 347 1576 ##1
1130 1512 2021 1575 könnten? Damals spielte Adolf Sonnenthal
2013 1524 2908 1581 sollte die erste zyklische Aufführung bringen.
2902 1527 3385 1593 bardi“ von der Statthal
231 1546 1145 1614 Hugo Thimig als Weiring und Paula Wessely
1135 1570 2034 1616 den Geiger. Durch seine Milde die durchaus
2014 1559 2913 1640 Da sagte Schnitzler nach langem Sträuben:
2907 1566 3370 1645 Stück mußte jahrelang —
222 1597 1137 1654 als Christine), und eine seiner drolligsten
1128 1612 2034 1663 würdige Greisengestalt adelnd. Aber erst vier
2100 1592 2913 1670 „Gut, ich geb’ euch (Adolf Weisse war
2897 1611 3364 1676 warten, ehe man es i
228 1634 1143 1688 Komödien „Der tapfere Kassian“. Vor dem
1144 1655 2027 1710 Jahre später, als er mit schweren Röhren¬
2011 1660 2922 1721 damals Direktor) diese Dichtungen frei, ob¬
2903 1645 3390 1718 erstenmal spielen konntel
233 1677 1140 1720 Schreiber dieser Zeilen steht der Dichter, da¬
1134 1698 2025 1746 stiefeln, die Peitsche in der Hand, im Namen
2320 1689 3390 1757 für verfehlte, novellistische rein dichterisch auf ein
2016 1701 2262 1767 gleich ich
225 1715 1143 1781 mals (1896) im schönsten Mannesalter, die
1141 1743 2017 1790 des großen Dichters Gerhart Hauptmann als
2014 1745 3388 1816 Dialoge halte und euch nochmals zurufe: Assistenzarztes Dr. Artut
233 1741 1136 1815 Anatol=Locke melancholisch geformt, mittags
1131 1783 2030 1837 Fuhrmann Henschel auf der Bühne des
2905 1785 3372 1855 An der psychiatrischen
2016 1788 2919 1847 „Lasset doch die Toten ruhen!' Aber ich sag'
229 1803 1140 1871 in der Türkenschanzgegend, über irgend etwas
1129 1824 2028 1875 Burgtheaters erschien, konnte er die Herr¬
2904 1827 3376 1895 Dozent Dr. Alexander
2010 1826 2905 1889 euch's gleich: Ihr müßt mir das Recht geben,
229 1841 1140 1915 sinnend. Womit er sich beschäftigte? Mit
1133 1859 2028 1921 schaften von den Logen und vom Parkett
2014 1863 2913 1930 noch bei der Generalprobe die Stücke zurück¬
2905 1863 3383 1928 bemerkt, ein bekanntes
224 1883 1112 1945 einem frischen, fröhlichen Aerger über die —
1126 1913 2017 1977 überzeugen, daß auch eine Persönlichkeit
2020 1893 2841 1980 zuziehen, sobald ich sie unmöglich findel“
2897 1902 3379 1975 Männergesangvereines).
227 1929 850 2007 Fürstin Pauline Metternich.
1127 1956 2022 2021 niederen Ranges, wie ein Kutscher es ist, als
2897 1950 3392 2018 einem Priester den Zu
319 1954 1140 2029 „Ich weiß nicht,“ sagte er, „warum
1142 1994 2037 2060 Fürst des Lebens und des Leidens die
2085 1991 3397 2058 Nun, dazu kam's nicht. Im Gegenteil, der Patientin nicht gestatten
236 2019 1142 2070 ihr Journalisten gerade die Fürstin Pauline
1132 2032 2024 2091 Huldigung des Mitleids würdig entgegen¬
2906 2031 3392 2097 ihren schwärmerischen
2014 2033 2913 2107 Zyklus wurde immer besser und besser besucht.
218 2061 1145 2119 zu einem solchen Liebling der Wiener empor¬
1500 2067 2026 2146 — in einem Hause von
2900 2072 3383 2144 gerade ihren letzten herrl
1139 2076 1477 2138 nehmen könne
2027 2086 2919 2152 Eigentlich wird die Gestalt des Anatol, des
225 2103 1136 2162 gelobt habt. Gewiß, sie nützt ja durch den Ertrag
2901 2124 3399 2196 wie die Engel sie begrüß
1126 2127 2025 2187 Marmor und Gold und vom nobelsten
2022 2132 2910 2193 gebildeten, jungen Wieners, des leidenden
231 2137 1146 2196 ihrer vom Volk bestaunten Frühlingsfeste.
2912 2153 3254 2231 Himmels ertönt.
1135 2172 2027 2241 Publikum, einer kaiserlichen Haupt= und
2017 2170 2917 2224 Lebensgenießers, dessen Champagnerglas
231 2180 1138 2243 Trotzdem verachtet sie dieses „Volk'. Jetzt ge¬
2967 2186 3388 2267 Daraus zimmerte
1136 2197 1428 2275 Residenzstadt.
2011 2206 2910 2264 stets mit einer feinen Masche aus schwarzem
220 2217 1146 2282 hört meine „Liebelei' schon sechs Monate dem
2904 2226 3387 2301 blemstück. Aber obgl
2017 2260 2904 2320 Flor umhüllt ist, die nur der Trinker sieht —
238 2265 1149 2327 Spielplan des Burgtheaters an, aber die
2901 2292 3391 2352 Kirche mit aller gebi
2019 2303 2906 2362 eigentlich wird dieser Don Juan des feinen
230 2323 1149 2375 Fürstin hat noch nicht aufgehört, in ihren
1204 2294 1574 2382 Merkwürdig —
1563 2297 2022 2379 obgleich Schnitzlers
2905 2327 3392 2388 behandelte, wollte de
2023 2341 2915 2394 Wiener Dialektes, dessen Liebestragik in einer
217 2349 1136 2411 Kreisen und weit darüber hinaus gegen mein
1130 2352 2025 2425 „Liebelei“ durch fast fünfzehn Jahre zweiund¬
2910 2373 3393 2437 schauungen sonst durcha
2024 2386 2916 2437 koketten Stirnlocke sich materialisiert, dieser
226 2401 1148 2464 Stück zu hetzen. Das erzählen mir die
1136 2405 2031 2480 vierzigmal aufgeführt werden konnte (das
2902 2410 3392 2477 damalige Statthalter Ba
2028 2437 2915 2494 Wiener Hausherrnsohn, der schon mit Dativ
234 2440 1145 2508 ernstesten Funktionäre vom Obersthofmeister¬
1133 2449 2033 2504 ist schon eine bevorzugte Zahl), waren die
2909 2463 3388 2527 bedingt verbieten. Haupt
223 2468 1141 2547 amt, der Intendanz. Sie sind besorgt darüber.
1144 2465 2907 2544 Hofleute doch froh, es 1910 an das Deutsche und Akkusativ richtig umgeht, nicht nur das
2913 2487 3392 2561 er glaubte, der Dich
2018 2517 2917 2568 männliche Ideal einer Generation Frauen und
221 2522 1148 2586 Denn in dieser Spielzeit hat es noch kein Stück
1132 2530 2035 2585 Volkstheater abgeben zu können. Denn die
2915 2530 3390 2601 streberischen Minister 2
2019 2566 2910 2627 Mädchen, sondern er wird die Gestalt, die den
227 2567 1134 2648 gegeben, das so gute Kassa gemacht hat wie
1134 2579 2034 2646 Metternich ließ nicht louer. Wie wenig das
2909 2586 3381 2649 Duzfreund Bernhardi i
2024 2603 2767 2672 Dichter so eigentlich populär machte.
226 2609 1141 2668 „Liebelei'. Nicht einmal Sudermanns „Glück
1134 2621 2033 2672 Vorstadtdrama im Burgtheater abgespielt
2901 2630 3395 2689 fallen läßt, ihn gem
2099 2616 2917 2693 Wie sehr übrigens Schnitzler seinen
229 2656 1144 2725 im Winkel' und Ibsens „Klein Eyolf', der es
1130 2671 2021 2733 war (man denke nur an die glänzende Erst¬
2910 2675 3389 2728 Obwohl der Ministe in
2013 2679 2920 2742 Anatol=Zyklus geringschätzte, dafür zeugen
224 2688 1146 2761 doch gewiß verdient hätte. (Noch dazu mit
1429 2704 1640 2766 Weiring
1751 2704 2018 2771 Sonnenthal;
1138 2705 1360 2771 besetzung:
2912 2703 3387 2766 völlig unähnlichen Mas
1992 2710 2915 2792 Briefe, die er mir 1909 schrieb (ich habe sie
236 2737 1143 2788 Mitterwurzer als Allmers!) Die Fürstin will
1142 2753 1978 2815 Christine — Adele Sandrock; Mizzi —
2910 2750 3393 2828 sich der Statthalter von
226 2779 1141 2839 sogar beim nächsten Abonnement eine eigene
1136 2765 2907 2853 Kallina; Fritz — Kutschera; Theodor —später in der „Volks=Zeitung“ veröffentlicht).
2909 2787 3155 2864 abbringen.
2010 2811 2909 2865 Als ich „Hochzeitsmorgen“ in einer lite¬
237 2819 1137 2900 Agitation einleiten, damit der Hofadel keine
1137 2836 2021 2903 Zeska, und Mitterwurzer in der winzigen
2999 2818 3389 2901 Schnitzler hatte in
2015 2846 2910 2916 rarischen Veranstaltung aufführen wollte,
224 2850 673 2945 Logen mehr nehme“
1139 2874 2023 2935 Rolle des „Herrn“), das ergibt sich aus der
2906 2861 3401 2936 andern Staatsfunktionär
2027 2884 2911 2954 warnte er mich — das Stück sei ihm durchaus
308 2893 1134 2965 „Aber wissen Sie, gegen wen eigentlich
1140 2926 2027 2972 Aufführungszahl des Deuischen Volks¬
2913 2903 3396 2977 lichen Unterrichtsminist
2027 2950 2910 2998 unsympathisch, es werde keine Wirkung üben.
231 2945 1150 3026 der Zorn der Fürstin sich richtet?“ fragte
1137 2964 2024 3028 theaters. Da gab es kurz hintereinander
2911 2960 3390 3027 wie Dr. Flint) Univers
2020 2963 2915 3037 Ich antwortete ihm schriftlich: ich sei durch¬
240 2995 594 3073 mich Schnitzler.
1141 3004 1277 3067 noch
2914 2995 3401 3070 Einen offiziell liberaler
1254 3001 2029 3075 sechsundachtzig glänzend besuchte
2020 3024 2907 3074 aus gegensätzlicher Meinung. Und in der Tat,
319 3005 1148 3089 „Bielleicht gegen die beiden Liebes¬
1146 3040 1536 3125 „Liebelei“=Abende!
2903 3039 3397 3109 dem die freien Volksschh
2009 3055 2904 3136 das Stück hatte großen Heiterkeitserfolg. Aber
228 3065 1151 3131 paare,“ antwortete ich, „weil doch keiner von
2911 3074 3382 3148 immer mehr durch klös
2003 3093 2907 3168 der Dichter war nur zur Generalprobe ge¬
229 3109 1155 3174 den beiden jungen Herren seine Geliebte
2902 3135 3396 3200 ließ. Es war der Minis
2013 3148 2912 3210 kommen, das Stück selbst wollte er nicht durch
1211 3128 2037 3205 Dichter sind gewöhnlich so sehr mit sich
230 3158 1145 3228 heiraten will. Ja, noch mehr, weil nicht ein¬
2909 3164 3385 3240 starb, ohne zu ahnen, ei
2023 3192 2630 3265 seine Gegenwart legitimieren.
1141 3190 2032 3248 selbst und ihrem Ruhm beschäftigt, daß ihnen
236 3198 1143 3256 mal die zwei Mädchen verlangen, geheiratet
2907 3210 3398 3280 held Schnitzlers zu sein,
1138 3233 2037 3300 für Dankbarkeit keine Zeit bleibt. Bei
230 3226 508 3323 zu werden!“
2903 3259 3390 3325 der nicht gemeint war,
2096 3257 2906 3327 Hatte die „Liebelei“ seinerzeit im Burg¬
1145 3274 2056 3332 Schnitzler war das wirklich anders. Das
328 3265 1150 3358 „Nein — der Vater ist's!“ erwiderte
2908 3290 3376 3365 scheiden darüber sich kre
2012 3316 2915 3367 theater mit der mächtigen gesellschaftlichen
1132 3321 1943 3385 Volkstheater hatte „Liebelei“ eine
235 3326 1146 3391 der Dichter. „Das bekomme ich immer zu
2902 3327 3401 3417 hatte Rache nehmen kör
2031 3356 2915 3420 Zensur zu kämpfen, so andre Stücke wie „Der
1133 3363 2037 3435 glänzende Unterkunft gewährt, und als
240 3369 1139 3426 hören. Der alte Geiger aus dem Josefstädter
2980 3387 3393 3455 Eines ist sicher: der
2022 3399 2909 3464 grüne Kakadu“ und „Professor Bernhardi“
1133 3413 2036 3476 dessen Dramaturg Glücksmann den Dichter
237 3408 1148 3473 Theater. Diesen Vater wollte die Metternich
2026 3412 3405 3501 mit rein höfischen oder mit der ebenso Holländer ist trotz seine
1141 3454 2032 3510 um die Ueberlassung des „Anatol“=Zyklus
241 3456 1136 3527 am liebsten von der Szene weggeschossen haben,
2024 3469 3394 3553 mächtigen der Bureaukratie. Die Groteske mals Professor geworde
1139 3487 2034 3552 bestürmte, sagte er endlich — ja. Das war
1003 3488 1146 3552 seine
235 3489 1010 3567 und zwar deshalb, weil er wisse,
2906 3517 3401 3584 büßen müssen, dramatist
2019 3516 2918 3574 „Der grüne Kakadu“ flog nach fünf Auf¬
230 3537 2032 3610 Trchter habe nie Aussicht, von ihrem Fritz ein wahres Martyrium. bis man den Dichter
233 3554 2941 3649 geheiratet zu werden, und trotzdem das Ver- zur Einwilligung gebracht hatte. Er hatlführungen Ende Mai 1899 auf Befehl einer
