3392 4224
758 130 1019 237 NV K
737 201 1110 304 Vollzeile Nr.1#
458 234 654 312 Wien,
554 267 1046 363 Telafon R-23-0-60
580 361 1250 447 IGEE AMESRIEFTETTUNA
698 456 1149 542 8 MBZ. 1933
896 637 1064 708 cc
484 657 932 743 „Tiebele
400 737 1111 818 Titaniapalast und Atrium
290 803 1294 871 Schnitzlers tragische Liebesgeschichte mit dem
212 842 1304 893 spielerischen Titel und der wienerischen Luft macht im
219 898 1296 937 Film, so eng er sich im allgemeinen an das Schauspiel
224 930 1310 974 hält, einige bemerkenswerte Wandlungen durch. Es ist
218 968 1295 1018 selbstverstandlich und richtig, daß er Vorgeschichte und
212 1002 1293 1048 breitere Umwelt farbig und handelnd mit einbezieht. Die
211 1045 1299 1096 Frau, die der junge Offizier liebt, bei Schnitzler nur er¬
218 1074 1301 1120 wähnt, erscheint als Baronin Eggersdorff (Olga Tsche¬
209 1125 1300 1178 chowa) eindrucksvoll und schon bange Verwirrung
216 1151 1295 1220 kündend. Dazu ihr Mann (Gustaf Gründgens), eifer¬
210 1195 1290 1246 süchtig spürend; und seine Umgebung mit dem ge¬
212 1225 384 1276 fährlich
401 1227 819 1282 zündenden Klatsch
1184 1242 1300 1283 aus¬
842 1235 1158 1288 (Paul Otto,
227 1273 1296 1333 gezeichnet in der Nebenrolle des Bruders); und das Auf¬
441 2065 692 2153 S
475 2124 575 2174 S
649 2380 876 2458 „Liebelei“
201 2428 1295 2491 Magda Schneider und Wolfgang Liebeneiner
476 2476 1024 2545 in dem Film nach Schnitzler
200 2544 1310 2607 finden der belastenden Liebesbriefe. Und weiter der
213 2597 1303 2658 düstre Ablauf: Ehrengericht, Vorbereitung und Ausgang
219 2645 1296 2685 des Duells —, der erste Schuß, der dem betrogenen Gatten
202 2684 1303 2724 gehört, und das Warten, vergeblich, auf den Schuß des
218 2728 1300 2780 anderen. Und endlich: der hinzuerfundene Selbstmord
216 2758 541 2824 des Mädchens.
280 2796 1308 2859 Das alles gehört ohne Zweifel in eine gut aus¬
209 2847 1303 2882 wertende Verfilmung des Schauspiels. Auch die Ueber¬
211 2882 1304 2921 tragung in militärisches Milieu, wenn schon manchmal
211 2924 1311 2973 ein wenig operettenhaft allzu=österreichisch, hat den Erfolg
216 2962 649 3026 der Kolorits für sich.
278 3001 1305 3070 Was sich aber wesentlich dabei verändert, das ist das
202 3055 1303 3100 Gewicht der Liebesgeschichte. Fritz und Christine (Wolf¬
216 3087 1305 3148 gang Liebeneiner und Magda Schneider) sind es
208 3137 1300 3183 auch hier. Während aber bei Schnitzler nur das Mädchen
212 3169 1298 3225 der vergängnisvoll großen Liebe verfällt, und der junge
205 3197 1311 3258 Mann die halb spielerisch, halb melancholisch bewußte
206 3249 1301 3288 Distanz wahrt, stehen hier beide gleich im tragischen Ab¬
209 3282 1304 3335 lauf. Damit geht ein Sinn des Schauspiels verloren:
217 3315 1301 3361 daß es Menschen gibt, denen wesensmäßig auch die leichtest
203 3379 1306 3421 gewollte „Liebelei“ zur Fesselung ins Schicksal werden
208 3399 341 3456 muß.
287 3442 1300 3498 Im übrigen hat aber gewiß der Film das Recht, die
211 3483 1289 3538 Geschichte in seiner Weise zu erzählen. Er führt sie durch¬
217 3522 1299 3561 aus folgerichtig und in sich geschlossen durch, als eine
210 3557 1289 3603 würdige und belebte und zum Teil sehr eindrucksvoll sicht¬
205 3598 994 3668 bar machende Nach= und Neuerzählung.
280 3644 1287 3704 Um so unverständlicher ist bei der zweifellos fein¬
202 3689 1296 3736 fühligen Arbeit des Regisseurs Max Ophüls eine ganz
206 3731 1297 3770 unnötig hinzu gemachte, krasse, unmögliche und peinlich
203 3769 1300 3824 lächerliche Szene: der als Sekundant ausersehene Ober¬
206 3802 1298 3852 leutnant hält seinem Kommandeur eine vor Anteilnahme
212 3846 1304 3885 fassungslose Ansprache über Menschlichkeit und Wahnsinn
214 3888 1294 3935 des Zweikampfs, in einem Pathos, wie es selbst zwischen
218 3922 1290 3975 Zivilisten nicht üblich. Diese Szene erinnert an die
218 3951 1289 4006 Bühnendeklamationen von vor fünf Jahren, Einlagen für
213 3998 1312 4063 Humanitäts=Applaus. Man schneide das unwahre Edel¬
1806 143 2161 216 Liebele
2349 141 2776 235 box 13/4
1641 141 2215 253 3. nnnn
1327 628 2418 719 gewächs heraus, damit es nicht am ganzen Stilgefühl des
1326 688 1766 737 Regisseurs irre mache.
1399 716 2401 768 Von den Darstellern ist nur Gutes zu sagen. Magda
1329 759 2403 799 Schneider ist von warmer, sänfter, gar nicht leinwand¬
1316 800 2402 846 üblicher Schönheit, wirklich gleichermaßen geborgen und
1328 841 2408 888 verloren in Liebe. Luise Ullrich, das „süße Mädel“,
1325 874 2408 937 sehr „lieb“, echt und ohne Uebertreibung. Wolfgang
1327 916 2398 961 Liebeneiner und Willi Eichberger, der Freund, an¬
1327 958 2407 997 genehm in Haltung und Zurückhaltung auch in den
1325 989 2411 1054 tragischen Augenblicken. Paul Hörbiger bescheiden und
1324 1028 2040 1083 von selbstverständlicher Menschlichkeit.
1413 1061 2402 1114 Ein paar ganz vorzügliche, innerlich lebendige Bilder:
1321 1096 2410 1156 ein nächtlicher Weg des Paares durch alte Gassen; eine
1330 1142 2409 1192 Schlittenfahrt in Winterpracht des Waldes mit einem
1325 1175 2411 1232 wehmütigen Unterklang des in der Stadt nur für kurze
1331 1217 2412 1265 Stunden zurückgelassenen Schicksals. Einige solcher Film¬
1324 1260 2430 1312 bilder sind nicht Schnitzlerisch aber auch nicht weniger
1325 1288 1544 1349 dichterisch.
2211 1260 2769 1361 GWRVER
2255 1334 2722 1395 konzessioniertes
2007 1386 2759 1462 Unternehmen für Zeitungs-Ausschnitte
2075 1435 2688 1500 WIEN, I., WOLLZEILE 11
2146 1499 2619 1555 TELEPHON R-23-0-43
1947 1631 2327 1697 Ausschnitt aus:
2421 1856 2929 1940 Vermania, Berli
1678 1865 1888 1955 18 UP
1944 1943 2936 2088 NEUEFILNE
2324 2105 2735 2192 Liebelei
2044 2157 2802 2231 Atrium und Titania=Palast.
1894 2210 3024 2285 Hans Wilhelm und Kurt Alexander lassen dieses
1830 2245 3019 2303 erfolgreichste aller Schnitzlerschen Schauspiele in Militärkreisen
1828 2296 3029 2360 des Vorkriegsösterreich spielen, vielleicht um das Duell Eggers¬
1822 2330 3012 2399 dorf—Lobheimer glaubhafter zu machen. Recht gut kommt die
1829 2366 2969 2427 Tragödie des jungen Dragoneroffoziers und der Musikerstochte
1824 2411 2989 2477 Mizzi heraus, die Auseinandersetzung zwischen dem Oberleut¬
1830 2453 2987 2512 nant und seinem Vorgesetzten wirkt bombastisch und gesucht.
1826 2481 2979 2552 Max Ophüls' geschickte Regie trifft ausgezeichnet Milien und
1822 2524 2980 2579 Ton, er erliegt auch nicht der Gefahr, das Ganze in Sentimen¬
1816 2566 2945 2631 talität versacken zu lassen, die Stimmungsübergänge z. B. vo
1815 2598 2985 2670 Ausgelassenen ins Tragische gelingen ihm sehr wohl, er vermag
1812 2642 2928 2700 sogar Magda Schneider ihrer bisherigen Niedlichkeit zue
1820 2685 2848 2740 reißen. Ihre besten Momente hat sie als schüchternes
1810 2718 2851 2780 Mädel für die letzten Szenen — bei allem ehrlichen Wi
1814 2752 2854 2838 reicht sie nicht aus. Für die lebenslustige und lebenskluge
1810 2787 2901 2870 ist Luise Ulrich wie geschaffen, in der Rolle der Bart
1811 2840 2946 2895 Eggersdorf fällt Olga Tschechowa angenehm auf. Wil
1816 2877 3002 2932 Eichberger und Wolfgang Liebeneiner als die beiden
1805 2911 2994 2979 so verschieden gearteten Freunde, beides gleichgute Leistungen
1819 2953 3000 3006 in der sicheren Verkörperung des besonderen Typs. Als gütiger,
1807 2993 3010 3056 verstehender Vater sei Paul Hörbiger genannt, als unerbitt¬
1810 3032 2989 3095 licher Major Paul Otto, Gustaf Gründgens als Baron
1801 3073 2994 3136 Eggersdorff erstarrt fast zur Maske. Sehr schöne Aufnahmen
1806 3103 2987 3179 von Heinz Landsmann, Theo Mackebens Musik nie
1803 3144 2987 3211 vordringlich, untermalt das Geschehen. Verdienter Beifall, der
1811 3188 2988 3229 auch für das voraufgehende ausgewählte Bühnenprogramm:
1802 3220 2977 3300 Edith Lorand mit ihrem Kammer=Orchester und
1797 3254 2682 3334 Märzel Wittrisch von der Staatsoper, gilt.
1868 3411 2983 3468 Die Kamera zeigte zum Gedenken an Lupu Pieks
1801 3454 2977 3520 zweiten Todestag den ersten und letzten Tonfilm dieses aus¬
1796 3495 2976 3552 gezeichneten Schauspielers und Regisseurs. Der Film
1803 3536 2991 3592 Gassenhauer“ ist von künstlerischer Eigenart und betont
1794 3557 3005 3640 Bezirke, die weitab von dem Herkömmlichen des Films liegen.
1796 3610 2975 3664 Es ist etwas Gefühlsbetontes in ihm, das sich nicht durch eine
1793 3648 2971 3701 rührselige Fabel äußert, sondern mehr durch Kleinigkeiten und
1793 3677 2036 3730 Nebendinge.
2093 3685 2978 3747 Eine handfeste Kriminalgeschichte wird mit
1796 3724 2973 3787 eiger Liebesgeschichte verwoben. Aber es ergibt sich alles so
1800 3762 2976 3823 nebenher, daß man niemals die Absicht spürt. Das Leben
1797 3791 2969 3862 dichtet sich selbst. — Und was noch das Vorzüglichste an diesem
1792 3840 2972 3902 Film, das ist die Verlebendigung des Milieus: das Mietshaus
1800 3879 2964 3933 mit den heimeligen Ecken seiner Armut und den muffigen
1798 3909 2982 3987 Plüschmöbeln des verderbten Bürgers. Es ist die Kunst des
1785 3941 2236 4015 Regisseurs Lupu Piek!
