3484 4256
289 203 686 286 Liebelei
272 255 803 326 m####ses###eeeee#e##ssse#####
830 205 1280 312 box 13/8
2633 107 2745 189 R
1996 245 2586 394 Streiflichter.
1966 389 2602 473 Die Schule der Unzucht.
1856 446 2799 526 Wir haben schon öfter auf die Feuillelons
1763 491 2807 587 Brociner's im „Wr. Tagblatt“ hingewiesen,
1768 555 2810 627 vie eine direkte Schule der Unzecht darstellen. Am
1762 596 2807 684 gestrigen Sonntag ladet er die „überzähligen
1759 640 2831 722 Mädchen“ in seinen Curs ein. Er beantwortet den .—
1716 684 3096 782 p Brief eines solchen „überzähligen“, d. h. sitzen=—
2919 734 3074 781 Porto.
1736 735 2811 811 gebliebenen Mädchens, das ein Buc# von Max,
2884 763 3093 819 Zahlbar
1754 781 3105 864 Stirner gelesen und darüber den Herzensfrieden —] im Voraus
1745 841 2788 909 verloren hat, mit Rathschlägen, die geradezu
2777 870 3143 942 #sschnitte ist das
1759 877 3146 978 empörend sind. Das betreffende Capitel im Buche uch steht es den
1759 945 2993 1005 Max Stirner's gipfelte nämlich in dem Schlußsatze: andern.
1692 948 1771 1010 Ab
1701 998 1801 1050 Abe
1834 981 2800 1067 „O Lais, o Ninon (bekannte öffentliche Dirnen),
1761 1024 3145 1085 wie thatet ihr wohl, die bleiche Tugend (in ihr kug entnaltend die
1766 1073 3150 1145 Schicksal ergehener, sich rein bewahrender älterer Jung=hner Morgen¬
1762 1110 3139 1195 frauen) zu verschmähen! Eine freie Grisette gegen Wiener Zeitung")
1703 1113 1753 1171 1
1728 1148 3151 1231 #tausende in der Tugend grau gewordene Jungfern!“ Ithschaftliche Leh¬““
1848 1206 2985 1274 Und was antwortet nun Marceo Brociner auf Diese M..
1715 1205 2796 1334 de die Frage der Briefstellerin, ob Max Stirner damit
1757 1285 2862 1383 Recht hat? Er antwortet, das stimmevöllig damit.
1747 1332 2777 1419 dem überein, was in Arthur Schnitzler's „Liebelei“
1747 1390 2785 1468 der alte Musikus seiner Tochter Christine räth,
1742 1445 2802 1510 und dies auch sofort thut: „Sie liebelt un¬
1743 1491 2788 1562 bedenk ich und sichert sich in ihrer
1757 1535 2791 1617 Weise hren Antheil am Liebesglück!“
1748 1574 2791 1663 Das stimme — antwortet Brociner — auch mit
1747 1623 2791 1691 Paul Heyse, der gar viele alte, überzählige
1753 1685 2798 1738 Mädchen vorführe, „die sich ihr eigenes Sitten¬
1753 1733 2797 1811 gesetz prägen, die der bürgerlichen Moral
1748 1772 2794 1846 mit vollem Pewußtsein ein Schnippchen
1745 1816 2792 1897 schlagen, die mit tapferem Trotz ihr Glück (!)
1869 1875 2819 1941 rn, ohne danach zu fragen, ob es den gesell¬
1871 1920 2812 2000 lich anerkannten Stempel der Legitimität
1758 1975 2809 2060 aufweist!“ Dennoch will Brociner „nicht schlank¬
1753 2014 2801 2087 weg bejahen“, und den überzähligen=Mädchen
1737 2071 2791 2134 den Rath geben, „das Leber ohne sittliche Bedenken
1742 2108 2789 2202 aus dem Vollenzu genießen“. Aber „einkatego¬
1740 2150 2797 2246 risches Nein will uns“, schreibt er „nicht
1741 2204 2801 2288 aus der Feder schlüpfen“. Aber er constatirt, daß
1742 2266 2783 2343 die „Ueberzähligen“ des Proletariats ohnehin
1742 2296 2781 2381 „ohne viel zu fackeln, ihren Glücksantheil am
1745 2349 2784 2408 Leben sich selber nehmen“, und daß die „über¬
1739 2387 2796 2474 zähligen Mädchen“ in den besitzenden Classen
1732 2459 2782 2535 allerdings zum Theil sich in Ergebenheit in ihren
1735 2499 2788 2566 Schmerz fügen, daß die meisten aber in die
1740 2540 2782 2625 Kategorie der verbitterten alten Jungfern gehören,
1740 2583 2793 2668 und nur ab und zu eine es macht wie die üher¬
1730 2645 2789 2721 zählige Proletarierin. In letztem Falle werde,
1728 2684 2783 2776 sagt Brociner, das Herz gar oft ein frei¬
1726 2736 2796 2836 sprechendes Urtheil fällen. Und, dann schließt
1729 2778 2067 2859 Brociner also:
1795 2823 2780 2912 „Wenn übrigens so eine Ueberzählige die Kraft hätte,
1733 2870 2774 2961 sich zu einer großen Welkanschauung emporzu¬
1736 2917 2773 2993 schwingen so möchte ich ihr empfehlen, sich in die nach¬
1724 2963 2768 3024 folgende Betrachtung zu versenken, die Alexander
1720 3015 2760 3070 Humboldt als Greis von 80 Jahren niederschrieb:
1731 3032 2774 3110 „Es ist meine Ueberzeugung, daß derjenige ein Narr,
1725 3076 2766 3143 noch mehr ein Sünder ist, der das Joch der Ehe
1718 3122 2765 3175 auf sich nimmt. Ein Narr, weil er seine Freiheit
1731 3146 2768 3230 damit von sich wirf:, ohne eine entsprechende
1733 3199 2769 3258 Entschädigung zu gewinnen; ein Sünder, weil er
1720 3227 2756 3298 Kindern das Leben gibt, ohne ihnen die Gewißheit des
1724 3270 2761 3339 Glückes geben zu können. Das ganze Leben ist der
1718 3310 2759 3380 größte 'nsinn! Und wenn man 80 Jahre strebt und
1718 3334 2763 3418 forscht, so muß man sich doch endlich gestehen, daß man
1719 3387 2742 3448 nichts erstrebt, nichts erforscht hat. Wüßten wir wenig¬
1721 3425 2748 3489 stens, warum wir auf dieser Welt sind. Aber Alles ist
1712 3468 2748 3529 und bleibt dem Denker räthselhaft und das größte
1727 3497 2752 3581 Glück ist noch das, als Flachkopf geboren
1713 3531 1932 3606 zu sein“
1809 3562 2761 3665 Das ist die „große Weltanschaung“, welche
1708 3603 2754 3705 Marco Brociner den Ueberzähligen empfiehlt als
1705 3687 2755 3769 Trost! „Die Ehe ist Narrheit und Sünde, das
1705 3719 2753 3786 Leben ein Unsinn, das größte Glück als Flach¬
1706 3775 2748 3844 kopf geboren zu sein!“ Es ist dann freilich bei
1710 3827 2751 3901 solcher Weltanschauung den „Ueberzähligen" Alles
1705 3863 2744 3946 erlaubt und das ist die „Moral“, die Marco
1705 3912 2739 3991 Brociner in seiner „Schule der Unzucht“ lehrt!
1704 3979 2752 4062 Die Judenpresse ein Volksgift! Wer kann es
1716 4009 1956 4069 Jenqnen 21
