3436 4192
212 188 736 267 5. Liebele
638 180 1357 290 box 12/4
849 642 1378 745 meino Zeitung,
363 665 804 739 Ausschnitt aus:
841 738 1149 828 150K11913
375 775 524 846 vom:
279 834 1380 958 Theater, Kunst und Literatur.
917 949 1343 1028 Wien, 15 Oktober.
350 991 1384 1083 (Volksoper. Das hätte sich „Schnitzleis schönes
243 1039 1380 1123 Wienerlied nicht näumen lassen daß es auch einmal unter die
245 1110 1380 1170 Musildramen gegälen werde. Es wehrte sich auch nach Leibes¬
257 1140 1379 1196 stästen gegen die klingende Zwaygsjücke. un eadlich den Sieg
233 1189 1380 1241 davonzuttagey“ Es ####ar. warum das ilexessante und geistvoll
237 1232 1362 1301 angelegte Exveriment Franz Neuman,s. die „Bebelei“
242 1281 1366 1323 einfach Wort für Wort durchzukorponiergn, keinen überzeugen¬
232 1304 1384 1384 den Eindruck hinterlassen konnte. Dig erotisch=ohilosophischen
234 1362 1382 1430 Zviegespräche der Herten sind bei allersFlonheit dort zu suntil,
238 1405 1376 1470 die innigen Szenen zwischen Vater und Tochter zu still und zu
229 1451 1374 1513 verhalten, die Situationen der Lebenden zu keush für dieses
231 1494 1373 1556 Ischwere Rüstzeng. Franz Neumann ist ein Musiker
241 1545 1375 1580 von Rang. Seine Begabung, die Grundstimmung des
234 1585 1374 1644 Milteus zu charaktensieren — freilich ist das Original
241 1612 981 1678 nit Stimmung völlig durchtlänk: —
980 1627 1371 1690 ist oft erstaunlich.
234 1659 1377 1715 Mit Mut und autem Gelingen rinmt der erste Akt einen
234 1700 1388 1780 kräntigen Anlauf zum munkalischen Lust#el. Elegamie. leicht¬
235 1758 1372 1818 geschürzte Tanzmotive flattern auf, locker gefaßt, flüchtig wie
235 1794 1373 1860 die Einfälle im Spiel selost. Die naturnotwendigen Inkon¬
238 1842 1367 1901 equenzen stellen sich alsbald ein: die Musik strebt (namentlich
222 1885 1367 1947 in diesen Wesellschutsizenen) nach Form. nach Abrundung und
235 1917 1359 1987 Gliederung. Da müssen die Dialogstellen den Kürieren ziehen
233 1962 1366 2039 und sich, so gut es eben geben wll, dem primären Tonsubstrat
230 2003 1369 2076 einfügen. Umgekehrt in den lyrischen Momenten. Es mag dem
225 2051 1367 2115 Komponisten selbst leid gewesen sein, viele seiner oft sehr an¬
233 2095 1364 2151 mu'vollen, gesangreichen Liedeinfälle so rasch wieder aufgeben
221 2142 1370 2200 zu müssen — weil eben die Dichtung es anders will, weil
218 2185 1372 2248 die Gedanken wieder ab pringen, rotieren, sich verstecken. Klar
221 2231 1367 2277 ist, daß einem talennerten Künüler wie Neunann eben darum
226 2267 1367 2330 am besten jene Momente #eungen musten, die ein
224 2314 1355 2379 stärkeres Auftragen rechtferligen, eine krättigere Instru¬
213 2350 1362 2418 mentierung (auch abstrakt genommen) vertragen konnten:
223 2399 1363 2448 die tragischen. Das stimmungsvolle Zwischensoiel vor
219 2438 1364 2505 dem letzten Akt ist ergreifend gesteigert, die Siene
218 2483 1351 2541 mit dem stemden Rächer seiner Hausebre zwar aus der Sphäte
209 2523 1355 2576 des Verhalten=Gehässizen in ein grelleres Licht gerückt, aber
204 2576 1351 2623 ungemein wirksam Auch in den letzten Szenen ist die musi¬
214 2619 1358 2679 kalische Stimmung kraitvoll und eindringlich; ein wahres Glück
215 2657 1357 2708 für das Werk. Dagegen ist die wundervolle Gestalt des alten
217 2703 1349 2767 Weirich unpersönlich und lanawieng geraten, seine kostbaren Aus¬
207 2734 1347 2787 einandersetzungen mit der Frau Nachbarin — wenn auch geschmack¬
214 2792 1355 2851 vollerweise gekürzt — halten die Handlung bedenklich auf Ein
218 2823 1348 2883 allerliebster Einfall wir es, die Souperstene in einen rauschen¬
216 2866 1354 2928 den Walzer einzulleiden; hier und in einigen anderen Momenten
208 2913 1350 2981 meldet sich auch jene Wiener Note, die sonst im Original
207 2963 1345 3023 stecken geblieben ist. Schade um die köstlichen Dialekistellen des
217 3005 1355 3068 Urtextes! Eine schöne Des-dur=Kantilene ieuchtet im ersten Akt
202 3045 1338 3104 für leider allzu kurze Zeit auf; auch im zweiten manzelt es
208 3085 1343 3140 nicht an wertoollen Ideen. Aber der geistvollste Musiker
209 3128 1341 3184 mußte diesem Problem gegenüber in allerhand Momente der
213 3168 1355 3217 Verlegenheit, der Schwäche, des qualligen, gestaltlosen
215 3226 1354 3273 Stammelns hineingeraten. Orchester= und Vokalbehandlung
213 3247 1338 3321 zeugen von reiser Kultur, die harmonische Haltung des Wertes
208 3304 1341 3368 ist gemäßiot modern und durchaus musikalisch. Die Volksoper
200 3340 1348 3410 hat der „Liebelei“ eine ganz vortreßliche Aufführung angedeihen
198 3378 1347 3436 lassen. Das szenische Milien ist durchaus echt geraten. Tittel
197 3434 1339 3496 an der Spitze des Gesamtapparats entfaltete umsichtige Sorg¬
192 3474 1340 3540 falt, Energie und feindifferenziertes musikalisches Mitempfinden.
204 3507 1349 3582 (Fräulein Engel ist als Christine ganz enttückend mädchen¬
203 3544 1339 3626 haft. Die Herren Lußmann und Brand — däs par
206 3612 1338 3664 nobile fratrum — singen und soielen elegant und wirksam;
213 3650 1338 3707 auch Fräulein Roeder ( izzi) und Bandler (Weirich)
206 3697 1335 3760 Stun ihr? öglichstes in undankbaren Rollen. Nur der fremde
199 3730 1338 3797 Gatte des Herrn Klein machte eine unglückliche Fiaur. —
195 3780 1333 3838 Es gab einen überaus frundlichen Erfolg! Franz Neumann
199 3826 1343 3876 und seine tapfeten Inteipreten wurden immer wieder gerufen.
2214 168 2670 234 Kichcnangabe onne Gewahr!
1897 245 2337 327 Ausschnitt aus:
2291 345 2447 403 17973
1910 368 2070 417 vom:
2534 498 2916 619 Bühne.
1995 505 2519 622 Kunst und
2270 613 2627 709 „Volksoper.
1949 685 2980 759 (Zum erstenmal: „Liehels!“, Oper in drei Alten nach dem gleichnamigen
2020 735 2932 790 Schauspiel von A. Schnitler, Musik von Franz Neumann.)
2029 772 2984 828 Weil Richarb Strauß durch #es Vertonung von
1938 806 2964 863 Oskar Wildes „Salorle“ und Hoffmannsthals „Elektra“
1938 869 2982 924 und Dehass durch die vop Maxterlincks „Pelleas
1934 891 2985 953 und Meklange Drastiell, bielfür, die Schauspielbühne
1934 954 2979 994 geschrieben wären, der Opernbühne zu gewinnen ver¬
1939 991 2981 1047 suchten, ohne den Wortlaut des Textes zu ändern,
1939 1048 2984 1091 glaubte Franz Neumann aus Proßnitz ein gleiches
1938 1077 2989 1115 Verfahren auch auf Schnitzlers „Liebelei“ anwenden
1935 1116 2971 1167 zu dürfen. Wenn aber drei das Gleiche tun, so ist
1938 1160 2982 1224 es noch seltener dasselbe, als wenn es nur zwei
1930 1205 2980 1268 tun, und gründlicher hätte der Ausspruch Richard
1934 1255 2970 1299 Wagners, im Musikdrama werde sich ewig neu
1928 1304 2987 1359 erfinden lassen, kaum verkannt werden können, als es
1938 1331 2984 1395 durch Franz Neumann geschehen ist. Man weiß, daß
1942 1370 2980 1429 Richard Wagner aus der Gegenwart nur darum sich
1942 1416 2980 1464 in die Vergangenheit flüchtete, um in der Darstellung
1940 1461 2977 1520 und Beseelung des Rein=Menschlichen nicht durch den
1930 1503 2978 1567 Zwang zur Schilderung der konventienellen Begleit¬
1937 1545 2971 1612 erscheinungen gehemmt zu sein. Sowohl „Salome“
1926 1595 2969 1651 und „Elektra“ wie auch „Pelleas und Melisande“
1928 1635 3017 1704 sind der Gegenwart entrückt und in ihrer stilisierten;
1934 1681 2991 1741 Sprache war von vornherein Musik gebunden. Anders
1932 1712 2989 1784 bei Schnitzlers „Liebelei“. Sie spielt in der Alltags¬
1925 1767 2990 1824 prosa der Gegenwart, und hat der Komponist im
1936 1813 2988 1870 Einverständnis mit dem Verfasser auch einige Striche
1932 1852 2983 1912 im Text vorgenommen, so blieb noch genug des Kon¬
1931 1902 2985 1976 ventionellen übrig, dessen Schilderung dem Geist der
1924 1936 2324 1998 Musik widerspricht.
2014 1971 2978 2040 Mit dieser Feststellung ist auch schon das Wesentliche
1921 2032 2979 2089 ausgesprochen, das das Werk Neumanns zu einem
1926 2083 2984 2141 groben künstlerischen Irrtum stempelt, und es hat
1931 2122 2982 2172 daneben nichts zu besagen, daß der Komponist, dank
1939 2162 2980 2224 seiner zehnjährigen Praxis als Operndirigent, mit be¬
1929 2212 2979 2264 merkenswerter Geschicklichken sein unkünstlerisches
1924 2257 2977 2314 Verfahren verschleiert. Die tiefe Kluft zwischen dem
1926 2291 2978 2353 musikalischen Pathos in der Ausmalung der tragischen
1934 2339 2980 2398 Stimmungen und den kleinen Tonscherzen, die dem
1938 2377 2983 2430 Realismus des Alltags gerecht werden wollen, bleibt
1921 2432 2983 2472 dennoch bestehen, und was in der Operette als
1928 2469 2981 2519 parodistischer Stil Berechtigung hat, berührt hier wie
1926 2518 2984 2558 ein Fremdkörper, wie ein unlauterer Wettbewerb mit
1924 2557 2982 2598 Ziehrers Bierkonzerteffekten im „Traum des Reser¬
1930 2604 2970 2646 visten“, ob nun Theodor, einen Kellner spielend,
1926 2635 2979 2689 Wein eingießt und das Orchester dazu das
1925 2677 2984 2738 Glucksen imitiert oder ob Fritz auf dem Klavier den
1932 2732 2979 2792 Doppeladlermarsch mit Feolgriffen und Gedächtnis¬
1930 2768 2971 2836 schwächen improvisiert. Wo die Situation nach lyri¬
1927 2812 2985 2875 schem Erguß schreit, werden flüchtige Ansätze um eines
1923 2862 2983 2900 falsch verstandenen Realismus willen durch die Ver¬
1921 2900 2987 2960 tonung der belanglosesten und banalsten Zwischen¬
1921 2942 2971 3000 reden im Keime erstickt, und wo endlich die tragische
1929 2994 2987 3054 Grundstimmung zum Durchbruch gelangt, da tritt die
1920 3032 2990 3092 alte sentimentale Oper in ihre Rechte, freilich ohne
1926 3069 2980 3136 die unmittelbar zwingende Wirkung einer hin¬
1926 3113 2975 3177 reißenden Melodik. Leicht und seicht und in allen
1922 3166 2987 3223 Zungen redend, nur nicht wienerisch, fließt die Musik
1925 3203 2973 3265 zwischen Wagner und Puccini dahin, da einen Brocken
1926 3254 2986 3297 Massenet mit sich führend, hier ein altes deutsches
1926 3292 2980 3337 Volkslied, und wie drohend und dröhnend beim Er¬
1923 3335 2981 3392 scheinen des „Herrn“ das Nahen des rächenden Schick¬
1933 3373 2971 3438 sals im Orchester mit Pauken und Posaunen ange¬
1925 3419 2973 3470 kündigt wird, der stumme Auftritt Mitterwurzers bei
1918 3470 2985 3531 den Aufführungen des Schauspieles im Burgtheater
1923 3506 2753 3574 hatte dennoch ungleich schnurriger gewirkt.
1999 3546 2967 3620 Die Volksoper war redlich bemüht, das Werk
1930 3591 2965 3670 zum Erfolg zu führen, und nach dem Beifall zu
1924 3642 2975 3689 schließen, der gestern die Darsteller und den Kom¬
1927 3685 2971 3742 ponisten nach den Aktschlüssen umjubelte, schien die
1926 3738 2970 3793 Sentimentalität der Vorgänge auch in der Veroperung
1931 3765 2968 3837 ihre Schuldigkeit zu tun. Die Damen Engel,
1934 3802 2089 3865 Roede
2132 3808 2608 3866 als Christine und
2627 3817 2967 3878 Mizzi deckten
1919 3850 2963 3928 sich in Erscheinung und Spiel wohl nicht ganz
1921 3900 2983 3965 mit den landläufigen Vorstellungen vom süßen
1918 3932 2503 3996 Wiener Mädel. Allein
2553 3940 2969 4011 dem Werke ist
1923 3981 2003 4030 so
2004 3989 2974 4048 wenig mehr wienerisch, daß man diesen
1917 4033 2956 4090 Mangel gar nicht empfand. Für den unglücklichen
1920 4075 2964 4131 Fritz setzte sich Herr Lußmann mit seinem warm
1917 4122 2966 4168 quellenden Tenor ein und den lustigen Theodor gab
