3248 4320
320 226 701 304 Liebelei
163 216 1306 348 5. Lessie1 box 10/1
110 1087 729 1156 und Beschwirom so reichen.
1829 1086 2974 1162 wie e. im Dache stehl, den El. Schmedeiger ausettoten.
83 1117 2964 1199 mliche Annexion des Howas= Vorsivze des Ministerpräsidenten Grafen Badeni wieder Der Redner zerfaserte sodann die gestrigen Candidatenreden
715 1172 1291 1247 eine Ministerberathung statt.
92 1198 214 1266 sein.
1806 1186 2973 1271 der beiden Vorgenannten in äußerst humoristischer Art, wo¬
93 1323 2966 1373 emannes. Und richtig, er bleibt sucht seine Tochter langsam vorzubereiten, Freuno Theodor trotzdem liegt der Goldglanz echter Poesie auf ihr und ihre
1834 1369 2973 1418 nostalgie de la houe findet lyrische Accente, die unwillkür¬
82 1346 737 1419 auwau, der „Herr“ wie ihn der
723 1403 1839 1458 Mittheilung des Unglückes, der Umstand, daß Christine die
1838 1406 2972 1467 lich ans Herz greifen. Unseren Wiener Murger's ist die
91 1389 728 1466 arter als pikanter Generalisirung
723 1448 2960 1498 volle Wahrheit sich Schritt für Schritt erkämpfen muß, Ungenirtheit, das Hemdärmelthum die Hauptsache; sie über¬
90 1450 731 1518 drapfarbenen Ueberzieher gekleidet,
718 1486 1846 1545 steigern die Aufregung der Gemarterten allmälig zur
1841 1493 2958 1549 trage ihre eigene, höchst persönliche Manier in jene roman¬
91 1496 728 1555 atte constatirt aus den umher¬
725 1537 2969 1594 Verzweiflung, und als sie erfährt, daß sie vom tische Gegend, „wo die letzten Häuser stehen,“ legen
95 1525 724 1600 Mantillen, daß Fritz Lobheimer
723 1571 1847 1632 Leichenbegängnisse ausgeschlossen blieb, weil dasselbe in aller
1837 1573 2965 1637 den Objecten ihrer Betrachtung ihre subjectiven Gefühle
92 1585 732 1642 bt, wirft ihm die an seine Frau
726 1623 1843 1685 Stille und nur unter Theilnahme der nächsten Verwandten
1845 1628 2969 1685 unter und preisen sich dann, wenn sie im Kaffeehause bei¬
100 1622 729 1679 Füße und holt zu einem Faust¬
721 1666 1844 1719 stattfend, kennt ihr Jammer keine Grenzen mehr. „Erschossen
89 1658 729 1719 mungsvoller Actschluß, hauptsäch¬
1831 1647 2962 1713 sammen sitzen, gegenseitig als Reformatoren der Literatur.
1833 1709 2964 1766 Man thut dieser Art von Poesie schwerlich Unrecht, wenn
721 1705 1852 1751 haben sie ihn, in den Sarg haben sie ihn gelegt, hinaus¬
100 1697 726 1778 daß der wackere Fritz, der seinen
1842 1737 2974 1818 man sie Kaffeehauspoesie nennt. Beim „Fenstergucker“ und
724 1754 1841 1808 getragen haben sie ihn, in die Erde haben sie ihn verserit,
106 1749 725 1824 die Weiber braucht, von Todes¬
721 1779 1841 1850 und ich war nicht dabei.“ Damit stürzt sie hinaus; die
1843 1791 2981 1856 beim Griensteidl ist ihre Heimat und der Mann mit der be¬
731 1837 1848 1901 jungen Leute eilen ihr nach, der Vater aber bricht zusammen
1839 1832 2522 1902 rühmten Stirnlocke ist ihr Prophet.
88 1814 732 1907 tert in Episoden und bringt das
726 1884 1850 1944 und stöhnt: „Sie kommt nicht wieder! Sie kommt nicht
1916 1877 2969 1944 Die Darsteller des Schauspieles bewältigten ihre heiklen
97 1886 730 1945 t hat noch immer Angst, Christine
723 1911 1847 1983 wieder!“ — Es scheint also doch, daß der alte Mann Recht
1845 1916 2973 1977 Aufgaben mit großem Glück. Obwohl Herr Sonnenthal
104 1931 734 1991 sonst erfährt man weiter nichts,
723 1972 1844 2036 gehabt hat, als er seine Schwester vor dem „Glück“ behütete.
109 1955 732 2036 stattfinden wird, woran Niemand
1844 1974 2969 2034 (Weiring) und Fräulein Sandrock (Christine) dem Wiener¬
798 2013 1847 2071 Wir können uns nach dieser Inhaltsangabe kurz fassen.
76 2012 734 2068 resse ist im zweiten Act nur die
1835 2018 2970 2081 thum innerlich fremd gegenüberstehen, sind sie doch an erster
721 2044 1838 2108 Daß die Schlußscene gut gemacht ist, haben wir bereits be¬
76 2057 720 2129 n Weiring, dem Vater Christinens.
1831 2061 2976 2128 Stelle zu nennen; Herr Sonnenthal sprach mit den weichen,
722 2094 1842 2147 tont, und daß gewisse Cinzelheiten, die man in eine Skizze
92 2089 728 2157 liebt seine Tochter abgöttisch
1844 2104 2975 2167 sanften Tönen, die seine Specialität bilden, Allen zum Herzen,
730 2143 1843 2193 nicht aufnehmen kann, scharfe Beobachtung verrathen, sei
78 2132 733 2207 dadurch zu erkennen, daß er ihrem
1836 2148 2974 2203 Frl. Sandrock lieh der unglücklichen Christine eine wohlthuende
722 2189 1846 2239 hiemit zur Ergänzung nachgetragen; im Uebrigen widerstrebt
89 2174 725 2245 nisse bereitet. Herr Weiring hat
1844 2194 2964 2246 Innigkeit und holte sich mit der virtuos gespielten Schluß¬
718 2233 1841 2286 es uns, in dem aufgehäuften Schmutz noch länger herumzu¬
75 2236 729 2286 Floren und macht sich bittere Vor¬
1835 2237 2969 2287 scene, die alle möglichen Thränensorten verlangt, einen ehrlich
720 2267 1844 2319 wühlen. Es handelt sich in der „Liebelei“ um eine Ver¬
79 2276 726 2338 Nebens sorglich behütet und dadurch
1836 2281 2978 2354 verdienten Triumph. Herr Kutschera fand sich mit dem
731 2315 1844 2376 wienerung des Quartier latin und um ein Freilichtbild der
85 2313 736 2374 hat. Seiner Ansicht nach besteht
1835 2321 2970 2384 Fritz Lobheimer leidlich ab; nur die ewige dumpfe Angst
732 2365 1838 2412 Bohème. Das Wienerthum der Gestalten Schnitzler's ist
92 2361 732 2417 aß ein Mädchen wartet, bis der
1842 2365 2962 2415 dieses „Helden“ kam nicht recht heraus. Den cynischen „Dori“.
722 2398 1843 2462 nicht wurzelecht; die heiteren Figuren vermögen vielleicht noch
92 2407 725 2473 der eine ebenso zarte als pikante
1842 2407 2977 2474 spielte Herr Zeska mit kecker Laune, als „Mizi“ zeigte
726 2445 1850 2497 eher einen halbwegs glaubwürdigen Heimatsschein beizubringen
87 2436 731 2512 ite kommt, sondern darin, daß es
1841 2450 2972 2505 Fräulein Kallina zum ersten Male selbstständiges Chorakte¬
721 2493 1848 2546 und die allerheiterste — der namenlose Sechzehnender — hat
91 2494 735 2552 Galan von der Straße aufliest.
1843 2493 2970 2561 risirungstalent. In einer Episode bewährte sich Fräulein
1842 2530 2162 2592 Walbeck. —
723 2523 1840 2593 sogar den ausgesprochenen Typus eines Wiener Fiakers;
77 2542 725 2595 ger aus der Josephstadt und dem
2147 2528 2965 2592 Bleibt noch der „Herr“ eine Rolle von
728 2582 1849 2632 aber die ernsten Leute des Schauspieles erinnern, wenn sie
87 2581 735 2649 ring mit dieser Theorie sehr ernst,
1838 2582 2962 2646 dreißig Worten, die zur Erhöhung der Sensation — Herr
722 2613 1843 2674 auch auf einer etwas höheren Stufe stehen, doch nur an jene
100 2614 722 2684 den Schatten einer Verstorbenen
1841 2625 2968 2675 Mitterwurzer übernommen hatte. Der hochgeschätzte
724 2655 1837 2716 Pfeudo=Sentimentalität, die in gewissen Sonntags Feuilletons
96 2666 733 2724 e Erfahrungen, die Papa Weiring
1835 2666 2976 2720 Künstler entwickelte in der ebenso kurzen als deutlichen Aus¬
726 2712 1843 2771 gewisser illustrirter Zeitungen en gros erzeugt wird und das
76 2700 731 2770 nd just nicht darnach angethan, der
1845 2718 2976 2792 einandersetzung, die ihm aufgetragen war, eine großartige
725 2749 1842 2810 Entzücken empfindsamer Nähmamsellen bildet. Was ferner
93 2751 737 2809 emeiner Anerkennung zu verhelfen.
1840 2755 2968 2818 Nervosität; man erwartete von seiner fieberhaften Unruhe,
732 2784 1849 2845 die Schilderung der Bohème betrifft, so darf man an einen
94 2799 731 2852 Duell und ist, als Christine von
1836 2799 2971 2856 daß er jetzt und jetzt an den Zerstörer seines häuslichen
88 2834 1845 2894 niß erhält, bereits begraben. Es Vergleich mit den französischen Vorbildern gar nicht denken.
1841 2847 2976 2908 Glücks die gewiß berechtigte Frage richten würde: „Ich bitte
89 2871 1846 2934 che Scene — wohl die einzige in] Man sehe sich nur einmal die Welt an, die Murger beleuchtet.
1844 2887 2979 2962 Sie, Sie kennen ja meine Frau sehr genau; wissen Sie
92 2927 2325 2999 alent belundet. Der zärtliche Vater! An moralischen „Vorurtheilen“ krankt sie gewiß auch nicht; vielleicht, wie ich heiße?“
