3484 4320
416 188 693 271 Liebe
263 189 1407 318 5. #ei box 11/3
1370 1449 3349 1524 mählich zu erzählen, daß er sein Theater nur doch zu viel des Guten. Das kunstfinnige Publi¬
1376 1502 3349 1554 dem Deutschtum und der echten Kunst zuliebe er=kum war über das Stück zuerst ganz verdutzt,
605 1461 1206 1621 Feuilleton.
1395 1556 2353 1608 halte; der materielle Gewinn wäre gleich Null.
2366 1559 3348 1628 dann aber entrüstet. Man fand es empörend,
1385 1593 2361 1665 So etwas zuuß eine ideale Gesinnung genannt
2359 1594 3348 1659 daß der Wachtmeister seine Tochter erschießt.
525 1596 1294 1705 New-Yorker Theater.
1392 1636 3345 1709 werden, besonders im Dollarlande. Glücklicher=Das war ein Schlag für die Moral und die Ge¬
583 1670 1222 1776 Von,Ottb Salland (New=York).
1392 1699 3340 1776 weise machte aber der Herr Direktor bei einem rechtigkeit, die doch im Melodrama fast immer
1397 1753 3347 1811 anderen idecken Unternehmen gute Geschäfte. Er trimmphierend siegt. Von Rechts wegen mußte
460 1739 1384 1841 Wer vor etwa fünf Jahren in der amerika¬
1396 1794 3341 1866 vermietete nämlich an die Kajütepassagiere von der Leutnant erschossen worden. Das sagte und
419 1812 1387 1873 nischen Metropole eine gutes modernes Stück
1401 1852 3346 1912 atlantischen Dampfern bequeme Sessel, auf schrieb man denn auch sehr deutlich. Die
412 1875 1391 1938 sehen wollte, der mußte in Herrn Conrieds
1398 1894 2369 1949 denen sich die Reisenden auf dem Verdeck behag¬
2365 1898 3341 1958 Direktion erschrak und sah im Geiste schon die
408 1923 1379 1975 deutsches Theater gehen. Die meisten englischen
1387 1936 2363 2004 lich ausstrecken konnten. Und da Herr Conried
2358 1944 2763 2014 leere Kasse. Und
2833 1948 3347 2027 n emmnal des Volkes
401 1978 1387 2040 Bühnen pflegten mit rührender Sorgfalt das
1396 1996 2354 2058 das Monopol erhielt, so war der Verdienst sicher
2365 2003 3345 2066 Stimme Gottes Stin ist, se wurde in den
417 2020 1380 2091 erbauliche Melodrama. Man sah dort Schurken
1401 2046 2359 2114 und das Ideal hatte einen soliden Grund, auf
2356 2037 3346 2122 folgenden Vorstellungen der Leutnank um¬
405 2075 1379 2135 mit Musikbegleitung Edelmenschen werden. Das
1397 2095 1952 2161 dem es fest stehen konnte.
2351 2089 3052 2169 gebrach Die Gerechtigkeit hatte
3101 2093 3342 2168 0 glänzend
415 2114 1389 2184 Laster hatte sich bis gegen den Schluß zur
2367 2154 3289 2232 gesiegt, uns das kunstsinnige Publikum w#r #
1431 2145 2364 2233 Die wirklich künstlerischen Erfolge, zu denen
415 2159 1389 2226 Tugend entwickelt, und wenn gerade einmal die
2358 2192 2569 2270 frieden.
1393 2204 2357 2266 Herr Conried das Irving Place=Theater führte,
410 2217 1392 2280 Unschuld im ersten Akt jämmerlich vernichtet
2400 2222 3327 2316 Der Fortschritt war aber nicht mehr aufzu¬
1391 2255 2368 2317 verhalfen ihm vor einigen Jahren zur Direktor¬
410 2260 1379 2325 ward, dann bekam man doch schon bei der Ver¬
1400 2281 3345 2359 stelle am Metropolitan Opera House. Von der halten, und was dem nicht allein gelang, das
406 2314 1388 2383 wicklung das tröstende Empfinden, daß am
2359 2348 3341 2414 brachte die Konkurrenz der Theaterunternehmer
1394 2345 2362 2404 Zeit an ging's aber mit dem deutschen Theater.
412 2363 1379 2426 Ende noch alles gut werden wird. Und man
2361 2397 3343 2462 fertig. In der Geschichte der englischen Theater
1393 2403 2356 2460 abwärts. Unsere Bühne ward immer schlechter,
413 2407 798 2499 täuschte sich nicht.
3195 2430 3351 2521 ison
1392 2446 3173 2514 die englischen Theater hingegen wurden besser. New=Yorks ist nun die gegenwärtige
447 2457 1389 2551 Diese Perlen der dramatischen Kunst bekam
1399 2479 3128 2551 Man begann Bernard Shaws Werke aufzu= der Rekordbrecher. Noch nie wurden
405 2520 1389 2579 man auch in solchen Theatern zu sehen, die
2362 2537 3133 2601 Stücke aufgeführt. Selbst Ibsen fäng
1387 2546 2363 2608 führen, und einige ame#kanische Bühnenschrift¬
416 2564 1294 2638 unsere oberen Vierhundert gern besuchten.
2369 2590 3335 2654 Mode zu werden. Es ist vor allem die russische
1382 2578 2359 2653 steller schrieben auch literarisch wertvollere Stücke
441 2629 1394 2688 Von den Klassikern war es eigentlich nur
2363 2646 3345 2709 Künstlerin Alla Nazimowa, die mit „Hedda
1398 2642 2359 2702 als früher. Der Umschwung kam beinahe plötzlich.
401 2669 1390 2750 Shakespeare, dessen Werke das kunstsinnige
2368 2693 3342 2764 Gabler“ und „Nora“ großen Erfolg hat. Von
1392 2697 2353 2752 Diese neue Aera wurde, um genauer zu sein, vor
405 2716 1378 2798 Publikum von New=York und Umgebung be¬
2358 2742 3337 2818 Mansfield wurde in dieser Saisen auch „Peer
1393 2742 2359 2805 zwei Jahren von dem amerikanischen Schau¬
402 2781 1384 2856 wundern durfte. Und sie wurden geradezu an¬
2368 2786 2716 2854 Gynt“ gegeben.
1387 2796 2360 2852 spieler Daly eingeleitet. Er begann mit Shaws
403 2832 1387 2905 dächtig bewundert. Das kam daher, weil geniale
1389 2851 2355 2908 „Candida“. In dem Stück, das zuerst in Nach¬
2395 2816 3343 2912 Vor einigen Monaten kam nun auch Schnitz¬
403 2883 1384 2945 Theaterdirektoren es fertig brachten, einige
1387 2887 2356 2964 mittagsvorstellungen gegeben wurde, spielte
2357 2888 3346 2964 lers „Liebelei“ auf die englische Bühne. Das
402 2934 1384 2987 Dramen des großen Briten als Ausstattungs¬
1391 2942 2357 3007 Daly den jungen Poeten. Er hatte Erfolg, und
2369 2940 3364 3032 Stück wird als „Reckoning“ im Verkley Lyceum
402 2980 1376 3061 stücke zu geben. Was dem „Star“ nicht paßte,
1391 2987 2357 3052 einige Theaterunternehmer versuchten es nun
2357 2990 3357 3078 Theatre erfolgreich aufgeführt. Die Darstellung
417 3028 1058 3102 wurde ohneweiters gestrichen.
1391 3032 2354 3109 ebenfalls mit modernen Stücken, die dem Publi¬
2354 3053 3349 3111 ist im allgemeinen gut. Man merkt ihr an, daß
456 3066 1388 3149 Im deutschen Theater am Irving Place
1384 3087 2360 3151 kum gar nicht übel gefielen. Es wurden jetzt
2354 3079 3338 3161 der Regisseur, G.=v. Seyffertitz, der lange am
1389 3142 2347 3210 auch Werke von deutschen Dichtern übersetzt und
408 3139 1379 3199 konnten solche Entgleisungen nicht vorkommen.
2356 3143 3332 3199 hiesigen deutschen Theater war, ein Wiener ist.
1388 3185 2356 3248 teilweise erfolgreich aufgeführt. Hauptmann,
408 3180 1392 3250 Die englischen Kritiker, von denen einige
2368 3189 3331 3252 Bei der ganzen Aufführung fehlt aber doch das
2359 3232 3343 3314 „Wiener Blut“ das allerdings vom amerikani¬
419 3241 2356 3312 wünschen, daß man sie ernst nimmt, haben denn! Sudermann und auch Heyse kamen mit einigen
412 3284 2349 3339 auch immer unserem Kunsttempel für feinereihrer Stücke auf die englisch=amerikanische Bühne,
2360 3266 3345 3354 schen Publikum nicht vermißt wird. Am besten
416 3339 2353 3399 Musen einen gewissen Respekt entgegengebracht. und schließlich wurde auch noch Beyerleins
2364 3340 3373 3415 spielt Katberine Grey, die die Christine Weiring
415 3372 2518 3463 Und vom Direktor Conried begann man all-„Zapfenstreich“ gegeben. Das war aber nun lgibt.
