3484 4224
967 134 1423 222 bos 12/7
469 137 642 213 Lieb
299 146 966 255 5. 1e1
748 761 1169 862 10s0
1025 825 1457 871 —
1017 862 1460 897 —
1044 886 1516 932 ———
759 867 1022 941 vom 7.1
1053 1100 1783 1199 Bremer Tagblatt
911 1324 1627 1428 Bremer Stadttheater.
738 1425 1756 1508 Liebelei und Literatur von Arthux Schulgler.
711 1502 1856 1596 Der charokteristische Zug nicht nur des Schnitzlerschen, sonl¬
639 1577 1846 1645 dern eigentlich des Wiener Salon= und Konversationsstückes
649 1617 1848 1683 überhaupt ist etwas Eizigartiges und in seiner Art durchaus
643 1658 1853 1734 Vollendetes, das ich das „Feuilletonistische“, nennen möchte.
654 1705 1852 1767 Das ist die Kunst, eine funkelnde Fülle von Geist, Beobachtung,
648 1746 1852 1819 durch spielerische Eleganz gedämpfte Satire, Empfindsamkeit,
659 1794 1860 1863 Lebensweisheit und tändelnde Frivolität in die sorgfältig aus¬
654 1832 1858 1911 geschlifsene Form eines ganz knappen, nervös beweglichen Büh¬
661 1874 1868 1949 nengeschehens einzusangen. Da soll jeder Satz, eigentlich jede
654 1926 1868 1989 Bewegung, jedes Handlungsteilchen überraschen, glitzern, neue
661 1967 1858 2033 Peize zeigen, wie ein rasch hin= und hergewandter Edelstein im
659 2001 1867 2089 Licht Rillexe vom flüchtigen Aufglänzen bis zum strahlenden
664 2057 1863 2134 Feuer sattbunter Farben wirft. Da sind in den beiden Paaren,
659 2099 1869 2176 die in „Liebelei“ die Träger der Handlung sind, die Vertreter
665 2149 1877 2217 dessen, was man den Wiener Geist nennt; nicht den „öster¬
670 2188 1869 2262 reichischen“ Geist, denn der wienerische ist etwas Spezifisches:
674 2235 1870 2307 Auf der einen Seite der junge, elegante Lebemann, der das
674 2274 1871 2357 liebe Dasein mit künstlerischem Genießertalent lebt und dar¬
673 2315 1869 2402 über gelegentlich mit ironischer Grazie ein wenig philosophiert,
661 2364 1884 2455 ohne sich sein inneres Gleichgewicht stören zu lassen; ihm ent¬
665 2420 1874 2484 spricht das süße „Weaner Madel“ mit der Schmetterlingsseele
671 2452 1878 2532 und der naiven Freude am bunten Leben, in dem auch ein
672 2493 1884 2569 wenig Sentimentalität nicht fehlen darf. Angenehm prickelnde
1530 2538 1882 2597 Auf der anderen
678 2551 1533 2628 Gefühlchen, Sektstimmung und Musik — —
684 2578 1889 2671 Seite der melancholisch angehauchte, schwerblütigere Wiener,
671 2621 1895 2716 der alles vom Standpunkt starken Erlebens — sehen möchte,
684 2679 1888 2745 in allendiesen Dingen aber die unglückliche Hand des Dilet¬
685 2715 1894 2800 tanten hat und aus einer selbstgeschaffenen unhaltbaren Lage
683 2785 1906 2836 die gesellschaftlich notwendigen Folgerungen zieht, um mit der
689 2797 1893 2881 tadeliosen Haltung des formgerechten Kavaliers in den Tod zu
685 2828 1913 2924 gehen. Ihm wieder entspricht das schwermütig veranlagte,
685 2897 1899 2983 gleichzeitig gefühlsstark und romantisch empfindende Bürger¬
681 2938 1911 3003 mädel. Die Ergänzungen zu diesen typischen Gestalten: der
690 2983 1907 3077 alte Musiker, der so herzbewegend mahnt, das liebe Leben nicht
693 3032 1906 3096 ungenossen zu lassen, und die im Philisterium versunkene
682 3068 1902 3141 Kleinbürgerin, die auch einst ein süßes Mädel gewesen ist, und
692 3110 1914 3196 bei der sich die Wiener Sprachgewandtheit in die böse Zungen¬
689 3174 1762 3235 fertigkeit der anen Klatschettel verwandelt hat. — —
763 3194 1904 3277 In „Literatur“ das zur Abrundung des Bildes notwendige
691 3256 1917 3328 Gegenspiel des weiblichen Charakters: die Salondame mit der
700 3295 1914 3356 interessanten halbdunklen Vergangenheit, geistreich, „kompli¬
701 3329 1929 3410 ziert“, sprunghaft, mit großen erotischen Bedürfnissen (man
698 3354 1930 3456 hann's halt net anders ausdrüchen!! — Ramane und Gedichte
1874 1250 3078 1355 schreibend. Ihr (vorläufiger) Bezwinger ist der gepflegte Sa¬
1881 1296 3074 1389 lon= und Svortsmann, dem die aristokratischen Allüren wie
1874 1334 3072 1421 angegossen sitzen, und um den die spöttisch=überlegene Korrekt¬
1883 1379 3082 1464 heit eine durch nichts zu erschütternde Mauer gezogen hat.
1880 1419 3081 1515 Letzken Endes ein Blender. Und dann haben wir ein leben¬
1875 1503 2343 1571 diges Stück Wien — —
1957 1491 3079 1589 Clara Goericke gab die Höhevunkte ihrer vornehmen
1877 1554 3085 1645 Kunst im zweiten Stück. In „Liebelei“ war sie viellelcht n
1888 1598 3078 1681 wenig zu deutsch=gefühlsoll, anstatt wienerisch=sentimental zu
1878 1638 3088 1745 sein. Nun hat ja allerdinas das Stück nach dem von konzen¬
1887 1681 3085 1770 trierter Stimmung erfüllten ersten Akt ein paar Breiten und
1892 1724 3088 1818 Schwächen, die besonders dadurch in Erscheinung traten, daß
1895 1776 3100 1856 Walter Thomaß und Emma Schulhof=Frühling in
1892 1818 3102 1894 ihren Rollen nicht ganz in ihrem eigentlichen Gebiete waren.
1889 1877 3090 1947 Und der tragische Schluß im Sinne des „bürgerlichen Trauer¬
1889 1905 3096 1997 spiels“ hinterläßt,so meine ich wenigstens, keinen reinen und
1895 1945 3108 2041 starzen Eindruck. Die Verkörperung der Margarete in „Lite¬
1895 1994 3113 2078 ratur“ aber war so überzeugend und echt, daß mon den Ver¬
1898 2035 3102 2123 lust, den Clara Goerickes Fortgang für unser Theater bedeutet.
1894 2084 3100 2175 sehr empfand. Das kam auch in dem Beifall des Publikums
1908 2123 3102 2214 und in den Blumenspenden zum Ausdruck. Gerti Selles
1908 2168 3105 2257 Mizi Schlager war in ihrer sprudelnden Lebendigkeit eine ganz
1902 2215 3106 2293 hervorragende Leistung. Ernst Dernburg gab den Wiener
1903 2255 3111 2353 Lebemann schon im ersten Stück so, wie er sein soll; auch ihm
1908 2312 3107 2395 gab besonders der vornehme Aristokrat und Sportsmann im
1907 2343 3111 2437 L. Stück Gelegenheit zur Entfaltung einer trefflichen Charakte¬
1902 2380 3116 2476 risierungskung Carl Gerhard=Schröder dagegen ge¬
1905 2439 3115 2527 siel mir besser in „Liebelei“, da er in „Literatur“ das „Schla¬
1915 2485 3107 2565 winerhofte“ denn doch ein wenig ins Burleske zog und da¬
1919 2509 3135 2610 mit die Gedämpftheit des Tones durchbrach. Max Brock fand
1912 2550 3121 2654 sich mit der Episodenrolle des „Horrn“ in guter Haltung ab.
1908 2621 3126 2694 Dr. Alwin Kronachers Bühnenbilder waren geschickt gestellt.
2959 2653 3096 2710 K. 1.
