3484 4256
317 159 732 232 Liebelei
860 149 1308 241 box 12/8
303 203 733 272 nn 1u. iun dn — . —. au un
220 943 355 1026 3310
214 1005 355 1068 2-24
607 1486 1794 1534 neugiervoll betrachten wir diese müden Menschen ohne Gefühl,
611 1523 1798 1583 ohne Seele, diese von Selbstverhätschelung Angekränkelten und
234 1493 575 1633 nd lacht.
606 1563 1806 1622 Verdorbenen, die das Leben so stolz zu meistern wähnen, wäh¬
624 1609 1799 1665 rend das Leben sie wegwirft, beiseite stößt und zerbricht.
250 1616 547 1704 artlebens
1439 1647 1806 1709 unmöglich schade
616 1651 1375 1705 Wir können um diesen Zusammenbruch
608 1693 1797 1745 finden, weil nichts an ihnen war, was das Erhalten verdiente.
601 1731 1798 1798 Der trauerumflorte letzte Akt mit dem Blick auf ein eben ver¬
603 1788 1807 1839 schüttetes Grab und ein anderes vernichtetes, kaum reifes
232 1797 555 1874 chtem Können, a#
599 1833 1806 1884 Menschenleben dünkt uns allenfalls rührsam, keineswegs aber
285 1857 587 1914 zkeiten der vor¬
614 1860 1805 1926 vermag er uns als Tragik##er als Schicksal irgendwie näher
293 1892 586 1958 im Läufe des
615 1922 1804 1967 anzugehen und zu ergreifen. Das alles erhebt uns nicht, und
284 1938 595 2006 einst führend ge¬
606 1951 1338 2023 wir sind froh, als es endlich vorüber.
287 1990 579 2048 nschenalter das
677 1995 1794 2077 Auch die von Emil Lind in Feinheit zusammengestlmmte
292 2026 600 2103 beherrschten, für
612 2047 1797 2112 Aufführung kann den Versuch der Wiederbelebung nicht recht¬
388 2078 595 2129 eine dicke
611 2102 1801 2163 fertigen. Alle geben sie sich die redlichste Mühe, aus dieser
276 2112 595 2183 ere Verhältnisse.
609 2157 1805 2209 Wenigkeit einen Inhalt zu schöpsen: Anton Edthofer und
278 2163 499 2228 m kaum je
733 2203 1796 2244 st Pröckl, die beiden in Liebe flanierenden „jungen
278 2202 593 2268 mitbestimmende
608 2222 1805 2289 Leute“ vom Typ des Schnitzlerschen Nichtstuers Anatol, Emil
266 2250 601 2309 art eingreifender
607 2282 1809 2336 Lind als das Recht auf „Erinnerung“ bejahender und so die
276 2295 593 2358 wenigen Jahren
610 2313 1803 2376 Tochter in ihr Verderben entlaufen lassender Vater Weiring
243 2334 590 2398 nders gewordenen
609 2356 1814 2421 und Adrianne Gessner als frechnasig fesche Modistin. Sie
237 2382 605 2440 littenen Epoche.
617 2399 1808 2459 alle brachten nicht fertig, aus einem Stück, das Dichtung nicht
252 2427 595 2486 längst überwunde¬
622 2454 1805 2506 und nie tiefere Wirklichkeit war, den Funken des Lebens zu
248 2469 604 2530 us der Schaffens¬
606 2487 1805 2554 schlagen. Und wäre nicht Käte Dorsch das süße Mädel ge¬
247 2509 608 2575 ines uns zeitlich
616 2534 1803 2589 wesen — der Abend hätte in Trockenheit einstauben müssen.
245 2555 603 2614 onderg auch uns
620 2588 1818 2637 Sie allein holt mit lieber Stimme und lieber Gebärde aus dem
289 2589 616 2657 Offenbarungen
609 2630 1810 2681 Wiener Kind, das dem ersten Schicksal zum Opfer fällt, Mensch¬
276 2639 607 2703 für uns demnach
609 2661 1812 2730 lichkeit vor, zumal im letzten Aufzug mit einem erschütternden
375 2683 605 2747 eines Ibsen
270 2684 365 2746 ßten,
620 2706 1819 2771 Schreien wilder, gänzlich fassungsloser Verzweiflung, das in ein
294 2729 591 2791 lbst vermag uns
618 2741 1820 2810 leiser und leiser werdendes hilfloses Weinen verebbt. Bis
269 2770 606 2827 tmann etwa ober
618 2789 1811 2859 dahin die Ausdrucksmittel klug zurückhaltend, wird sie in dieser
252 2818 606 2880 t. Richtet das nicht
615 2832 1814 2900 Schlußszene vollendete Künstlerin und unerreicht groß. Ge¬
262 2857 596 2921 denten Geschmäck¬
619 2868 1818 2955 dämpftes Saitenkviel, jäh aufkreischend und zerreißend in der
252 2901 596 2972 ie geringe Geistig¬
625 2919 1826 2984 Grelle der vom Leben her in alle Traumschönheit erbarmungs¬
621 2963 1820 3028 los hineinfahrenden Dissonanzen. So täuscht sie über die Leere
258 2987 604 3058 Mädeln und jun¬
628 3011 1818 3073 des Werks, daß man fast vermeint, Tragik in ihm zu ver¬
250 3043 603 3102 öglichst genußreich
620 3069 805 3129 nehmen.
251 3089 601 3147 ng eines fremd ge¬
692 3084 1835 3158 Gleichwohl ist sie uns in des Otto Erich nachfolgender
239 3123 600 3195 Liebelei“ Er¬
624 3158 1824 3212 burlesker Komödie „Die Lore“, dieser lustigen Geschichte vom
261 3166 613 3230 n Gefühl, das uns
627 3207 1827 3256 abgerissenen, ein Liebeserleben zu jäher Vergänglichkeit ent¬
257 3215 609 3276 te als bittere Tra¬
626 3240 1817 3292 scheidenden Knopf, ungleich willkommener gewesen. Diese gän¬¬
242 3259 601 3320 Hier etwas Gewele¬
618 3284 1817 3347 lich unerzogene, aus der Rolle der Dame immer wieder ent¬
253 3300 606 3359 mals rechte Jugend
378 3321 1819 3383 - nicht etwa) gleisende leckere Nange, die immer erm## denden Mundweiis
626 3366 1823 3428 ihre Geschichten, die ihr doch keiner glaubt, nur so herunter¬
259 3383 605 3449 nes Schöpfers Ge¬
617 3406 1819 3479 flunkert und im Erzählen, hingerissen von ihrem Temperament,
386 3426 612 3495 angenehm
613 3447 1824 3519 vom Sofasitz sich höher und höher versteigt, bis auf die geschweifte
267 3465 606 3530 Schwermut ge¬
627 3492 1818 3552 Lehne, die ihre sertige Erfahrung in die unbestreitbare Lebens¬
297 3513 620 3576 Plätschern in
617 3527 1822 3599 weisheit zusammenfaßt, daß ein abgerissener Knopf an der eigenen
252 3545 620 3622 tsarme Schwär¬
251 3583 1834 3644 es uns an, da die Bluse noch immer weit weniger schlimm, als eine im Hirn des
263 3614 1842 3721 den. Ein wenig Nächsten locker gewordene Schraube — das ist doch etwas Hand¬
2300 1397 2614 1484 e
1813 1471 3000 1532 festes wenigstens, woran man zu knabbern hat. Und wenn sie
1825 1505 3015 1568 sich dann von dem einstigen Liebhaber Fred, der „nicht schlecht,
1814 1549 2998 1598 bloß verdorben“ mit einem holde Erinnerung heraufbeschwören¬
1815 1599 3010 1649 den minnigen Kuß, sodann von dem Freu de der eben verflossenen
1818 1638 3001 1699 „Gegenwart“ mit ausgestreckter Zunge so recht gassenjungenhaft
1810 1682 3012 1746 verabschieden tut, um mit dem Freunde der nächsten Zukunft Arm
1809 1732 3000 1780 in Arm sich der neuen Liebe entgegenzuschwindeln, so ist man bewäl¬
1813 1775 3013 1827 tigt von so viel selbstverständlicher Ruchlosigkeit, der in allen
1818 1806 3009 1869 Wandlungen doch niemals vom Gefühl verlassenen Rackerhaftig¬
1812 1864 3020 1917 keit dieses süßen Krötchens. Ullrich Bettac als rasch vom
1810 1900 3016 1963 Feuer zu lichterlohem Brande entzündeter „Kleiner“, Rudolf
2218 1942 3012 2003 als aus den Stürmen des Lebens
2044 1955 2107 2012 R o
1895 1995 3007 2048 lächelnd erhabene Flegelei gestrandeter Fred. Otto
1819 2021 3022 2112 Erichs mit ganz besonderer Liebe gezeichnetes Selbst¬
1816 2071 3009 2132 bild, und Walther Steinbeck als steifleinener
1826 2107 3018 2174 Vetter mit der aufgebürsteten „Raserei“ seiner Liebesvertollt¬
1821 2172 3016 2226 heit: das ergab für den flüchtigen und flüssigen Scherzosatz ein
1822 2197 3015 2254 Quartett, dessen lustigen Kapriolen zu lauschen gar wohl ein
1824 2254 3015 2311 ungemeines Vergnügen bereiten konnte. Nur wünscht man dem
1825 2291 3017 2353 Gretchen“ des Lessing=Theaters andere Aufgaben, die der Er¬
1822 2319 3036 2395 füllung mit so viel entzückender Poesie und naturwahrer Mensch¬
2829 2379 3032 2448 A. Wi
1817 2387 2388 2470 lichkeit würdiger entsprächen.
