3436 4224
283 145 666 224 Liebelei
144 142 785 269 5 „ chk.
148 1067 828 1153 hendlich frei. Er theilte mir seine
134 1132 810 1213 fragte, ob er wohl Hoffnung habe,
134 1182 810 1249 Interessantes zu sehen. Ich rieth
143 1225 802 1301 die Reise auf den October oder
137 1272 800 1355 eben — am anderen Tage befand er
138 1323 804 1394 ach Berlin; man läßt sich eben nur
130 1372 811 1439 ben, um ihn nicht zu befolgen. Und
127 1411 803 1486 Wiener Café und er erzählte mir
147 1497 806 1583 im Ganzen mit dem Wiener Auf¬
129 1595 805 1682 r nur kurze Zeit in Wien und die
140 1656 268 1719 wählt.“
139 1673 812 1756 drückte wohl Schadenfreude aus, denn
139 1747 820 1822 ckonnte nicht anders, und Geptember
138 1796 490 1865 sser, als gar nicht.“
143 1829 817 1920 nigstens in Wien gewesen wäre, um
148 1887 373 1952 zu gehen!“
139 1924 810 1993 sind so liebenswürdige Leute, daß ich
142 1980 821 2046 Vorsehung sehr gut wegkam. Doctor
132 2020 814 2081 kector des Burgtheaters, und Kadelburg
137 2073 816 2137 kstheater, waren überaus herzlich in
137 2118 824 2190 ft, und ihnen habe ich es zum großen
143 2166 822 2228 k. daß ich trotz der kurzen Zeit doch so
140 2216 628 2276 kehrreiches zu sehen bekam.“
144 2244 709 2328 Sie im Burgtheater gesehen?“
136 2309 616 2375 Frmärchen" und „Liebelei“.
140 2335 834 2421 ch sehr gut, daß Sie gerade ein
169 2393 817 2458 sehen bekamen; wie hat Ihnen
128 2445 835 2526 ich meine die Auslegung unserer Burg¬
151 2491 218 2558 20
135 2520 817 2594 krtete nicht sofort; er ist ein Schotte,
138 2586 820 2650 t charakterisirt die drei Völker Groß¬
132 2630 819 2696 ermaßen: Der Irländer spricht, bevor
126 2682 825 2749 kländer denkt, bevor er spricht; der
138 2725 533 2812 nal, bevor er spricht.
815 144 1265 241 box 13/8
897 1049 2848 1158 „Ich will mir kein Urtheil über das Spiel anmaßen; Vergangenheit und Gegenwart des deutschen Dramas zu
1826 1117 2861 1181 wenig, um zu wissen, wie alt dieser dramatische Styl ist,
809 1137 1394 1202 dazu habe ich zu wenig gesehen.“
1831 1166 2865 1230 wie viel davon Eigenart des Dichters ist, wie viel
900 1162 1833 1235 „Sie mißversiehen mich,“ sagte ich, „es liegt mir
1829 1213 2863 1271 etwaigen Vorbildern gehört; aber so, wie es ist, sehe ich
819 1222 1833 1285 nichts ferner, als Sie über die Leistungen einzelner
1838 1259 2857 1325 darin jenen Typus des modernen deutschen Dramas, um
823 1279 1829 1339 Schauspieler und Schauspielerinnen zu befragen; ich habe
1842 1295 2868 1367 den ich Euch so unendlich beneide: ein Stück Leben
811 1316 1835 1374 keine Ahnung davon, wie die einzelnen Rollen des
1831 1342 2863 1423 innerhalb der Grenzen von Ort und Zeit, wie sie die
816 1360 1827 1436 Wintermärchens besetzt waren, und das hätte für mich
1841 1398 2868 1461 Bühne vorschreiben muß, sonst ohne jeden entstellenden
820 1410 1834 1477 auch nicht das geringste Interesse. Was ich wissen möchte,
1839 1446 2866 1514 Zwang, ohne die Künsteleien der französischen Technik
815 1456 1834 1522 ist, ob Sie einen wesentlichen Unterschied zwischen den
1840 1492 2869 1565 und ohne jenes zweite Moment, dessen Herkunft sich nicht
805 1503 1828 1580 englischen und unseren Shakespeare=Darstellern bemerkten.
1837 1541 2856 1615 so leicht angeben läßt, das aber unserem Theater un¬
818 1549 1834 1619 Ich meinerseits war sehr angenehm überrascht, als ich
1834 1588 2241 1659 endlich geschadet hat.“
820 1593 1829 1659 zum ersten Male englische Schuuspieler in Shakespeare¬
1925 1625 2581 1694 „Welches ist dieses zweite Moment?“
811 1639 1833 1699 Rollen sah: mir schienen unsere Wiener an Auffassung,
1921 1659 2861 1738 „Der Witz um jeden Preis. Wenn sich ein englischer
821 1693 1530 1772 Kraft und Anmuth weitaus überlegen.“
1847 1725 2856 1790 Schriftsteller hinsetzt, um einen Dialog zu schreiben, so
899 1717 1834 1791 „Nein,“ sagte Archer, „ich fand das Spiel gut, aber
1847 1770 2871 1833 befragt er nicht in erster Reihe sein Gedächtniß darüber,
798 1782 1837 1847 ich kann nicht sagen, daß es mich besonders überraschte;
1835 1811 2869 1876 wie Leute von dem und dem Charakter in der und der
822 1831 1836 1889 die Darstellung war nicht unter, aber auch nicht über
1849 1865 2870 1941 Lage sprechen, sondern er sucht nach einem Wortspiel, einem
820 1881 1831 1955 dem Niveau dessen, was wir auf guten Londoner Bühnen
1842 1921 2470 1985 Situationswitz, einem Epigramm.“
820 1927 1839 1990 zu sehen bekommen. Nur in einem Punkte sind euere
1936 1937 2860 2041 „Das ist aber ein altes Erbstück der englischen
819 1967 1841 2023 Shakespeare=Darsteller den unseren überlegen: ihre aus¬
1852 2001 2030 2077 Bühne!“
820 2016 1835 2088 gezeichneten und offenbar vortrefflich geschulten Stimmen
1919 2029 2875 2112 „Ja, sehr alt und sehr ehrwürdig, aber darum nicht
825 2062 1844 2125 gestatten es ihnen, längere Stellen sozusagen in einem
1850 2104 2874 2158 minder ein Fluch. Shakespeare hat der Sünde gefröhnt,
826 2105 1835 2173 Athem vorzutragen, wo unsere Leute gezwungen sind,
1841 2140 2873 2201 ohne ihr Urheber zu sein, und die Dramatiker der
829 2153 1836 2223 mehrere Pausen zu machen — Sie können sich denken, wie
1846 2194 2872 2256 Restauration sind, was dieses dramatische Laster betrifft,
824 2201 1836 2274 viel die schönsten Verse dabei von ihrem Schwunge und
1840 2236 2867 2299 weit mehr die Schüler ihrer englischen Vorgänger als
832 2252 1246 2332 ihrem Feuer verlieren.“
1849 2293 2873 2345 man gemeiniglich glaubt. Ich sehe in dem Dialoge
919 2276 1673 2370 „Und wie hat Ihnen „Liebelei“ gefallen?“
913 2326 2874 2400 „Es war ein sehr genußreicher Abend, ein merk= Albery's, Robertson's und Pinero's — ich meine Pinero
1841 2382 2878 2437 in seiner ersten Periode — einen directen Abkömmling
826 2386 1634 2465 würdiges Stück, ganz ausgezeichnet gespielt.“
1845 2418 2874 2482 des älteren englischen Styls. Natürlich, il a diablement
911 2436 1433 2503 „Inwieferne merkwürdig?“
1839 2466 2881 2538 changé en route,“ und der Einfluß hat auch das seinige
910 2480 1840 2552 „Ein simpler Dialog, ohne jeden Aufwand von
1851 2513 2880 2578 gethau. Genug, das Malheur ist geschehen: die gekünstelte
829 2514 1846 2595 Geist oder Witz — einige hübsche Worte im ersten Acte
1850 2560 2874 2616 Technik und der oft bei den Haaren herbeigezogene Witz
824 2578 1845 2632 nehme ich aus — kein eigentlicher Aufbau, kaum eine
1843 2610 2867 2655 des Dialogs sind nach meinem Gefühle der Fluch des
826 2615 1848 2693 Fabel im herkömmlichen Sinne, ganz commune Menschen
836 2647 2894 2728 mit den allergewöhnlichsten Interessen, und doch ein englischen Theaters; sie sind fast so arg wie die seligen
799 2698 2583 2796 überaus wirksames, bedeutendes Stück. Ich kenne die drei Einheiten Racine's und Voltaire's.“
