3436 4384
235 240 785 334 4.7. Anatol
861 243 1410 315 Hochzeitsmor
1518 259 1577 315 I
501 258 1591 347 01
962 1387 1362 1478 (Qualienangabe ohne Gewähr.)
569 1461 1048 1555 Ausschnitt aus:
547 1512 644 1596 9
1004 1472 1835 1664 Araslauer Norgon Zeltung
729 1538 1020 1621 25 A06 1907
539 1579 784 1643 E vom:
799 1619 838 1669 1
608 1663 663 1716 G1
895 1679 1244 1780 Theater.
551 1757 1718 1833 ommertheater. Sonnabend, 24. August. Einakter=Abend.
570 1833 1709 1879 ute Namen standen auf dem Programm: Dreyer, die Viebig.
635 1867 1700 1918 Die Reihe hätte vielleicht umgedreht werden sollen. Denn
570 1875 1700 1945 ehers „Liebesträume“ die übrigens schon vor Jahren
554 1943 1684 1990 betheater geträumt wurden, überragen in ihrer knappen, festen
560 1984 1679 2026 ng die konrurrierenden Einakter beträchtlich und gehörten daher
586 2024 1695 2074 dem Gesetz der Steigerung — an den Schluß, nicht an den
578 2057 1697 2118 Das kleine Stück bietet für die Darsteller nur eine Schwie¬
601 2106 1680 2148 en ungewohnten Dialekt der Wasserkante. Sie wurde denn
596 2137 1667 2183 ht überwunden. Frl. Steimann kämpfte ebenso tapfe
626 2169 1679 2235 ie mit der derben Urwüchsigkeit ihrer mannweiblichen
620 2219 1682 2263 rl. Steimann unterlag nicht gerade, aber sie blieb auch
562 2251 1699 2314 berall Siegerin. Herr Junker ist als Schwerenöter immer
478 2298 1705 2356 hr liebenswürdig, für den Oppermann aber, dem doch schon mancher
429 2334 1702 2381 Sturm um die Nase geblasen hat, ein bißchen zu jugendlich im on.
429 2375 1695 2417 Frau Horwitz plagte sich mit einem Mondschein=Backsisch. Als
425 2400 1700 2478 Frau Direktor hat sie doch eigentlich solche Exkursionen auf fremdes
434 2451 899 2501 Gebiet nicht kontraktlich.
490 2461 1715 2550 Es folgte „Fräulein Freschbolzen“ ein Glied aus dem
425 2520 1705 2581 Zyklus „Der Kampf um den Mann“ von Clara Viebig. Wenn die
429 2563 1710 2626 anderen Glieder des Zyklus die im Titel angedeutete Tendenz nicht
432 2606 1705 2662 stärker verraten, als „Frl. Freschbolzen“, so kann dieser „Kampf um
434 2644 1701 2696 den Mann“ nicht gerade sehr aufregend sein. „Frl. Freschbolzen“ bringt
427 2681 1705 2732 einige sehr breit ausgesponnene Szenen aus dem Vormittag eines
426 2725 1707 2764 Berliner Schneiderateliers. Ein paar nette Typen laufen drin spa¬
433 2774 1703 2828 zieren, unter denen der freche Geliebte des Titelfräuleins die netteste
464 2800 1698 2860 t. Aber die tragischen Möglichkeiten des Kampfes um den Mann
418 2843 1694 2896 werden kaum gestreift. Der Einakter bleibt trotz seiner ermüdenden
428 2886 1704 2929 Betonung des Detail in der Skizze und im Schwankhaften stecken.
433 2921 1703 2978 Herr Junker hatte, wie im ersten Stücke, einen ruppigen Frauen¬
425 2964 1706 3005 liebling zu spielen. Die vulgäre Variation des Charakters geriet ihm
422 3000 1702 3051 viel besser, als die vornehme. An seinem berlinischen Versicherungs¬
426 3036 1707 3094 Agenten war jeder Zug echt. Unter dan Schneidermädchen gefiel mir
419 3087 1700 3126 die stürmische Jugend des Frl. Laßwitz am besten. Aber auch die
420 3126 1700 3188 Damen Steimann. Horwitz, Hoffmann, Düren brachten ihre
429 3151 953 3214 Rollen sehr geschickt heraus.
493 3190 1703 3241 Zuletzt kam Schnitzler mit dem Schlußstück seines „Anatol“ dem
423 3243 1704 3281 „Hochzeitsmorgen“, der hier zum ersten Mal aufgeführt wurde.
426 3279 1705 3317 Däß er so lange Zeit der Bühne fern blieb. beweist, daß er nicht zu
420 3319 1703 3358 den besten Nummern der „Anatol“=Reihe gehört. In der Tat will sich
431 3352 1706 3418 die rechte Anatol=Stimmung nicht einstellen. Der Witz der pikanten
428 3394 1696 3445 Situation hält nicht eben lange vor und vergeblich bemüht sich
419 3434 1687 3479 Schnitzler um eine kecke Schluß=Pointe, die ihm sonst so leicht einfällt.
415 3454 1704 3525 Man hätte vielleicht besser getan, diesen „Hochzeitsmorgen“, dem
403 3514 1694 3586 Buche nicht zu entreißen, wo er entschieden bessere Figur macht, als
399 3551 713 3624 auf der Szene.
483 3584 1679 3642 Dazu kam, daß Herr Ziegel, der ganz unwienerische Schau¬
414 3625 1697 3667 spieler, den Anatol spielte, den Typus des blasierten melancholischen
406 3677 1692 3715 Wieners, und daß Frau Horwitz in dem Bestreben, die feurige
411 3704 1701 3769 Ungarin Ilona mit entsprechendem Dialekt auszustatten. die Länder
401 3745 1700 3815 berwechselte und nach Polen geriet. Blieb nur Herr Spira, der
401 3793 1408 3846 dem getreuen Max die echte Lokalfarbe geben konnte.
483 3833 1700 3910 Das Haus war dicht gefüllt und sehr dankbar für alle Gaben des
400 3851 597 3920 Abends.
1730 243 2105 330 box 8/3
2918 351 3286 438 Telephon 12001.
2176 422 2222 469 720
2197 459 2231 491 1
2225 495 3271 621 MilTRTRTETIT SHRNg
2154 595 3275 673 O l. österr. behördl. konz. Unternehmen für Zeitungs-Ausschnitte
2318 638 3179 746 Wien, I., Concordiaplatz 4.
2530 719 2964 795 Vertretungen
2170 762 3275 848 9 in Berlin, Budapest, Chicago, Christiania, Genf, Kopen¬
2192 806 3284 894 hagen, London, Madrid, Mailand, Minneapolis, New-Vork,
2247 851 3252 937 Paris, Rom, San Francisco, Stockholm, St. Petersburg.
2548 899 2949 956 (Quellenangabe ohne Gewähr.)
2142 918 2613 1015 6 Ausschnitt aus:
2673 991 3143 1095 ner Zeitung
2108 1006 2616 1101 E vom: 5.AU6 1907
2365 1134 2997 1233 Breslauer Cheater.
2082 1216 3304 1273 M. W. Breslauer Sommertheater (Liebichs Etablissement).
2036 1256 3304 1340 Sonnabend: „Lies#eß#räume.“ — „Fräulein Freschbolzen.“
2080 1320 3296 1375 „Anatals Hiychzeitsmorgen.“ Mit einem sehr hübsch zu¬
2026 1345 3302 1427 sämmengestellten Einakter= Abend hat sich Herr Ziegel reumütig
2031 1429 3298 1485 wieder zur Literatur bekannt. Sein Lohn war ein nahezu ausverkauftes
2015 1461 3308 1528 Haus, d## sich für die drei dramatischen Varianten des Themas „Der
2017 1519 3311 1595 Kampf um den Mann“, sehr herzlich interessierte. Denn diesen Titel
2012 1542 3300 1628 könnte (mit weit größerer Berechtigung als der Dramenzyklus, dem der
2019 1616 3299 1675 zweite Einakter entnommen ist) die Komposition von gestern Abend
2026 1662 3311 1729 führen. Die Rolle, die dem Mann als dem vielumworbenen Wertobjekt
2021 1702 3302 1775 im Liebeskampf zugeteilt wird, ist in allen drei Komödien ungefähr die
2015 1764 3299 1817 gleiche. In Max Dreyers (früher oft bei uns gespielten) „Liebes¬
2003 1792 3324 1888 [träumen“ ist er der urewige Glücksritter, aber in allerangenehmster
2004 1857 3331 1939 Form. Wenn der stets gewandte Bummler allmählich seine
2012 1907 3300 1975 weisen diätetischen Daseinsprinzipien wahr machen, und die herbkraft¬
2006 1953 3295 2033 volle Gutsherrin für die Ehe, das mundscheinsüchtige Backfischchen für
2000 1996 3299 2071 den Flirt und das dralle Stubenmädchen für die primitiv=realsten Liebes¬
2002 2042 3304 2115 genüsse sich verpflichten will, so ist der seiner differenzierenden Wirkungen
2005 2106 3299 2174 sichere Frauenkenner eigentlich ein so liebenswürdiger Kerl, daß der ihn
2014 2146 3284 2228 jäh treffende Peitschenhieb der nur durch einen Zufall aus ihren Liebes¬
2001 2189 3284 2278 träumen erweckten, rachesuchenden Gutsbesitzerin schließlich weit brutaler
1980 2256 3286 2317 pifl als seine famose Taktik. Der Liebhaber, den Clara Viebig ihrem
1998 2303 3294 2381 „Fräulein Freschbolzen“ an die Seite stellt, ist eine ordinäre
1998 2333 3289 2429 Ausgabe des Dreyerschen Lebenskünstlers. Für die Weiber seiner Um¬
2000 2397 3286 2473 gebung, von der ältlichen Schneiderin, die sich an ihn gehängt hat, bis
2007 2453 3287 2523 zum jüngsten Nähmädchen, das seinetwegen die ersten Liebesqualen er¬
1993 2507 3289 2578 duldet, hat er nur einen Ton, allerdings einen sehr verständlichen und
1981 2554 3276 2616 gut verstandenen. Und gerade die genaue Herausarbeitung und exakte
2291 2592 2967 2656 (Fortsetzung in der #weiten Reit##en
1948 2622 3251 2702 Beobachtung dieses sehr lebendigen Typs macht die dramatisch eng¬
1952 2671 3251 2738 brüstige (wenn auch in ein scharf gesehenes Milieu verwobene) Anekdote
1964 2726 3241 2795 seines Wirkens im Atelier der Freschbolzen wirklich genießbar. Arthur
1958 2785 3250 2845 Schnitzlers Anatol, der leichtsinnige Wiener Melancholiker und
1952 2825 3245 2887 Viveur mit den Manieren des Aestheten und dem Gestus des
1955 2876 3246 2936 Neurasthenikers endlich ist seit langen Jahren auch auf der Bühne
1959 2917 3243 3005 heimisch. Allerdings gerade durch jene Stücken aus dem Zyklus, die ihren
1959 2966 3247 3039 dramatischen Qualitäten zum Trotze am wenigsten von dem psychologischen
1965 3035 3255 3095 Gehalt der Figur, von Anatols neryöser Intensität des Genießens und
1971 3057 3256 3141 Verachtens widergeben. Von allen Szenen des graziösen Liebesreigens
1972 3114 3260 3193 ist „Anatols Hochzeitsmorgen“ die innerlich ärmste, vielleicht
1961 3166 3266 3226 die einzige oberflächliche. Sicherlich aber die theatertechnisch weitaus
1962 3213 3257 3288 reifste. Und es ist also mehr als merkwürdig, daß alle Direktoren
1972 3259 3267 3333 konsequent an der amüsanten Komödie im französischen Schwankstil
1973 3306 3267 3387 vorübergegangen sind, um unserer Sommerbühne die Ehren der stark
1964 3350 3265 3424 verspäteten Uraufführung zu überlassen. — Die Darstellung
1963 3406 3263 3488 sprach allenthalben kräftig für die Fähigkeiten des Ziegelschen Ensembles,
1977 3469 3268 3527 im besonderen für die Regietüchtigkeit der Herren Junker, Bertram
1965 3504 3263 3601 und Ziegel. — Herr Junker fand, wie das natürlich ist, für den
1972 3557 3262 3618 Schwerenöter der Clara Viebig viel charakteristischere Züge, als für den
1979 3615 3269 3671 Max Dreyers. Den Anatol gab Herr Ziegel völlig in eigener Auf¬
1976 3649 3264 3734 fassung als diskrete Karikatur, als posierenden Selbstbespiegler und in
1969 3701 3268 3781 Elegie schwelgenden Beau. Fräulein Steimanns tüchtige Guts¬
1984 3752 3262 3822 frau war so richtig erfaßt und durchgeführt wie ihre hilflose Fresch¬
1972 3799 3265 3869 bolzen Fräulein Horwitzs rassige Brünette von drolligster Echtheit.
1971 3850 3277 3908 Als keusches Jungfräulein und als freches Berliner Nähmädel hatte sie
1968 3909 3267 3963 vorher eine beträchtliche Wandlungsfähigkeit bewiesen. Sehr freundliche
1972 3958 3273 4014 Erwähnung können noch Herr Landsberg mit einer wieder sehr
1987 3985 3273 4069 genau durchdachten Charaktercharge und Herr Spira und die Damen
1980 4051 3277 4132 Laßwitz, Düren, Hoffmann und Spira=Andresen
1980 4116 2242 4179 beanspruchen.
3081 4108 3297 4203 r.
