3436 4384
1526 203 1615 260 n
257 211 1445 260 4. 7. Anatols Hochzeitsmor
511 206 1629 293 e. en eeeeee e e e  e e  EC
1114 523 1449 610 Telephon 12.801.
575 661 1288 750 „ODÖERVER
401 728 1513 788 I. österr. behördl. konz. Unternohmen für Zoltungs-Ausschnitte
592 774 1334 862 Wien, I., Concordiaplatz 4.
809 830 1126 905 Vertretungen
410 883 1505 963 in Berlin, Basel, Budapest, Chicago, Cleveland, Christiania,
401 926 1495 992 Genf, Kopenhagen, London, Madrid, Mailand, Minneapolis,
394 965 1507 1035 New-Vork, Paris, Rom, San Francisco, Stockholm, St. Peters¬
808 1009 1113 1066 burg, Toronto.
731 1040 1181 1115 Quellenangabe ohne Gewähr.
930 1087 1147 1164 6. 1906
398 1089 850 1181 Ausschnitt aus:
399 1076 1388 1266 ven Dirksphirkt Anzeioen
408 1242 1526 1376 Wsesldenstheater. Die Scselschaft Binsemann hat
350 1307 1519 1417 ihr Gastspiel hier begonnen. Sie kommt mit einer Anzahl wert¬
353 1371 1518 1459 voller literarischer Stücke. Entspricht die Darstellung nur einiger¬
344 1392 1523 1483 maßen den Anforderungen, die an ein künstlerisches Unternehmen
349 1439 1526 1542 dieser Art zu stellen sind, so kann das Ensemlle bei uns eines
349 1497 1526 1590 herzlichen Empfanges gewiß sein. Nach dem ersten Eindruck,
341 1540 1526 1632 den die Aufführung von Strindbergs Fräulein Julie
342 1586 1522 1661 hinterließ, möchte man am liebsten weder den literarischen Ge¬
339 1626 1520 1707 schmack des Leiters, noch die Darstellungsweise der Künstler
339 1674 1524 1767 beurteilen. Das Stück: naturalistisch und doch im Grunde
343 1711 1511 1807 naturlos, ein Werk der Literatur vor 13 Jahren, zerrissen, von
332 1756 1510 1856 aufdringlicher Tendenz, ein Gemisch von hitziger Siederei und
341 1804 1515 1890 eiskalter Reflexion, in all seiner Brutalität an die Grenze der
321 1845 1514 1939 Lächerlichkeit streifend, nicht der gewollten, sondern jener anderen,
331 1891 1514 1971 die eintritt, wenn bei einem Schriftsteller zwischen seiner Absicht
331 1938 1503 2029 und deren Ausführung ein heilloser Bruch entsteht. Die Dar¬
325 1971 1513 2071 stellung: ein bloßes Reproduzieren von Handlungen und Reden
323 2022 1500 2096 ohne einen umhüllenden Ather von künstlerischem Geist, ein
328 2065 1494 2162 dramatisierter trockener Lokalbericht, eine Aufführung # ver¬
318 2110 1498 2189 mischten Nachrichtenstil. Auf Fräulein Julie folgte Arthur
311 2151 1505 2247 Schnitzlers Einakter: Anatols Hochzeitsmorgen. Alles,
333 2201 1516 2286 ging hier gut, bis eine in ihrer körperlichen Erscheinung für die
331 2261 1516 2336 weibliche Hauptrolle unmögliche Darstellerin die Wirkung des
332 2309 1511 2372 Stückes einfach warf. Alles in allem, literarisch und theatralisch
320 2348 1520 2438 ein unbegreiflicher Anfang, dem weitere Taten folgen müssen, ehe
318 2391 1068 2453 man ein eigentliches Urteil fällen kann.
1322 2415 1489 2488 F. K.
379 2431 1112 2501 K oG
1738 182 2131 274 box 8/3
2708 464 3052 562 Telephon 12.801.
2158 503 2881 688 „OBSERVER
1990 605 3086 752 I. österr. behördl. konz. Unternehmen für Zeitungs-Ausschnitte
2184 685 2906 803 Wien, I., Concordiaplatz 4.
2383 758 2699 834 Vertretungen
1982 764 3079 891 in Berlin, Basel, Budapest, Chicago, Cleveland, Christiania,
1981 822 3066 939 Genf, Kopenhagen, London, Madrid, Mailand, Minneapolis,
1976 863 3068 987 New-Vork, Paris, Rom, San Francisco, Stockholm, St. Peters¬
2373 927 2673 992 burg, Toronto.
2284 959 2749 1047 (Euelienangabe ohne Guwühr.
1966 998 2433 1104 Ausschnitt aus:
2185 1069 2882 1172 National Zeitung, Beks
1965 1095 2364 1177 vomä- 6. 1906
2061 1246 3182 1323 G. ]. Dresdner Theater. Im Residenztheater begann das
1984 1306 3172 1346 Direktor Linsemann'sche Ensemble aus Berlin Freitag abend
1985 1341 3173 1390 ein auf zwei Monate berechnetes Gastspiel mit zwei für Dresden
1996 1383 3169 1436 neuen Stücken: dem naturalistischen Trauerspiel „Fräulein
1984 1416 3170 1467 [Julie“ von August Strindberg und dem Lustspiel „Anatols
1985 1460 3179 1506 Hochzeitsmorgen“ von Arthur Schnitzlex. Beide Stücke,
1978 1486 3180 1568 von denen Strindbergs Drama um zehn Jahre zu spät nach
1937 1598 3149 1662 Dresden kommt nachdem die Wogen des krassen absoluten
1930 1641 3136 1697 Realismus und der Dekadenz längst zurückgeebbt sind, wurden
1938 1680 3140 1736 gut gespielt, namentlich Schnitzlers erheiternde Plauderei, und mit
1945 1732 3146 1775 langanhaltendem Beifall bedacht. Heute bringt Paul Linsemann
1936 1761 3145 1809 [Ernst Kleins Schwank „Die Erziehung zum Don
1933 1794 3144 1864 Juan“, der demnächst im Berliner Lustspielhaus zur Aufführung
1942 1807 3155 1893 gelangen wird und der vor kurzem in Hamburg einen durchschla¬
1953 1876 2365 1951 genden Erfolg erzielte.
3188 2278 3358 2330 mMate
3131 2318 3333 2377 über bege
2798 2235 3080 2424 3/ 07
2122 2292 2766 2420 □ Feuilleton.
3119 2360 3202 2414 tra
3255 2437 3328 2483 chwi
2091 2426 2948 2510 „Fräulein Julie“ und „Hnatol“.
3251 2478 3350 2524 Auf
1996 2482 3044 2565 Gastspiel der Schauspielgesellschaft Linsemann im Residenztheater.
3127 2517 3339 2564 alten Ges
1973 2528 3354 2619 Die Schauspiel=Gesellschaft des Herrn Direktors Paul=verachtu“
1895 2586 3297 2640 Linsemann aus Berlin ist wieder als willkommener Gast pilant“
1900 2629 3070 2680 im Residenztheater eingekehrt. Sie stellt uns eine Reibe v
1893 2665 3221 2729 Aufführungen in Aussicht, die hoffen lassen, daß die höber¬
1898 2709 3108 2771 stehende moderne Bühnenliteratur den üblichen Sommerschle
1895 2748 3215 2818 des literarischen Levens in Dresden nicht gänzlich mitr sder
1904 2777 3208 2853 träumen wird. Ibsen, Tolstoi, Wilde, Schnitzler u. a. sollen in an
1891 2838 3200 2882 einigen ihrer Werke vorgeführt werden. Der Anfang wurde zer
3103 2856 3211 2916 1 Ra
1893 2862 3056 2930 mit zwei sehr gegensätzlichen Einaktern gemacht; auf Aug
1901 2904 3264 2964 Strindbergs, des großen Weiberhassers, naturalistisches lein I
1898 2951 3339 3000 Trauerspiel „Fräulein Julie“ folgte Arthur Schnitz= ihrem Fal
1899 2993 3351 3050 lers, des weichen Erotikers, dramatisches Capriccio „Ana=Eine inten
1895 3037 3358 3094 tols Hochzeitsmorgen“ die abschließende Bluette des der mit der
3131 3065 3332 3124 sättigung
1901 3055 3132 3128 aus 7 Teilen bestehenden Anatol=Zyklus. Zuerst also der nun
3131 3106 3353 3157 rungen de
1903 3108 3119 3177 ergraute schicksalreiche Schwede, der einer der proteusartigsten
3137 3142 3354 3197 im Residen
1900 3144 3130 3194 Geister der nordischen Literatur ist, einer der verblüffendsten
3135 3184 3352 3239 schwebte n
1906 3186 3129 3248 Ueverwinder geistiger Gegensätze, der den Weg von Rousseau zu
3135 3226 3346 3278 gespielt wi
1908 3221 3128 3277 Voltaire ging und nun endgültig im Haß gegen das männer¬
3141 3262 3345 3310 lers mit 5
1903 3260 3142 3326 verderbende Geschlecht festzusitzen scheint. Sein „Fräulein
1893 3309 3359 3366 Julie“ (1888) ist ein Experimentstück aus der Werdezeit des hstörte vielg
1906 3350 3357 3404 naturalistischen Dramas, und nicht zufällig hat ihm der Dichter dem Dien¬
1901 3383 3341 3452 eine programmatische dramaturgische Abhandlung mit auf den Herrische
1903 3412 3344 3490 Weg gegeben. Man hoffte damals noch das théätre intime jerotische 2
1900 3466 3357 3532 gründen zu können, in dem es auch geistig keine Galerie, son=[seinere N##
1892 3496 3355 3563 dern nur ersten Rang geben sollte. Das Leben wie es ist, wollte wurde von
1904 3538 3354 3603 man auf die Bühne bringen, und schließlich stellte sich doch her=[Charakteri
3297 3577 3343 3626 a
1907 3574 3135 3638 aus, das auch der Naturalismus eine Stilisierung ist und sich
1896 3619 3340 3669 mi Doktrinarismus und allerlei dem Leben widersprechenden lfeingliedri
1902 3665 3347 3716 Willtürlichkeiten zu vereinen strebt. Daran fehlt es in Strind=Kraft schlu
3136 3695 3354 3749 markantes
1894 3695 3133 3742 bergs interessantem Werkchen nicht obgleich er selbst betont, daß
1901 3732 3349 3787 sein Motiv „außerhalb der Parteikämpfe des Tages“, liege. Ifür jugen¬
1902 3775 3355 3827 Denn die Charakterschilderung des Dieners Jean ist im Grunde leine auße
1906 3817 3347 3872 weiter nichts als eine Wiederspiegelung des sozialen Kampfes! Kopf, ein
1905 3845 3352 3922 in einer Bedientenseele, die sich zum Herrschen fähig fühlt. des Körpe
1904 3911 3313 3955 Unbedingt ist auch diese Figur die gelungenste des Dramas, iregung
1894 3930 3359 4000 die überzeugendste und wahrste. Dieser Mann ist gesund, ausijunge Gr
