3484 4352
1690 170 2129 261 box 8/3
868 188 1442 270 Hochzeitsmor
718 204 857 274 1s
271 213 658 297 4.7. Ana
523 200 1605 309 gen
1846 1327 2228 1409 Telephon 12 801.
1218 1401 1978 1557 = „OBSERVER“
1136 1532 2223 1618 #. österr. behördl. konz. Unternehmen für Zeitungs-Ausschnitte
1259 1601 2091 1693 Wien, I., Concordiaplatz 4.
1462 1673 1895 1750 Vertretungen
1131 1721 2215 1802 in Berlin, Budapest, Chicago, Christiania, Genf, Kopen¬
1142 1777 2219 1834 hagen, London, Madrid, Mailand, Minneapolis, New-Vork,
1170 1825 2168 1888 Paris, Rom, San Francisco, Stockholm, St. Petersburg.
1461 1855 1878 1920 (Quellenangabe. ohue Gewähr).
1126 1900 1493 1985 Ausschnitt aus;
1226 1924 1650 2026 16. FEL. 1909
1263 2015 1327 2053 „
1140 2012 1267 2069 vom:
1457 2001 2197 2098 Neues Münchner Tagblatt
1685 2071 1979 2163 München.
1309 2184 2113 2259 Das Volkstheater gab am Sonntag wie¬
1207 2212 1307 2265 8.—
1122 2244 2111 2290 der eine Matinée zugunsten armer Münchener Kin¬
1136 2284 2100 2329 der, die diesmal auf einen heiteren Ton gestimmt
1134 2324 2107 2376 war und in der Hauptsache von dem Wiener Gästen
1131 2366 2107 2416 bestritten wurde.] Zunächst heitte sich Derr Sei¬
1137 2407 2121 2456 ler als humörvölle Sängersn Kavier. Gut
1139 2445 2112 2514 bei Stimme und sbei Lause errsichte er die Ab¬
1142 2480 2109 2527 sicht, das aufnalef#ge Publikum heiter zu
1133 2520 2108 2579 stimmen, glänzend jund wurde durch andauernden
1141 2563 2106 2614 Beifall zu einer Dreingabe veratlaßt. Nicht we¬
1141 2610 2107 2652 niger freudig nahm das volle Haus die hübschen
1136 2641 2109 2688 Liedervorträge der Frau Glöckner entgegen. An¬
1138 2673 2110 2737 fangs schien allerdings der rauhe Nordwind, der
1128 2726 2101 2774 draußen durch die Straben fegte, nachwirend ihre
1129 2758 2109 2811 Stimmung zu beeinflussen. Dann aber obsiegten
1147 2801 2099 2843 ihr schalthafter Humor und ihre liebenswürdige
1134 2833 2114 2880 Grazie. Mit dem als Zugabe gesungenen Wiener
1167 2877 2105 2924 volkslied „I' reiß' der Welt a Hax'n aus!“ (ins
1207 2916 2108 2964 nzösische und englische übertragen) warf die be¬
1241 2943 2117 3004 Künstlerin schließlich noch einen zündenden
1256 2992 2098 3047 ger ins Publium. Als zweiten Teil des
1274 3026 2106 3088 imms bekam man einen Schnitzler'schen Ein¬
1289 3070 2109 3124 is der Serie „Anatol“ zu hören und zwar
1275 3115 2105 3165 ls Hochzeitsmorgen“. Es ist just nicht das
1282 3150 2095 3202 chste unter diesen kleinen Stückchen und die
1254 3187 2090 3245 ittagsstunden, in denen man mit geschärften
1230 3235 2089 3282 nen hinhorcht, sind zur Verdauung solcher mo¬
1155 3275 2102 3318 ralschwacher Lustbarkeiten auch nicht die geeignete¬
1137 3310 2104 3364 sten. Man ging daher mit dem Gesühl hinweg,
1135 3349 2115 3399 daß man auf diese Kost leicht hätte verzichten kön¬
1128 3387 2107 3427 nen, trötzdem Herr Cramer einen sehr geschmei¬
1125 3428 2114 3478 digen „Anatol“ präsentierte, Fräulein Ilona=Glöck¬
1129 3471 2108 3517 ner sehr elegant aussah und Herr Kanzenel die
1132 3497 2131 3576 vorgeschriebenen geistlosen Gesichter mit gutem Er¬
1119 3550 1564 3618 folg zustande brachte
