3484 4352
1491 249 1533 309 72
751 271 798 320 S
814 253 1535 331 Hochzeitsnorge.
200 252 551 339 4.7. An
1084 560 1467 642 Telephon 12801.
333 691 398 763 8
321 723 1491 816 P M
410 813 1467 907 I. österr. behördl. konz. Unternehmen für Zeitungs¬
332 817 397 897 *
809 869 1099 929 Ausschnitte
350 892 410 936 *
505 918 1371 1012 Wien, I., Concordiaplatz 4.
311 961 423 1021 2
749 993 1150 1063 Vertretungen
315 1037 1479 1125 — in Berlin, Budapest, Chicago, Christiania, Genf, Kopen¬
414 1081 1487 1146 hagen, London, Madrid, Mailand, Minneapalis, New Vork,
326 1117 409 1157 0
411 1122 1495 1193 Paris, Rom, San Franzcisco, Stockholm, St. Petersburg.
358 1152 412 1194 00
747 1168 1147 1224 (Quollenangshe ohne Gewaln.)
328 1186 419 1239 *
338 1245 370 1268 8210
333 1229 822 1304 i Ausschnitt aus:
644 1241 1474 1354 Neue Freie Presse, Wien
419 1340 569 1399 vom:
944 1347 1296 1431 1 1959
367 1375 485 1438 —.—
386 1436 1495 1530 [Deutsches Volkstheater.] An dem heutigen
332 1445 1493 1561 Einakterabend gingen zunächst zwei Stücke in Szene, die ihre
335 1520 1480 1610 Première schon unlängst bei der Concordia=Matinee erfolgreich
338 1555 1486 1643 bestanden haben: „Der Pechvogel“, die bühnenwirksame Szene
336 1598 1484 1687 aus der Conciergerie von A. M. Willner, und Artur
345 1645 1490 1738 Schnitzlers fideler und übermütiger Akt „Anatols Hoch¬
338 1688 1476 1756 zeitsmorgen“. Sodann folgte Felix Saltens lustige Komödie
335 1718 1474 1814 „Auferstehung", die heute weitaus stärker wirkte als bei ihrer
331 1759 1470 1860 ersten Aufführung. In diesen drei Einaktern spielten die Damen
342 1795 1465 1923 Galafrés, Hannemann, Glöckner, Waldom
331 1832 1462 1940 und Schweighofer sowie die Herren &cramer, Edt¬
328 1895 1466 1983 hofer, Klitsch und Homma mit Sicherheit und Eleganz.
320 1938 1466 2035 Zum Schlusse erschien die aus dem Burgtheater bekannte Ge¬
321 1981 1460 2081 richtsszene „Die grüne Schnur“ von Max Bernstein, eine
325 2018 1459 2115 ziemlich gedehnte und possenhafte Justizsatire. Trotz des ver¬
323 2064 1450 2156 gnüglichen Spieles der Herrm Ehmann, Amon und
312 2106 1449 2219 Russeck wartete ein großer Teil des Publikums das Ende
308 2150 1029 2214 der langwierigen Verhandlung nicht ab.
1082 2191 1457 2293 ##  Kaste nach¬
1242 2311 1452 2360 —
471 2348 593 2395 —
621 2319 1257 2414 „ODSLIIVER
382 2395 1483 2478 österr. behördl. konz. Unternehmen für Zeitungs-Ausschnitte
518 2469 1362 2541 Wien, I., Concordiaplatz 4.
726 2528 1135 2605 Vertretungen
396 2597 1476 2655 in Berlin, Budapest, Chicago, Christiania, Genf, Kopen¬
399 2641 1478 2690 hagen, London, Madrid, Mailand, Minncapolis, New-Vork,
431 2674 1435 2738 Paris, Rom, San Francisco, Stockholm, St. Petersburg.
736 2715 1144 2760 (Quellenangabe ohne Gewähr).
381 2739 1506 2849 Ausschniit aufllustriertes Wiener Exhabla#
1023 2809 1179 2886 Wien
388 2854 860 2925 vom: 17.30K 1909
467 2929 1355 2997 Deutsches Volkstheater. Eigentlich war ek
343 2975 1360 3054 kein Premierenaben Mi Einakter, din gestern
370 3031 1349 3103 1. zum ersten Male“ auf dieser Bühne gegeben wurden —
1234 3070 1356 3124 und
836 3069 1235 3119 on Willne..
373 3069 813 3148 („Der Pechvogel“
357 3103 1377 3177 [„Anatols Hochzeitsmorgen“ von Schnitzler
417 3147 1352 3191 hat das Publikum am vorigen Sonntag dr
369 3179 1363 3247 „Konkordia"=Matinee kennen gelernt. Sie wurden
369 3226 1359 3285 damals mit lebhaftem Beifalle ausgenommen und
379 3254 1360 3314 haben an dieser Stätte ebenfalls ihre Schuldigkeit
371 3304 1357 3359 getan. Zwischen den Novitäten machte die oft ge¬
925 3325 1358 3385 „Auferstehung“
369 3330 920 3401 spielte, köstliche Komödie
379 3374 1355 3429 von Felix Salten herzlich lachen. Auch die Dar¬
379 3411 1349 3473 stellung dieser Stücke hat bereits Würdigung er¬
382 3438 1352 3502 fahren. Die Damen Hannemann, Galafrés
374 3475 1379 3555 und Pipi Glöckner holten wieder aus ihren Rollen
412 3531 1401 3614 alles hervor. Leopold Kramer kam dreimal auf
414 3580 1397 3654 die Szene und blieb ein einziger Künstler. Zum
434 3614 1389 3684 Schlusse wurde „Die grüne Schnur“ serviert.
429 3652 1387 3714 Am 2. Februar 1907 schrieb unser Burgtheaterkritiker
424 3682 1395 3754 über diese „Szene“ des Münchener Rechtsanwaltes
411 3725 1378 3801 folgendes: „Merkte denn niemand bei den Proben,
421 3759 1384 3832 daß dieser Spiß schon wegen seiner Länge über den
505 3792 1384 3877 ###geyr? (s ist das eine jener Gerichtsszenen,
418 3816 1388 3902 die bereits der Makulaturgeschichte angehören.
409 3842 1393 3949 Anfangs sette die Schnurre mit Kainz als Land¬
401 3882 1378 3986 richter belustgend ein, abei dann nahm sie einen
400 3923 1354 4016 bösen Verlauf. Das Verhör im „Böhm in Amerika“
403 3966 1369 4061 ist dagegen eine literarisch Nationalangelegenheit.“
1341 4008 1375 4037 „
468 4002 1374 4102 Im Burgtheater hat man das langweilige
463 4037 1373 4146 ug ausgezischt; im Volkstheater ergriffen die Leute
350 4054 623 4139 „Ddie Flucht.
1646 232 2081 320 box 8/3
2595 1311 2972 1401 Telephon 12.801.
2097 1405 2736 1549 „OBSERVER“
1868 1535 2957 1625 1 österr. behürdl. konz. Unternehmen für Zeitungs-Ausschnltte
2016 1599 2829 1689 Wien, I., Concordiaplatz 4.
2202 1674 2634 1745 Vertretungen
1871 1728 2963 1772 in Berlin, Budapest, Chicago, Christiania, Genf, Kopen¬
1891 1772 2964 1830 hagen, London, Madrid, Mailand, Minneapolis, New-York,
1928 1816 2915 1874 Paris, Rom, San Francisco, Stockholm, St. Petersburg.
2208 1855 2636 1921 (Quelienangabe chze Gewähr).
1876 1900 2152 1985 Ausschnitt
2115 1971 2899 2069 S Une 90 —— S Zönung, Win
1869 2017 2029 2076 vem:
2863 2058 2994 2130 rbl.
1948 2112 3027 2180 (Deutsches Volkstheater.) Aus der Concordia=Matinee sind
1836 2166 3024 2238 „chloß zwei Einakter übernommen worden; „Der Pechvogel“ von
1851 2210 3028 2261 A. M. Willner und „Anatols Hochzeitsmorgen“ von Artur
1844 2247 3018 2306 Schnitzlex. Willners kleines Stück baut sich auf äußerlichen
1848 2289 3010 2342 Schicksalsschlägen auf. Hintergrund: französische Revolution, Konvent,
1853 2331 2998 2379 Guillotine; es ist vielleicht „tragisch“ im Sinne der vulgären Redens¬
1849 2370 2998 2412 ar aber keine „Tragödie“ im Sinne der dramatischen Kunst. Es ist
1851 2406 3005 2451 zudem eine rhetorische Blase; wenn man darauf klopft oder zweimal
1858 2447 3004 2488 hinhört, klingt es hohl. Die Derstellung war durchaus stimmungsvoll.
1852 2478 3006 2532 Herrn Kramers sonst vordringliches Pathos, gedämpft durch den
1853 2519 3013 2578 vorgeschriebenen Galgenhumor. Herr Edthofer edel in Haltung
1844 2565 3014 2614 und Ton, wenn auch ein wenig lässig in der Sprache. Die Damen
1847 2604 3005 2646 Hannemann und Schweighofer brachten die todtraueige
1852 2642 3000 2683 und wieder nach Leben und Liebe drängende Stimmung ausgezeichnet
1847 2681 3015 2716 zur Geltung. Das Schnitzlersche Lustspiel ist zweifellos eine der
1844 2715 2444 2775 besten Sachen dieses Dichters.
2447 2709 2999 2770 Es ist unbeschwert. graziös,
1846 2746 3005 2801 von echtem Hiznor durchsetzt. Am besten gelang Fräulein Galafrés
1849 2794 3010 2844 die Figur der Ilona. Die Intelligenz und die Nachempfindungs¬
1855 2836 3015 2879 fähigkeit dieser Künstlerin zeigt sich hier in einer angenehmen
1847 2873 3006 2926 Mischung mit ihren äußeren liebenswürdigen Qualitäten. „Der Besuch
1851 2914 2997 2964 in der Dämmerung“ sat der Bernsteinschen Groteske „Die grüne
1852 2940 3006 3001 Schnur“ weichen müssen. Sehr zum Schaden der Sache. Es ist richtig,
1841 2993 3002 3038 daß die Rittnersche Szene einigen Widerspruch erweckte, aber das
1849 3030 3013 3079 Volkstheater fiel nunmehr vom Regen in die Traufe. Trotzdem die
1851 3065 3023 3125 Darsteller sich ehrliche Mühe gaben, die kleinen Humore zu untek¬
1853 3098 3014 3159 streichen, es war umsonst. Die Schnur ist viel zu dünn und viek zu
1851 3134 3027 3216 lang geraten. Das Publikum spielte schließlich die bekannte Hahdnsche
1846 3186 2991 3244 Abschiedssymphonie. Eins nach dem anderen verließ das Parkett. n.
