3436 4352
762 169 1465 255 Is Hochzeitsnor
257 177 696 268 4.7. Anat
498 177 2140 286 mellunssamergen box 8/3
1280 1493 2317 1552 1 lodienfluß auszuweichen und am liebsten verminderte
268 1483 1284 1557 eine Großmacht, die den Menschen das Dasein
1287 1544 2319 1610 Septimenakkorde zu häufen, diese krankhaften Unarten
272 1542 1210 1602 besser und leichter erscheinen lassen werden.
1292 1591 2316 1664 der Jungitaliener riefen im Auditorium hauptsächlich
334 1600 1285 1656 Man kann einem Volksbildungshause nichts
1290 1641 2316 1689 zwei Empfindungen wach: Sehnsucht nach den schmel¬
252 1637 1283 1718 Schöneres wünschen, als es möge in seinen lichten,
1285 1685 2314 1758 zenden Kantilenen der altitalienischen Oper und Mitleid
260 1693 1289 1756 wohnlichen Rädmen die Menschen zum Guten er¬
1292 1732 2313 1800 mit den Sängern und Orchestermitgliedern. Giordano,
260 1735 1281 1799 ziehen mdsie das Gefühl merken lassen, daß
1288 1774 2314 1839 meinte ein Satiriker, habe zwar die Revolution in Musik
256 1787 1289 1862 unser Lehen eiy lichtes und glückliches werden
1293 1828 2309 1892 gesetzt, aber gewiß keine Revolution in der Musik her¬
942 1842 1236 1916 Malea-Uyne.
262 1836 455 1902 kann.
1295 1872 2319 1924 vorgerufen! Und fürwahr, in rAndré Cheniere zum
1293 1927 2312 1995 mindesten ist alles bloß brillante Mache, ohne Originalität
1304 1975 2312 2022 oder eigene musikalische Einfälle. Das von Illica ver¬
1288 2014 2315 2079 faßte, von Max Kalbeck trefflich verdeutschte Textbuch
1298 2062 2317 2142 behandelt, in der Manier eines Schauderromanes, eine
319 2063 1221 2172 THEATER, KUNST, MUSIK.
1292 2109 2318 2184 herzlich uninteressante Episode der französischen Revo¬
1295 2164 2306 2227 lution als ein dramatisches Gericht, in dessen Rezept
552 2157 988 2247 WIENER THEATER.
1292 2207 2305 2281 Liebe, Haß und Rache, Aufruhr, Totschlag, Galgen und
304 2224 1278 2320 Der Währinger Bühne gebührt das Verdienst, uns
1286 2251 2304 2332 Blutgerüst reichlich dosiert sind. Vom ganzen Abend
259 2303 1275 2352 bereits die vierte Oper der jungitalienischen Schule zu¬
1281 2306 2307 2364 können bloß der Schäferinnenchor im ersten Akte, ein
257 2354 1276 2426 Hgänglich gemacht zu haben, rAndré Cheniere, das am
1291 2350 2312 2410 Ductt im zweiten, Cheniers Gesang im dritten und das
269 2398 1278 2450 12. d. M. aufgeführte vieraktige Musikdrama, ist eine
1293 2399 2309 2462 Hinrichtungsduett im letzten Akte als musikalische Fein¬
258 2444 1274 2507 Jugendschöpfung Umberto Giordanos, der sich schon in
1293 2453 2311 2508 heiten bezeichnet werden; alles andere ist wüst und öde,
271 2502 1282 2562 einer im Alter von 24 Jahren komponierten Erstlings¬
1290 2499 2314 2562 voll krasser Ausbrüche eines gröhlenden, tobenden Or¬
263 2534 1277 2601 Coper mMala vilau als geschickter Routinier und intelli¬
1280 2538 2316 2607 chesters, welche Effekte jedes feinere Ohr beleidigen. Die
269 2589 1277 2645 genter Pfadfolger der nachwagnerischen Italiener (Puceini,
1291 2592 2300 2659 Aufführung war recht gut. Frau Stagl und der junge,
270 2645 1284 2709 Mascagni) erwiesen, der sich leider aber auch diesmal,
1284 2639 2308 2705 noch ziemlich unbeholfene Tenorist Heermann bildeten
264 2689 1276 2752 genau so wenig wie in seiner letzten Oper „ Fédorat, weder
1294 2688 2292 2754 ein gut eingeschultes, stimmbegabtes Paar, das selbst den
252 2735 1283 2783 als Melodiker noch als Meister des Kontrapunktes aus¬
2307 2735 3336 2786 dem wir erfahren, daß Pierre Toinetten, diese aber den
1282 2738 2296 2791 größten Orchesterlärm übertönte, aber auch in den spär¬
269 2784 1278 2843 gezeichnet hat. Gleichwie in nToscac bringt die Hand¬
1286 2787 2295 2835 lichen lyrischen Gesängen erfreulich zu wirken vermochte.
2311 2780 3332 2847 Vagabunden liebt. Auch dieser taucht wieder auf, und als
253 2836 1280 2893 lung dieser Oper — den sympathischen ersten Akt aus¬
1288 2827 2304 2888 Sehr sympathisch gestaltete der Baritonist Schwarz die
2305 2833 3329 2892 er geht, wissen wir, daß er seine Braut sitzen lassen wird,
1282 2876 2301 2938 Rolle des konspirierenden Dieners; der metallische Klang
253 2879 1274 2942 genommen — eine Reihe fast widerwärtiger Kerker- und
2307 2878 3323 2935 da uns das zwar mit wenigen Worten aber vielen Instru¬
1289 2930 2303 2990 seiner dunklen, mächtigen Stimme wirkte ungemein wohl¬
2314 2929 3333 2986 menten auseinandergesetzt wurde. Als der Vagabund“
256 2928 1277 2991 Hinrichtungsszenen aus der Zeit des Thermidor, zu welchen
1288 2980 2302 3044 tuend, sobald sie sich ein wenig freier entfalten konnte
2303 2971 3337 3030 nach zwanzig Jahren im dritten Akte wieder auftaucht,
256 2984 1274 3027 eine mit den lärmendsten Mitteln wirkende, grausame
2313 3017 3331 3088 hat die von ihm verlassene Toinette inzwischen längst:
265 3014 1281 3089 Musik die vorwiegend larmovante Unterlage bildet. Die
1278 3030 2304 3087 und nicht, wic so oft, zu Kletterübungen auf der chro¬
2312 3062 3344 3133 den bereits siech gewordenen Pierre geheiratet, der ihren:
1293 3064 2304 3135 matischen Tonleiter und zu waghalsigen Intervallsprüngen
2305 3114 3337 3170 Bastard adoptierte. Pierre, alles verstehend und alles ver¬
1294 3122 2300 3183 verurteilt war. Fräulein Macha war als Gräfin-Mutter eine
2315 3160 3334 3226 zeihend, bietet dem Vagabunden in der Todesstunde
1279 3156 2300 3212 auf Vorstadtbühnen selten vornehme und blendende Er¬
1277 3210 3329 3275 scheinung. Der äußere Erfolg war bedeutend; da er dochI Weib und Herd zum Erbe an, damit er bleibe und Toi¬
