3436 4384
1544 197 1609 258 I
521 178 1448 258 Anatols Hochzeitsmor
274 170 1623 294 4. 7 Kn n eneneeeneenechennnechenenen e
670 1157 1686 1265 Theater, Kunst, und Mnsik.
742 1229 1661 1321 ch- l Wien, 10. Jänner 1908.
695 1294 1686 1377 Rövitäten=Matinee im Johann Strauß=Theater.
663 1352 1688 1414 Vier Einakter: sechs Tote, Antoren nicht mitgerechnet.
664 1401 1687 1453 Im ersten Akt ist eben eine Frau gestorben, im zweiten
665 1452 1694 1504 Akt werden drei Leute guillotiniert und eine Person
675 1497 1689 1569 stirbt an Gift; dabei hat der Regisseur durch einen
678 1539 1692 1599 kühnen Strich noch einer Person, die erstochen werden
681 1582 1687 1650 sollte, das Leben gerettet, wofür ihn allerdings der
670 1624 1687 1702 Autor, der raste und sein Opfer haben wollte, fast um¬
668 1683 1679 1738 gebracht hätte. Der dritte Einakter endet friedlicher; da
668 1722 1689 1804 wird nur einer erwürgt. Im vierten Einakter endlich
667 1773 1692 1835 wird geheiratet, was man zu den leichteren Todesarten
676 1819 1705 1889 zählt. Von allen vier Stücken ist eigentlich nur das
674 1866 1701 1934 dritte: „Eine florentinische Tragödie“ von
669 1913 1698 1982 Oskar Wilde ernster zu nehmen. Mit kühnen Strichen
673 1955 1707 2025 zeichnet der geniale Dichter das Problem des Weibes,
677 2007 1709 2073 das sich dem Starken zuneigt. Bianca, die Gattin des
680 2052 1711 2122 Florentiner Kaufmanns Simone, haßt ihren Mann,
690 2100 1721 2174 den sie für einen nur auf den Verdienst bedachten
682 2149 1713 2207 Schwächling hält. Prinz Guido von Florenz hat leichtes
694 2186 1710 2255 Spiel, als er sein Auge auf das schöne Weib wirft.
678 2242 1715 2303 Heimkehrend, trifft Simone den Prinzen in seinem
682 2285 1721 2363 Haus. Seine Eifersucht flammt auf. Mit gleißnerischen
680 2338 1708 2397 Worten, die beziehungsweise das Kommende andenten,
685 2381 1718 2460 wiegt er den Prinzen erst in Sicherheit, um ihn schließlich
684 2420 1711 2493 zum Zweikampf herauszufordern. Simone macht den
690 2458 1726 2549 Prinzen durch einen Dolchstich kampfunfähig und er¬
688 2528 1715 2608 würgt ihn dann. Mit weitaufgerissenen Angen folgt
693 2565 1728 2641 Bianca der Tat ihres Mannes und wie er den Dolch
696 2618 1720 2696 gegen sie erhebt, schreitet sie ihm mil offenen Armen und
700 2663 1719 2725 mit den Worten: „Warum hast du mir nicht gesagt,
703 2713 1726 2776 daß du so stark bist?“ entgegen. Simone läßt den Dolch
704 2757 1729 2828 fallen und antwortet mit entbrannten Sinnen: „Warum
703 2804 1731 2869 hast du mir nicht gesagt, daß du so schön bist?“ Die
701 2858 1731 2914 Brutalität hat ihm sein Weib erobert. Die gräßliche
705 2898 1721 2982 Komödie ist in ein Gewand von sunkelnden Worten
699 2944 1735 3027 gesteidet. Die dramatische Kraft des Stückes schlägt
705 2990 1731 3055 det Zuhörer in ihren Bann und läßt ihn alemlos den
705 3038 1733 3106 feingeschliffenen Ironien Simones horchen. Die Szene
710 3088 1733 3161 des Erwürgens müßte gemildert werden. Sie ist ästhetisch
693 3134 1732 3194 unschön. Kainz feierte in der Rolle des Florentiner
705 3182 1734 3254 Kaufmanns einen seiner größten Triumphe. Das war
697 3228 1735 3298 nicht Theater, das war fürchterliche Wahrheit. Das
709 3277 1734 3342 Metall des Organs, die Geschmeidigkeit des Körpers, die
711 3321 1744 3396 mühsam unterdrückte, später jäh hervorbrechende Leiden¬
703 3371 1737 3431 schaft, all dies zusammen gab ein prächtiges Charakter¬
713 3400 1747 3483 bild, wie man es nicht oft auf der Bühne zu sehen be¬
1748 174 2151 284 box 8/3
1691 1100 2749 1188 kommt. Frau Medelsky und Herr Gerasch waren
1696 1170 2725 1231 die würdigen Partner des großen Künstlers. Die anderen
1706 1218 2727 1286 Stücke: „Besuch in der Dämmerung“ von Thaddäu
1709 1268 2725 1339 Rittner, „Der Pechvogel“ von A. M. Willner und
1712 1310 2718 1386 Anatols Hochzeitsmorgen“ von Artur Schnif er,
1710 1373 2727 1431 werden demnächst im Deutschen Volkstheater zur Auf¬
1701 1403 2720 1479 führung kommen und bei dieser Gelegenheit ausführlich
1701 1458 2727 1523 besprochen werden. Hier sei nur der vorzüglichen
1708 1505 2727 1569 Leistungen der Damen Galafrés, Hannemann
1700 1545 2723 1613 und Schweighofer, sowie der Herren Kramer,
1703 1591 2734 1656 Edthofer, Klitsch und Leyrer gedacht. Die
1710 1643 2740 1703 interessante Vorstellung fand zugunsten des Pensions¬
1708 1695 2738 1765 fonds des Journalisten= und Schriftstellervereins „Con¬
2513 1739 2710 1785 treu-.
1708 1745 1965 1798 cordia“ statt.
