3484 4352
2591 250 3033 328 Stiania, Genk, Kopen¬
1517 271 1583 327 n
693 247 2101 350 Is Hochzeitsnorge., box 8/3
223 274 572 347 4.7. An
513 303 1321 362 e nenennnnnn nnnemen
2468 310 3041 376 and. Minneapolis, New-York,
2346 351 2981 429 #eisco, Stockholm, St. Petersburg.
2278 397 2698 461 Quellenangabr ohne Genühr).
1945 420 3225 547 Ausschnitt aus: Berliner Perm #ter, Beri
2617 499 3070 600 Morgenausgabe
1955 558 2097 629 vom:
2027 651 2906 715 Unser Wiener Korrespondent schreibt uns:
2033 705 3022 748 Ein buntscheckiges Novitätenquartett, durchwegs,
1969 736 3022 803 wie sich bei einer Veranstalterin der „Concordia“ von
1970 766 3032 832 selbst versteht, mit literarischer Marke, hat gestern,
1986 824 3014 880 Sonntag, bei einer Matinee im Johann Strauß¬
1984 853 3031 916 Theater seine Wirkung erprobt. Aus den vier höchst
1981 885 3027 956 ungleichwertigen Stücken leuchtete gleich einem kost¬
1038 902 1424 1002 Telephon 12.801.
1985 935 3032 1000 baren Edelstein Wildes leidenschaftserfüllte, mit
1972 972 3029 1051 unerbittlicher Grausamkeit wahrhaft elementar die
1970 1011 3036 1094 Katastrophe vorbereitende und durchführende „flo¬
1095 1006 1256 1090 O
1980 1061 3031 1120 rentinische Tragödie“ hervor. Das ist
571 1074 1209 1189 „OUSERVEN
1983 1108 3035 1150 komprimierte Dramatik, frei von aller Theatralik.
1990 1145 3027 1196 Das kleine Meisterstück verschaffte dem Publikum das
332 1125 1444 1241 1 österr. behördl. konz. Unternehmen für Zeitungs-Ausschnitte
1994 1172 3032 1241 Meisterstück einer Darstellung des hab¬
1986 1212 3027 1280 gierigen Kaufmann Simone durch Josef Kainz.
482 1199 1324 1320 Wien, I., Concordiaplatz 4.
1979 1257 3036 1327 Mit durchdringendster Charakteristik spielte er dieses
690 1285 1129 1360 Vertretungen
1983 1314 3038 1366 Gemisch von Habgier, Schlauheit, Verschlagenheit
360 1304 1449 1432 in Berlin, Budapest, Chicago, Christiania, Genk, Kopen¬
1982 1334 3051 1414 und Rittertum für die Ehre seines Hauses. Etwas
372 1358 1450 1480 hagen. London, Madrid, Mailand, Minnenpolis, New-Vo.d.
1975 1378 3033 1434 von den unheimlichen Zügen des Goldschmieds im
421 1395 1415 1525 Paris, Rom, San Francisco, Stockholm, St. Petersburg.
1989 1415 3030 1491 „Fräulein von Seudery“ fließt in die Darstellung
717 1451 1134 1532 (Quelienangabe ohne Gewähr).
1984 1457 3040 1517 der Simeone durch Kainz hinein. Er hatte gewaltige
1996 1506 3037 1564 Momente, z. B. wie er scheinbar ohne Nebenabsicht
373 1550 740 1612 Ausseknift aus:
1993 1545 3033 1612 den Prinzen bewog, mit ihm den Degen zu kreuzen
728 1551 1495 1652 Wener Zeilund. We
1993 1597 3036 1652 und als er mit wahrer Wollust dem dahingestreckten
1986 1624 3046 1701 Jüngling das schwarze Tuch über das wachs¬
385 1663 521 1714 vom:
1986 1664 3037 1731 gelbe Gesicht breitet. Das Publikum bereitete
1997 1709 3031 1787 dem Künstler rauschende Ovationen. Kainz hat
1999 1755 3031 1811 sich um das Werk Wildes ein besonderes
515 1742 1563 1822 Johann Strauß=Theater. Sonntag den 10. d. fand
1996 1792 3032 1848 Verdienst durch die stilgetreue, die zartesten Absichten
410 1802 1572 1868 gihe von der „Concordin“ veranstalkete Matinee statt, in der vier
2000 1831 3040 1885 des Dichters verwirklichende Inszenierung erworben.
418 1852 1576 1916 Einakter, Novitäten 4 vön Mitgliedern des Burg= und Volks¬
1995 1876 3032 1933 Auch Frau Medelsky, eine sympathische und
412 1901 1571 1968 theaters, aufgeführtwürden. Den Glanzpunkt bildete „Eine
2001 1926 3044 1972 leidenschaftliche Blanca, sowie Herr Gerasch als Prinz
426 1935 1569 2021 florentinische Tragödie“ von Oskar Wilde
2000 1955 3045 2025 ernteten vielen Beifall. Das Stück kommt im Früh¬
430 1971 1573 2069 (deutsch von Max Meyerfeld). Der Kaufmann Simone
2001 2004 2432 2069 jahr ins Burgtheater.
2042 2014 3042 2089 Der Textdichter Goldmarks und auch so vieler
426 2035 1568 2114 (Herr Kainz) trifft, als er Abends von einer Geschäftsreise
1996 2071 3038 2140 Operettenkomponisten A. M. Willner ist nun so¬
420 2078 1568 2160 zurückkommt, bei seiner schönen Frau Bianca (Frau Medelsky)
2421 2108 3038 2183 die Dichter ohne Musik
2006 2128 2422 2200 zusagen auch unter
424 2136 1573 2193 Guido (Herrn Gerasch), den Sohn des Herzogs von Florenz.
2613 2154 3048 2219 packenden Dramolet
2012 2160 2551 2225 gegangen. In dem einakti
2544 2165 2616 2221 a10
420 2185 1572 2246 Mühsam verbirgt er unter einem Schwall von glitzernden Worten
1994 2198 3051 2262 aus den Tagen der französischen Revolution „Der
414 2236 1577 2299 und demütigenden Bücklingen seine Eifersucht, weiß aber alles
2000 2237 3041 2305 [Pechvogel“ zeigt Willner feine Witterung für
2425 2280 3053 2335 Die vier Uebriggebliebenen
422 2271 1574 2352 so zu wenden, daß er schließlich in einem scherzhaft anfangenden
1997 2281 2427 2352 dramatische Wirkung.
2001 2328 3048 2374 einer aristokratischen Gesellschaft, von der einer nach
416 2312 1579 2388 und mit dem Tode Guidos endenden Zweikampf schreckliche
2007 2369 3048 2416 dem anderen zur Guillotine geschleppt wurde, erwarten
422 2369 1580 2433 Rache nimmt. Bianca aber, die ihm im Kampfe den Tod
1995 2413 3040 2475 stündlich die Berufung zum letzten Gang. Die
418 2425 1578 2485 wünscht, ist durch die Kraft seiner Leidenschaft und seine
2013 2448 3051 2507 fromme alte Herzogin muß zuerst daran. Dann soll
418 2463 1579 2530 Tapferkeit völlig verwandelt. Er hat sie, und nun ganz
2008 2494 3054 2539 der Marquis folgen. Für ihn opfert sich der dem
418 2509 1586 2578 wiedererebert. Man begreift nicht, daß dieses glänzende
1998 2527 3052 2596 betrunkenen Kerkerschließer gegenüber sich als Marquis
420 2557 1584 2630 Kunstwer nicht schon längst aufgeführt worden ist,
1997 2588 3052 2639 ausgebende Baron, damit der Liebeszwiegesang
431 2607 1588 2670 daß das Burgtheater sich des Stückes nicht schon längst bemächtigt
2004 2609 3052 2672 zwischen dem Marquis und einer bildschönen
2014 2650 3045 2703 Aristokratin nicht so früh zerstört werde. Der
426 2653 1580 2717 hat. Dei Dichter hat in den drei Darstellern kongeniale Inter¬
1998 2690 3051 2751 Marquis wird zeitlebens vom Pech verfolgt — und
426 2710 1583 2776 preten gefunden. Herr Kainz insbesondere wurde immer
1997 2732 3051 2805 auch über die Kerkermauern hinaus. Ein Abgesandter
420 2755 1582 2810 und iminer wieder hervorgejubelt. — Thaddaus Rittners
2001 2776 3052 2843 des Tribunals erscheint, um mitzuteilen, daß der
432 2788 1590 2869 „Bejsich in der Dämmerung“ sucht in einer hin¬
2008 2810 3062 2871 Marquis freigesprochen sei. Man glaubt ihm
433 2832 1593 2915 gehauchten Skizze einen vortrefflichen Gedanken darzustellen.
1989 2855 3048 2906 nicht, daß er der Marquis und der Andere nur
434 2885 1582 2948 Eine Dame (Fräulein Galafres), die an einen älteren
2001 2894 3051 2951 sein Stellvertreter gewesen, und er muß seinen Kopf
1990 2935 3052 3006 unter das Beil legen. Der kleine, zum Teil stimmungs¬
428 2932 1587 3001 Freund (Herrn Leyrer) gefesselt ist, fühlt die Schalheit ihres
1994 2976 3060 3049 volle Akt wurde namentlich von Fräulein Hanne¬
431 2981 1596 3047 Lebens gerade an diesem Tage, in dieser Stunde der Dämmerung
1993 3013 3054 3080 imann und Herrn Kramer mit großer Lebendigkeit
428 3030 1594 3087 bis zum Lebensüberdruß. Ein Herr, der neben ihr wohnt (Herr
2008 3064 2516 3127 und Empfindung gespielt.
439 3077 1585 3147 Edi hufer), tritt durch einen Irrtum in ihre, statt in seine
2071 3087 3056 3154 Ein etwas schwüles, gekünsteltes, rein theatralisches
425 3115 1592 3193 Wohnung. Er ist im tiefsten Schmerz; seine geliebte Frau ist ihm
2014 3134 3057 3193 Schauspiel von Thaddäus Rittner: „Besuch
441 3168 1606 3246 gestorben. Echte Empfindungen stoßen hier aufeinander, die echtes
2008 3176 3054 3245 in der Dämmerung“ — ein Mann, der vor
2005 3222 3063 3277 wenigen Stunden Witwer geworden, verirrt sich in
429 3217 1594 3292 Menschentum auslösen. Die Unterredung wird durch das Wieder¬
2014 3278 3056 3324 das Boudoir einer schönen Frau, die, bezwungen von
441 3264 1594 3332 kommen des alten Freundes gestört. Leider hat die Kraft des Dichters
2020 3312 3052 3361 seinem Schmerz ihn so sehr zu fesseln weiß, daß er an
444 3302 1605 3379 nicht hingereicht, um den reichen Stimmungsgehalt der Sitnation
2774 3344 3056 3397 vermochte es
2009 3362 2777 3403 ihrer Seite seinen Kummer vergißt —
430 3361 1593 3419 lebendig zu machen oder besser dem Ahnungsvermögen des
2019 3382 3060 3439 bei seiner Blutleere, trotz der reizvollen Darstellung
445 3399 1603 3478 Zuhörers nahe zu bringen. Vielleicht kann eine solche Aufgabe
2011 3431 3066 3496 durch Fräulein Galafrés, zu keinem Erfolge zu
454 3446 1592 3519 auf der Bühne heute nur Maeterlinck ausführen. Dem Stück
2006 3478 2189 3541 bringen.
437 3493 1606 3571 folgte Beifall und Zischen. Die vortrefflichen Schauspieler konnten
2057 3488 3067 3559 Den heiteren Beschluß der interessanten Matinee
1995 3535 3058 3605 bildete der Schnitzlersche Lustspielakt „Anatols
437 3549 1596 3610 die Schlacht nicht retten, die der Dichter schon verloren hatte. —
2555 3587 3057 3647 Von der Anatolserie
2009 3594 2559 3657 Hochzeitsmorgen“.
445 3586 1603 3662 A. M. Willners „Pechvogel“ spielt zur Zeit der
2021 3636 3067 3682 Schnitzlers sind uns die Wiener Bühnen gerade
449 3645 1600 3716 sogenannten Schreckensherrschaft in Paris und ist nicht ohne
2019 3682 3057 3728 diese Austigste, flotteste Schlußpointe mit ihrer
448 3681 1612 3769 Geschick, wenn auch nicht übermäßig originell, gearbeitet. —.
2011 3720 3062 3779 köstlichen Verlegenheitssituation schuldig geblieven.
441 3743 1630 3815 „Anatols Hochzeitsmorgen“ von Arthur Schnitzles!
2288 3755 3056 3805 Galafrés entfaltete als das
2131 3759 2292 3815 Elsa
1433 3775 1611 3841 a#
2009 3785 3061 3841 ans seiner ausgelassenen Stimmung durch die Mit¬
442 3793 1336 3874 schloß vergnüglich die interessante Vorstellung. „
2017 3830 3060 3893 keilung, daß die Hochzeit, zu welcher Anatol gehe, seine
2012 3891 3069 3929 seigene sei, so jäh gerissene süße Mädel die unge¬
2007 3927 3062 3968 bundenste Lustigkeit, um dann einen köstlich weiner¬
2010 3960 3046 4007 lichen Ton zu finden. Herr Kramer war der
2016 4001 3048 4060 richtige, elegante, leichtlebige Bräutigam in tausend
2023 4040 3064 4099 Aengsten. Das Publikum unterhielt sich bei „Anatols
2002 4086 2518 4165 Hochzeitsmorgen“ köstlich.
