3392 4384
1443 183 1592 251 en
455 177 1448 253 Anatols Hochzeitsmor
1694 183 2116 269 box 8/3
232 186 1590 297 4.7. Adieis- nechzeresnengen
2255 1393 2497 1469 —
429 1479 3255 1545 Der mitgefangene Baron von Bressac will Wie er den Krämer anlegt, der harmlos heiytkehrt, unter dem Eindrucke der Konstantinopeler Mel¬
325 1476 3247 1612 das Glück des jungen Paares länger andauern bald bei der Anwesenheit des jungen Prinzen Ver= dung von neuen Vorschlägen Oesterreich=Ungarns
340 1516 3241 1645 lassen und gibt sich dem trinkseligen Kerkermeister dacht wittert, die Rolle aus ihrer schlichten, weh. an die Türkei. Wenn man hier auch jetzt noch
339 1611 3252 1684 für den jungen Marquis aus, der früher als er mütig heiteren Art allmählich in die schwere Ge= nicht die Hoffnung aufgegeben hat, daß diese Ver¬
1310 1617 3252 1711 kränktheit des sich betrogen fühlenden Ehemannes handlungen ergebnislos verlaufen, so kann man
341 1661 1316 1735 zum Tode geschleppt wird. So bleiben die Beiden
1304 1651 3246 1748 ausgestaltet, sich in der brillant durchgeführten sich doch nicht darüber täuschen, daß das Zustande¬
335 1705 1314 1774 allein und die Sonne und der Frühling wandeln
1309 1682 3257 1802 Fechterszene zu packender, tragischer Wucht erhebt, kommen eines Einverständnisses zwischen Oester¬
2262 1728 3252 1808 reich-Ungarn und der Türkei jetzt zumindest wahr¬
346 1738 1317 1822 das Gefängnis zum Paradies. Das Glück wird
1299 1754 2281 1828 und in dem Momente, da er von der Schönheit
2264 1782 3261 1857 scheinlicher geworden ist. Jedenfalls bedeutet die
339 1791 1321 1868 jählings zerrissen, denn der Geliebte wird von der
348 1818 2275 1901 Seite Madeleines zum Tode geschleppt. Daß ihn seines treulos geglaubien Weibes hingerissen, den
2258 1818 3255 1896 Wiederaufnahme der Konstantinopeler Verhand¬
347 1845 2278 1952 sein Pech nicht verlassen hat, erfährt er ##ischer= Dolch fallen läßt und den süßen Ton des Lieb¬
2269 1857 3267 1941 lungen auf Grundlage der neuen Vorschläge einen
1221 1901 2279 1963 be=habers anschlägt, — das hat dem Wildeschen Werke
346 1915 1173 1989 weise jetzt. Denn er ist einer der wenig“
339 1893 3259 2031 gnadigt worden sind, und an seiner Stelle hat Ba¬einen neuen kraftvollen Inhalt gegeben und dassharten Schlag für Serbien und seine
1309 1961 3251 2049 Publikum, welches in atemloser Spannung in[ Politik, weshalb die hiesigen politischen Kreise
351 2005 1323 2080 ron von Bressac, der ihm unter seinem Namen im
1321 2001 3256 2103 dem Bann der Kainzschen Kunst verharrte, zu stür= neue Ursache zur Verstimmung haben. („Voss.
339 2062 1322 2127 Tode vorausgehen wollte, die Freiheit empfangen.
1320 2063 2504 2140 mischen, lauten Ovationen für den genialen Künst= Zeitung.“)
2365 2071 3254 2163 Belgrad, 11. Jan. (Priv.) Der serbische Mi¬
346 2089 1325 2160 An dem Stücke hat uns eine wunderbare Liebes¬
1308 2103 2284 2192 ler hingerissen den man nun in Wien drei Monate
2276 2122 3262 2204 nisterrat hielt gestern abends unter dem Vorsitz
350 2135 1322 2231 szene besonders gefallen, die von dem hochbegabten
1306 2162 2285 2236 missen muß. Mehr als ein dutzendmal mußte Kainz
2278 2177 3257 2251 des Königs eine Beratung ab in welcher die Hal¬
350 2182 1327 2257 Fräulein Hannemann in Spiel und Erschei¬
344 2212 2281 2302 nung zührend und ergreifend und von ihrem Part= vor dem Vorhang erscheinen. Seine Meisterleistung
2269 2218 3263 2304 tung Serbiens im Falle einer Verständigung Oester¬
1321 2255 2033 2329 bildete den Höhepunkt der Matinee.
2275 2258 3260 2334 reichs mit der Türkei verhandelt wurde. Der ser¬
350 2269 1337 2344 ner, Herrn Edthofer, mit tiefer Empfindung
1401 2267 2290 2355 Schnitzlers Skizze aus dem Junggesellen¬
353 2309 1332 2384 wiedergegeben wurde. Das Publikum nahm den
1329 2310 3261 2400 leben „Anatols Hochzeitsmorgen“ be= bische Emissär in Konstantinopel, Stojan Novako¬
362 2364 1323 2426 Einakter mit#rkem Beifall auf und rief die Dar¬
1305 2356 3257 2455 schloß die Vorstellung. Sie kennen ja in Prag den hwic wurde dieser Sitzung beigezogen. Es wurde be¬
350 2400 1069 2474 steller und den Dihter wiederholt.
1317 2406 3262 2501 ganzen Anatol von der Bühne, ich brauche dahersschlossen, noch einen letzten Appell
464 2435 1331 2502 Nun folgte Oskar Wildes „Eine flo¬
1327 2433 3259 2536 nur festzustellen, daß Leopold Kramer ein Anatollan die Jungtürken zu richten, das An¬
2888 2468 3260 2552 Zu diesem Zweck
354 2485 1340 2551 rentinische Tragödie“. Dieses Werk ver¬
1326 2491 2875 2577 von liebenswürdiger Bonhommie und munterer gebot Oesterreichs abzulehnen.
357 2530 1332 2597 wochte bei wiederholten Aufführungen außerhalb
356 2562 3268 2651 Wiens, so auch bei Reinhardt in Berlin, niemals Heiterkeit war, Fräulein Galafrés spielte dis beorderte die Regierung Novakowic neuerdings
2274 2579 2712 2653 nach Konstantinopel.
347 2585 2275 2695 recht zu interessieren. In Wien hat es wuchtig verlassene Geliebte degagiert und charmant. Def
2381 2601 3266 2675 Das Komitee der serbischen Banden¬
362 2631 2279 2742 eingeschlagen, und das verständige Publikum in an mannigfachen Eindrücken reiche und belebtt
2271 2644 3267 2720 lorganisation beschloß, bei der türkischen
355 2688 2156 2775 gelinde Jubelraserei versetzt. Das hat Josef! Abend erhielt so einen heiteren Abschluß.
2190 2695 3267 2802 Gesandtschaft in Belgrad wegen der bevorstehenden
358 2753 1380 2855 Kainz, der den Simone gab, zu Wege gebracht.
