3436 4384
1195 178 1427 251 Esmor
869 178 1173 249 Hochze
265 164 614 262 4.7. An
492 182 1689 268 atolsg
1096 1436 1504 1528 Telephon 12801.
373 1579 1505 1756 De
353 1692 1509 1840 S l. österr. behördl. konz. Unternehmen für Zeitungs¬
856 1762 1120 1830 Ausschnitte
398 1824 439 1869 66
537 1792 1417 1926 Wien, I., Concordiaplatz 4.
794 1882 1196 1963 Vertretungen
378 1906 1530 2034 — in Berlin, Budapest, Chicago, Christiania, Genf, Kopen¬
457 1942 1537 2086 hagen, London, Madrid, MailanJ, Minneapolis, New Vork,
461 1994 1548 2136 Paris, Rom, San Francisco, Stockholm, St. Petersburg.
807 2056 1211 2140 (Guellenangebe ehne Gewählo
424 2085 463 2128 10
864 2074 1487 2186 Börsen Courier, Borlin
390 2122 464 2173 3
479 2133 891 2244 Aussohifith Asts.
856 2170 1274 2259 Abendausgabe
389 2162 474 2242 12
482 2278 686 2357 vom :
536 2289 1528 2381 Ein Telegramm unseres Korrespondenten meldet
469 2337 1516 2414 uns aus Wien: Die Concordia=Matinee im Johann¬
484 2395 1522 2449 Strauß=Theater brachte eine Anzahl Einakter. Oskar
493 2438 1532 2501 Wildes „Florentinische Tragödie“ von Josef Kainz
479 2483 1525 2538 ebenso meisterlich inszeniert, wie in der Hauptrolle
491 2516 1520 2569 erschütternd verlebendigt, hatte grandiosen Erfolg.
475 2552 1524 2642 Kainz war Gegenstand großer Ovationen. Rittners
494 2617 1516 2660 „Besuch in der Dämmerung“, etwas gekünstelt, ver¬
483 2637 1522 2719 sagte. Willners Dramolet aus der Sansculottezeit
486 2678 1545 2751 interessierte und rührte. Schnitzlers humorsprühend
483 2708 1526 2785 frivolet „Anatols Hochzeitsmörgel“ von Fräulein
482 2759 1541 2846 Galfrees und Herrn Kramer mit hinreißender Laune,
470 2806 1056 2901 gespielt, amüsierte lebhaft.
1901 58 2050 130 Pere
1912 115 3155 166 — 8•0 Schneeberg — 0•3, Semmering — 8°0 Grad Celsius.
2146 143 3289 216 erprognose: Meist heiter, schwache Südwestwinde,
1698 164 2725 286 box B/3 tur, stellenweise Bodennebel.
2320 290 2837 393 Militärisches.
1979 361 3287 435 (Das Jubiläum des Kaiser Franz=Garde=Grenadier¬
1871 418 3286 476 Regiments.) Se. Majestät der Kaiser empfing heute um halb 1 Uhr
1878 476 3285 531 nachmittags den kaiserlich deutschen Militär=Attaché Major Graf
1872 508 3284 581 Kageneck in besonderer Audienz. Major Graf Kageneck überbringt
1885 578 3289 636 St. Majestät dem Kaiser ein Handschreiben Sr. Majestät
1885 611 3279 670 des deutschen Kaisers aus Anlaß des 60jährigen Inhaber¬
1881 669 3278 726 jubiläums des Kaisers Franz Joseph als Chef des königlich preußischen
1885 702 3279 772 Kaiser Franz Garde=Grenadier=Regiments. — Aus Berlin wird uns
1873 751 3284 827 telegraphiert: Im Hotel Prinz Albrecht vereinigte sich gestern abends
1889 808 3292 863 aus Anlaß des Cbefjubiläums Sr. Majestät des Kaisers Franz
1890 862 3287 912 Joseph das Offizierskorps des Kaiser Franz=Garde=Grenadier¬
1889 905 3294 971 Regiments mit seinen alten Herren zu einem gemütlichen Beisammen¬
1888 963 3294 1032 sein. Aus allen Gegenden des Reiches waren alte Kameraden zahlreich
1894 1007 2136 1081 herbeigeeilt.
1995 1025 3283 1114 (Die Spenden für unsere Grenzsoldaten.) Wir erhalten
1898 1086 3297 1162 folgende Zuschrift: Dem 9. Korpskommando in Leitmeritz
1900 1140 3302 1222 sind an Liebesgaben für die Weihnachtsbescheerung der an der Grenze
1890 1178 3298 1254 in Bosnien, Herzegowina und Süddalmatien dislo¬
1883 1259 3305 1305 zierten Truppen 18.919 Kronen und zahlreiche Warensendungen zuge¬
1890 1278 3297 1365 kommen. Das k. u. k. 9. Korps= und Landwehrkommando in Leit¬
1895 1321 3294 1398 meritz beehrt sich, auf diesem Wege jenen Behörden, Vereinen,
1885 1386 3308 1458 Institutionen und Körperschaften sowie allen einzelnen Personen, welche
1893 1433 3292 1511 in hochherziger Weise Liebesgaben für die in unseren Grenzgebieten
1893 1483 3299 1545 unter schweren dienstlichen Verhältnissen stehenden Soldaten spendeten und
1888 1533 3292 1590 hiedurch diese aus den Gefühlen der Sympathie der Bevölkerung für
1895 1580 3297 1645 die Armee sowie aus dem Solidaritätsgefühl zwischen Volk und Heer
1897 1642 3308 1697 hervor egangene Aktion förderten und unterstützten, den wärmsten,
1901 1683 3302 1736 innig ten Dank auszusprechen. Das überraschende, von größtem, edelstem
1892 1718 3300 1783 Wetteifer zeugende Resultat dieser nunmehr abgeschlossenen patriotischen
1896 1771 3303 1834 Aktion wird nicht nur jenen Armeeangehörigen, welche diesmal die
1898 1819 3292 1889 Weihnachtsfeiertage fern von ihrer Heimat verbringen mußten, ein An¬
1897 1863 3293 1936 sporn zu erhöhter Pflichterfüllung sein, sondern auch alle anderen
1894 1910 3304 1984 Soldatenherzen mit tiefster Dankbarkeit für dieses spontane und munisi¬
1898 1973 2515 2056 zente Entgegenkommen erfüllen.
3050 2065 3105 2136 —
1982 2030 2991 2152 F (Theater und Kunst.
2997 2086 3312 2190 rd
2146 2119 2938 2221 ## Krematische Matinee.
2009 2166 3301 2269 Im Johann Strauß=Theater fand gestern nachmittags zu wohl¬
1898 2242 3298 2306 tätigem Zwecke eine Einakter=Matinee statt, der ein glänzender Erfolg
1901 2297 3306 2365 nachzusagen ist. Hervorragende Mitglieder des Burgtheaters und
1905 2348 3304 2408 Deutschen Volkstheaters hatten ihre feinste Kunst in den Dienst der
1904 2387 3309 2460 Menschenliebe gestellt und ein mit Theatertakt und Publikumkenntuis
1907 2442 3324 2507 zusammengesetztes Novitätenprogramm machte den Nachmittag auch¬
1903 2490 3312 2545 künstlerisch überaus lohnend. Der weiße Saal auf der Favoriten¬
1901 2534 3311 2609 straße war bis an die Decke dicht gefüllt, man sah eine distinguierte
1903 2604 3307 2645 Gesellschaft, deren Beifall, in die herkömmlichen Abendstunden versetzt,
1899 2625 3314 2684 einen bevorstehenden Kassenerfolg bedeutet hätte. Selbstverständlich
1907 2682 3298 2755 steht den Elementen des Programms ja auch noch eine abendliche
1907 2735 2276 2809 Laufbahn bevor.
2009 2750 3310 2846 Der Glanzpunkt der Vorstellung war das dritte Stück, eine
1902 2821 3289 2902 Voll=Novität von Oskar Wilde. „Eine florentinische Tragödie“
1909 2872 3301 2938 heißt sie. Kurz und bündig, heftig und farbig, geht eine Geschichte
1916 2913 3308 2985 von Liebe und Eifersucht vor sich, mit letalstem Ausgang. Mit
1921 2965 3304 3039 Einleitungen und Exponiermanieren hält sich der Dichter keinen
1914 3024 3309 3092 Augenblick auf. Er stellt die Situation mit einer überrumpelnden
1905 3078 3304 3146 Plötzlichkeit hin und zieht auch fast augenblicklich die mörderischen
1914 3116 3306 3180 Konsequenzen. Der reiche Kaufmann Simone kommt abends
1923 3162 3321 3228 aus dem Tagesgeschäft heim und findet bei seinem schönen
3043 3204 3307 3289 Sohn des
1922 3213 3043 3283 Weibe Bianca den jungen Guido, einzigen
1916 3252 3222 3339 Staatsoberhauptes. Mit einer Laute und so überhaupt
1918 3318 3306 3382 Er weiß sofort, woran er ist. Als Monolog beinahe spielt sich die
1916 3353 3303 3433 Szene ab. Simona macht seiner leidenschaftlichen Seele Luft, indem
1918 3402 3301 3476 er eine Menge unterwürfige Dinge mit ganz mörderischer Nüancierung
1916 3455 3316 3523 heraussprudelt. Kaufmännische, geschäftliche, hochloyale Redensarten,
1930 3504 3317 3570 aber mit den bittersten stachlichsten Betonungen, jedes Wort zwei¬
1920 3550 3311 3631 schneidig geschliffen. Bianca und Gutdo erwidern blos das Aller¬
1925 3602 3321 3670 notwendigste. Es ist eine Szene, wie wenn zwei mächtige Brunft¬
1920 3658 3322 3722 hirsche auf Leben und Tod um das abseits harrende Weibchen
1922 3709 3319 3769 kämpfen. Nur dleibt hier das Weibchen nicht so neutral, sondern
1931 3754 3316 3824 zischt ihrem Bevorzugten immer wieder giftig zu: „Töte ihn!“ So
1931 3800 3319 3873 weit ist es nämlich alsbald gekommen, daß sie in der Halle des
1931 3851 3312 3920 Kaufmannes erst mit Schwertern, dann mit Dolchen aufeinander
1932 3892 3323 3967 losgehen. Zwar in der Renaissancezeit tat man beide
1914 3939 3324 4014 gleichzeitig; man führte das Schwert mit der rechten
2253 4005 2349 4059 Snen
2102 3999 2493 4093 T
2567 3999 2960 4087 — T T.
