3436 4352
1747 173 2133 267 box 8/3
863 179 1452 254 Hochzeitsnor
750 186 814 263 1
503 194 676 267 Ana
253 205 1622 299 4.7 M  LSmegen
266 1683 1439 1734 Wenn unser Professor Seite 134 auf andere widerliche
1613 1692 2515 1780 „Wohin Ihr faßt, Ihr werdet Juden fassen,
194 1700 1437 1773 Theaterstücke zu reden kommt, kann er auch wiederum nur
1581 1746 2427 1795 Allüberall das Lieblingsvolk des Herrn,
204 1773 1432 1824 Juden anführen: „Mit Vorliebe wählen die Dramatiker
1585 1780 2493 1846 Geht, sperrt sie wieder in die alten Gassen,
194 1787 1422 1874 Stoffe, die ihnen geeignet erscheinen, die geschlechtliche Toll¬
1596 1823 2492 1900 Eh sie Euch in ein Christenviertel sperren.“
195 1852 1420 1917 heit bis zum äußersten zu steigern und mit der Wollust einen
1498 1878 2647 1934 Wir brauchen unbedingt — und zwar bald — eine Be¬
214 1910 1418 1960 wahren Kultus zu treiben. Ich habe dabei Dramen wie
1418 1921 2643 1983 schränkung der jüdischen Schamlosigkeit und Frechheit in
213 1947 1412 1995 etwa Gabriele d'Annunzios Stück „Traum eines
1410 1975 2647 2020 deutscher Kunst. Unter sich mögen die Hebräer so viel Laster
214 1988 1407 2048 Herbstabends“ Hugo von Hoffmannsthals „Aben¬
1418 2024 2643 2080 treiben, wie sie wollen, aber das deutsche Wirtsvolk muß ge¬
228 2031 1412 2089 teuer einer Sängerin“ Oskar Wildes „Salome“ Arthur
1411 2059 2645 2134 schützt werden, vor allem verlangt unser Theater nach mehr
225 2073 1409 2133 Schnitzlers „Schleier der Beatrice", Leo Greiners
1414 2106 2645 2171 Bevormundung von seiten des Staats, die Besucher dürfen
239 2112 726 2188 Liebeskönig“ im Auge.“
1406 2152 2646 2202 nicht länger ihr teures Geld auf den jüdischen Mist tragen.
272 2160 1406 2221 Ueber die Witzblätter, vor allem den „Simplizissimus“.
1418 2197 2655 2251 Schon zuviel Millionen sind für hebräische Schmarren,
230 2177 1403 2262 agt Volkelt S. 144: „Seiner Gesamthaltung liegt eine Denk¬
1419 2226 2655 2287 Brunstbücher und Geschlechtsbilder dahingegeben. Der
235 2249 1413 2304 beise zugrunde die den Gefühlen der Bescheidenheit und De¬
1406 2271 2655 2322 weiteren wirtschaftlichen, geistigen und körperlichen Schädi¬
263 2299 1412 2349 it, der Zurückhaltung und Schonung, der Ehrfurcht und An¬
278 2331 2657 2386 ht, der Keuschheit und Scham unerbittliche Feindschaft ge=gung unseres Volkes muß nun ein Damm vorgeschoben wer¬
455 2369 2646 2429 eine Denkweise, der die Freiheit im Sinne der den. Deshalb sei Volkelts Buch unseren Lesern, die ja alle
273 2368 364 2432 vorei
425 2381 474 2432 at;
1412 2412 2657 2464 von der geistigen Not unseres Landes überzeugt sind emp¬
447 2427 1414 2474 s das Erlösende gilt. Jeder sittliche, überindivi¬
1412 2454 2649 2507 sohlen, und dringend legen wir es auch den maßgebenden
463 2471 1415 2527 ab, jede objektive sittliche Norm erscheint dem
1419 2500 2659 2546 Stellen der Regierung nahe, sich mit dem Inhalt dieser
450 2514 1416 2564 nus“ als hassenswerte Fessel. Er vertritt den
1412 2546 2646 2604 Schrift vertraut zu machen, ehe es zu spät und nichts mehr
433 2552 1409 2605 der ethischen Anarchie, des zynischen Individualis¬
398 2595 2648 2653 enn dieser Standpunkt in Aufsätzen, in Form von zu retten und regieren ist, d. h. ehe das deutsche Volk der
342 2634 2645 2691 egungen und Betrachtungen vertreten wird, so ist vollständigen Verwahrlosung und Entartung durch die He¬
414 2683 2649 2738 es Beginnen kein ethischer Einwand zu erheben. bräer anheimgefallen ist. Ein solches Ende kann nicht lange
415 2716 2645 2785 en diese Denkweise den Lesern in Form einer mehr auf sich warten lassen, wenn das Fremdvolk so weiter¬
1418 2765 2646 2806 hin ohne Recht und Gesetz auf uns losgelassen werden darf.
439 2772 1411 2831 iterhaltung dargeboten wird, einer Unterhaltung,
1416 2791 2642 2887 Cuveant consules! — Wir haben lange genug gewarnt.##
436 2818 1415 2871 eichnung und Wort den niederen Begehrlichkeiten,
396 2846 1416 2911 tären Freiheitstrieb schmeichelt, so liegt die Gefahr
381 2905 1422 2963 diese Denkweise unbemerkt die Seelen zu sich her¬
345 2939 1418 2994 ht. Und diese Gefahr ist um so größer, je mehr die
329 2990 1416 3052 den Leser zu unterhalten, mit Geist und Witz geübt
314 3010 1416 3093 Ein Blatt, wie der „Simplicissimus“, ist daher ganz
215 3079 1420 3139 besonders geeignet, in den Lesern, ohne daß diese sich sonder¬
195 3117 1423 3176 lich Rechenschaft darüber geben, allmählich eine Auflocke¬
192 3148 1428 3224 trung, Untergrabung ja einen Zusammen¬
198 3204 1426 3249 bruch der sittlichen Wertungen zu erzeugen und
201 3250 1406 3313 sie so einem gehässigen Nihilismus zuzuführen.“
275 3300 1426 3350 Es ward Zeit, daß Erkenntnisse, die wir hier immer und
188 3334 1427 3402 immer wieder vertreten haben, nun endlich auch von den
196 3392 1412 3440 höchsten intellektuellen Stellen im Reich gewonnen und aus¬
189 3423 1420 3493 gesprochen sind. Unsere ganze öffentliche literarische Unzucht
199 3480 1430 3539 wird ja zu 95 Prozent von Hebräern betrieben. Dingelstedts
193 3518 993 3589 unsterbliches Wort behält wieder recht:
