3484 4320
1198 119 2425 145 Beatrice Nardi, die liebliche Tochter eines wahnstunigen Wappen¬
1201 152 2438 202 schneiders. Ihr Schicksal hat sie anfangs in die Arme des Dichters
1209 181 2441 236 Filippo Lost# geführt. Noch nicht die Seine und doch schon innig mit
1206 222 2442 274 ihm verbunden, treibt ein wunderlicher Traum sie von der Seite des
1201 265 2439 310 Geliebten fort. Ihr war im Schlafe, als sei sie die Gemahlin des
1196 294 2445 355 jungen Herzogs Bentivoglio geworden, und dieser „Treubruch“ im
1195 351 2443 391 tiefsten Traum begangen, verscherzt ihr die Gunst des Ge¬
1203 379 2431 427 liebten. Gleich einer Nachtwandlerin, nicht fählg zu verstehen,
1193 412 2439 468 warum sie verstoßen wurde, kehrt sie in das Elternhaus und
1194 454 2436 508 damit in die Nähe eines früheren, um Filippos willen aufgegebenen
1201 499 2447 548 Freiers zurück. Da tritt das Schicksal von neuem an sie heran. Der
1194 526 2439 579 junge Herzog hat die Holde gesehen und begehrt sie zur Geliebten.
1197 577 2451 624 Beatrice will seine Schweile nur als Herzogin betreten. Der Herzog
1193 617 2433 659 willigt ein, und während draußen an den Toren Bologngs Cesare
1207 641 2443 700 Borgia mit schweren Fäusten rüttelt, feiert der leidenschaftliche Fürst
1206 691 2447 739 seine Hochzeit mit dem Bürgermädchen. Das Renaissance=Blut fiebert!
1199 708 2453 779 aber auch in diesem Kinde. Statt des erfüllten Traumes sich nun zu
1205 775 2435 824 freuen, verläßt sie heimlich den Hof des ihr eben angetrauten Gatten
1199 808 2439 854 und eilt, von tiefem Heimweh getrieben, zu dem Dichter, um,
1200 864 2451 898 wie sie beim Abschiednehmen ihm gelobt hat, gemeinsam mit ihm
1284 896 2443 936 sterben. Filippo geht ihr im Tode voraus, Beatrice
1201 894 1277 942 zu
1206 927 2444 979 aber, zu lebenshungrig, um gleich ihm den=Gistbecher zu leeren,
1209 961 2443 1021 versucht es noch einmal mit der Herzoglunenwürde. Nun aber geht es
1213 1010 2448 1052 schnell dem Abgrund zu. Der Herzog ist mißtranisch, als ihr Ver¬
1211 1040 2449 1090 schwinden bekannt geworden, und forscht nach dem Schleier", den
1203 1078 2441 1140 Beatrice in Filippos Wohnung zurückgelassen hat. In äußerster Be¬
1200 1118 2449 1172 dräuguis entschließt sie sich, den Gatten, wie er es verlangt, an die
1210 1167 2440 1209 Stätte des Grauens zu führen. Der Schleier und der Tote werden
1205 1199 2442 1253 gesunden, Beatrices Doppelspiel wird offenbar, die Strafe an ihr voll¬
1195 1235 2456 1298 zieht ihr eigener Bruder, der sie durch einen Dolchstoß von ihrer
1207 1294 2456 1345 „Schande“ befreit. Vor diesem letzten, harten Ausklang richtet der
1210 1327 2141 1382 Fürst noch ein mildes, zartes Wort an die Schöne:
1392 1357 2157 1411 Warst Du nicht, Beatrice, nur ein Kind,
1378 1385 2219 1443 Das mit der Krone spielte, weil sie glänzte,
1378 1431 2274 1484 Mit eines Dichters Seel', weil sie voll Rätsel, —
1388 1473 2237 1524 Mit eines Jünglings Herzen, weil's Dir just
1382 1515 1688 1581 Geschenkt war?
1679 1532 2226 1604 So nannten wir Dein Tun
1386 1579 2292 1651 Betrug und Frevel — und Du warst ein Kind!“
1239 1644 2461 1694 Und Beatrice, die sündlose Sünderin, hat auf diese Fragen die
1200 1665 1404 1732 Antwort:
1397 1701 2190 1762 Und warum war ich ausersehn vor Allen,
1389 1736 2195 1791 So vielen Leid zu bringen, und weiß doch:
1389 1793 1936 1835 Ich wollte keinem Böses. ..“
1236 1808 2466 1877 Ueberblickt man das krause, vielgestaltige Werk im ganzen, so wird
1211 1860 2454 1910 man erkennen, daß das hohe künstlerische Wollen vom Dichter nicht er¬
1203 1911 2449 1954 reicht worden ist, seine Schöpferkraft uns nicht in ihren Bann zu
1206 1954 2468 2001 zwingen vermag. Wir hören viele edle, schöne und geistreiche Worte
1202 1984 2467 2037 und sehen mannigsache Schicksale in wildem Schattenspiel an iig
1201 2018 2457 2078 vorübertreiben. Etwas wahrhaft Lebendiges aber bietet die Dichtung
1204 2062 2453 2116 nicht. Das ganze Schauspiel erscheint wie ein Spielen mit den Drama,
1212 2098 2460 2163 kein Drama selbst. Diese seltsamen Menschen handeln, wohin
1215 2142 2458 2195 man auch blicken mag, nur aus Laie. Ihre letzten Beweggründe
1214 2179 2460 2227 bleiben uns verschlossen; rätselhaft bleibt uns auch ihr Tod, der nichts
1752 2221 2464 2276 zur Folge hat. Am stärksten lehnt
1210 2222 1751 2276 Befreiendes und Klärendes
2248 2257 2453 2315 nach den
1207 2251 2151 2305 sich unser Inneres gegen Beatrice auf. Ist
2323 2291 2451 2344 ernste
1220 2290 2264 2346 Worten Bentivoglios, nur ein Kind, dann solle
1217 2318 2463 2388 Männer sie nicht ernst nehmen; ist sie aber ein dämonisches Weib, das
1217 2371 2484 2426 alle in ihre Netze zieht, dann slößt uns ihre Kindlichkeit nur doppelt##
1216 2419 2463 2462 ab. Nicht viel besser ergeht es uns mit dem Dichter Loszi. Daß er ein
1211 2447 2462 2497 liebes Mädchen, dem er Braut und Freunde geopfert hat, eines
1206 2492 2465 2545 Traumes wegen verstößt, kann allenfalls verstanden werden, denns
1218 2526 2460 2579 Dichter sind launsch; nicht begreifbar aber ist sein Selbstmord, den ers
1205 2583 2467 2628 ohne zwingende Not, ohne jede Rechtfertigung verübt. Und schließlich
1218 2609 2455 2663 leidet auch das große Ganze unter der mangelnden Gestaltungskraft.
1212 2662 2467 2698 Schnitzler wollte ein Kulturgemälde geben, und er bietet uns eineu¬
1214 2690 2453 2737 Faschingsreigen des Todes. Wir hören zwar mancherlei von Bolognas
1210 2720 2467 2778 No# von dem unerbittlichen Feinde Borgia, von der letzten Nacht unter
1209 2767 2455 2812 der Geißel des Todes, aber wir fühlen diese Sitnationen nicht im
1210 2797 2462 2855 mindesten mit. Wie anders hat da Maeterliuck in seiner „Monna#
1217 2851 2451 2893 Banna“ den Zeitcharakter getroffen und Pisas Schicksalsstunde uns nahe
1213 2893 2462 2931 gerückt. So ist das Renoissancegewebe dieses Schleiers ein buntes
1217 2925 2468 2970 Durcheinander ohne Form und Einheit. Daß einige Bilder, wie etwa
1213 2971 2462 3024 im dritten, dem künstlerisch reifsten Akt, sich zu schönen Wirkungen ver¬
1203 3004 2329 3078 dichten, kann die Mängel des Ganzen nicht aufheben. unon
1208 3134 2427 3204 Die Aufführung unter Herrn Maurenbrechers Regie bot viel
1167 3189 2403 3240 Erfreuliches. Fräulein Conrad, die jüngst als Emilia Galotti kalt
1179 3237 2405 3291 gelassen hatte, entfaltete in der Titelrolle ein reifes, edles Spiel. Mit
2422 3272 2493 3316 Art
1182 3277 2394 3325 Recht betonte sie das Träumerische und Kindlich=Unberührte im Wesen
2424 3296 2501 3339 Ma
1177 3307 2404 3361 der Beatrice, wodurch dem unbegreiflichen Charakter einiges von seiner
2416 3327 2499 3374 S#
2412 3358 2489 3393 Por
1178 3346 2399 3408 Unverständlichkeit genommen wurde. Herr Schönfeld als Herzog wuichs
2409 3385 2485 3421 Ru
1177 3384 2401 3435 von Akt zu Akt mehr in seine Aufgaben hinein und stand zum Schluß
2409 3407 2492 3451 Ru¬
1173 3431 2401 3484 auf voller künstlerischer Höhe; eine Neigung zu allzu scharfem Dekla¬
2410 3434 2499 3496 Ur
1159 3466 2401 3536 mieren würde künftig besser vermieden werden. Recht ansprechend,
1165 3502 2405 3563 ##nur zuweilen etwas stark rhetorisch, gestaltete Herr Kron den
1171 3541 2426 3609 von der Gedanken Blässe angekränkelten Dichter Philipp Loszi.
1173 3584 2409 3634 Die übrigen Mitwirkenden bei Namen zu nennen, hieße
1173 3619 2410 3671 den Zettel abschreiben. Mit stärkeren Leistungen traten noch die Herren
2426 3625 2487 3686 6
1179 3661 2408 3712 Ernst, Born, Corge, Waldberg=Wedding und Feige und die
2424 3683 2484 3721 M
2405 3708 2478 3751 M1
1183 3696 2407 3758 Damen Schönemann=Heuberger und Klementine Pätsch hervor.
2423 3739 2500 3792 M
1178 3747 2415 3797 In den Straßenszenen hätte in der Gruppenbildung manches plastischer
1185 3781 2417 3835 sein können; recht wenig ansprechend waren die Szenen mit den
1185 3813 2419 3871 Courtisanen, die statt berauschender Lebensfreude triviale Alltäglichkeit
1173 3851 2414 3911 boten. Das nicht sehr zahlreich erschienene Publikum nahm die Dichtung
1179 3899 2427 3955 mit kühler Zurückhaltung auf; nur der dritte Akt in seiner siagken!
1185 3945 2487 4002 Nokturnostimmung löste stärkeren Beisall aus. Jedenfalls entsprag der 18
1189 3985 1948 4033 Erfolg aber nicht der aufgewendeten Mühe,
2374 3982 2495 4082 1
