3484 4256
923 150 2092 194 ersten Privattheaters nicht gewachsen schien, und verstehe darunter
918 176 2097 230 die ungewöhnlich mühsame, kostspielige und zeitraubende Vor¬
927 212 2102 285 bereitung zur Aufführung gerade dieses Stückes. Alle Bedenken
919 253 2104 326 steigerten sich; als ich nach einer zweckmäßigen Pause im
926 306 2093 348 April nochmals an das Studium des Werkes ging. Und sie
918 343 2095 408 steigerten sich bei einer dritten Durchsicht im Juni
926 389 2095 443 erst recht. Darauf schrieb ich am 17. Juni an Arthur
915 437 2100 486 Schnitzler, der bis dahin nicht den geringsten Grund hatte, die
921 474 2098 527 Annahme des Stückes für gesichert zu halten. So gern ich dem
923 517 2102 573 Beispiel der sechs protestirenden Herren Collegen folgen und die
919 559 2091 609 Qualitäten des neuen Schnitzler'schen Werkes außer Discussion
925 607 2096 669 stellen möchte, so bin ich zur Begründung meines Zögerns doch
918 643 2096 702 genöthigt, hierauf einzugehen. Dem Urtheil einer Bühnen=Direction
911 701 2086 751 bieten sich wie dem Urtheil der Kritik drei Kategorien von
916 732 2095 787 Stücken dar: Bei den einen steht die Unannehmbarkeit von vorn¬
925 773 2092 828 herein fest; es sind weitaus die meisten. Bei den anderen steht die An¬
920 815 2096 866 nehmbarkeit von vornherein fest; es sind die wenigsten. Bei der dritten
922 860 2095 916 Kategorie kann man zweifeln, und das Urtheil kann und wird nicht nur
907 909 2089 956 bei der Gesammtheit der Leser, sondern auch beim Einzelnen
912 946 2094 991 schwanken. Man hat Beispiele, daß die Autoren selbst, im Laufe
917 990 2092 1032 der Wochen und Monate, über ihre eigenen Stücke zu einer anderen
910 1040 2092 1084 Meinung gelangten und die Stücke zurückzogen oder umarbeiteten.
917 1073 2090 1131 Man hat Beispiele, daß auch Kritiker nach der ersten Bühnen¬
919 1114 2094 1162 anfführung ein Stück verdammten, dessen Vorzüge sie einige Zeit
910 1159 2087 1217 später anerkannten. Die Theater=Directoren sind einem solchen
909 1204 2094 1258 Schwanken umsomehr ausgesetzt, je weniger sie über die speci¬
922 1242 2086 1293 fische Bühnenwirksamkeit des einzelnen Stückes eine praktische
923 1285 2089 1335 Beobachtung machen konnten. Zu dieser dritten Kategorie
910 1334 2083 1384 scheint mir „Der Schleier der Beatrice“ zu gehören. Was mich
919 1386 2092 1427 an dem Stück immer stärker zweifeln läßt, geht aus meinem
909 1416 2095 1471 Briefe vom 17. Juni klar hervor. Dort heißt es unter Anderem:
912 1453 2098 1506 „Ich habe mich dieser Tage noch einmal sehr genau mit dem
915 1501 2081 1553 Stücke, seiner Personenfülle und seinen scenischen Schwierigkeiten,
907 1550 2084 1613 sseinen feinen poetischen Reizen und seinen herben Zumuthungen
906 1590 2086 1636 an die Folgsamkeit des Zuschauers beschäftigt und mir das
916 1621 2083 1670 Bühnenbild, das im Burgtheater geboten werden könnte, möglichst
911 1664 2092 1717 klar vor Augen gestellt. Und ich bin Ihnen nun das ehrliche
925 1719 2085 1765 Geständniß schuldig, daß meine Hoffnungen auf einen Bühnen¬
912 1754 2087 1804 erfolg mit jedem neuen Studium immer mehr sinken. Nur weil
922 1796 2091 1854 mir diese Ueberzeugung sehr gegen das Herz geht, habe ich nicht
916 1840 2087 1894 das Herz gehabt, sie Ihnen früher offen auszusprechen; nur
914 1889 2091 1939 darum habe ich von Zeit zu Zeit mich immer wieder Ihrer
910 1921 2090 1994 ernsten und sozusagen feierlichen Arbeit genähert, stets mit dem
918 1963 2098 2027 besten Willen, mich nicht in meinen Zweifeln, sondern in meinen
918 2011 2092 2054 Hoffnungen zu stärken. Leider aber ist das genaue Gegentheil der
916 2059 2083 2117 Fall. Das Stück und seine dramatische Wirkung rückt mir ferner,
921 2079 2096 2160 und ich möchte fast prophezeien, daß Sie nach Jahren, wenn Sie
910 2137 2094 2184 von jüngeren Werken wieder darauf zurückkommen, dieselbe Er¬
917 2187 2092 2241 fahrung machen werden.... Im „Schleier“ zersplittert und zer¬
908 2224 2082 2295 Streut sich das Interesse an dem Dualismus der beiden Contrast¬
928 2266 2084 2329 figuren, Dichter und Fürst, weil diese beiden zu wenig lebendig
919 2309 2076 2363 werden. Sie sind Begriffe, aus dem theoretischen Contraft geboren.
903 2350 2091 2397 Damit aber ist dem Drama das Rückgrat gebrochen, und das,
908 2392 2093 2433 wovon ein Bühnenerfolg leben könnte, liegt im Reiz der Details.
918 2436 2076 2482 Sie wissen, daß dies auf dem Theater eher schädigend als för¬
923 2469 2091 2538 derlich ist. Die Details waren es, die mich anfangs beim Lesen
915 2526 2083 2576 fesselten. Je öster ich aber diesen Schleier lüftete, destomehr mußte
922 2565 2085 2612 ich an den Hauptpunkt gelangen. Und hier wuchsen denn die
917 2599 2093 2662 Zweifel und Bedenken bis zu einer festen Ueberzeugung.“ Hieraus
916 2653 2091 2706 geht wie aus allen anderen Briefen, die zwischen Arthur Schnitzler
913 2693 2076 2732 und mir gewechselt worden sind, hervor, daß die Annahme des
911 2740 2086 2791 Stückes nicht erfolgt war und der Aufschub sich lediglich aus
925 2771 2095 2818 dem leider vergeblichen Bemühen erklärt, durch wiederholtes
909 2808 2085 2876 Studium des Stückes zureichende Gründe für seine Annahm
917 2861 1117 2926 zu finden.
1001 2884 2072 2956 Ich äußere mich nun zur nothgedrungenen „Ablehnung“ de¬
912 2933 2073 3016 Stückes. In seinem Brief vom 1. September schreibt mir Arthu
922 2990 2071 3032 Schnitzler: „. . . Nehmen Sie, verehrtester Herr Director, diese
913 3024 2070 3090 Stück an oder weisen Sie es zurück? Ich bitte um ein Ja ode
909 3072 2075 3135 Nein. Unter Ja verstehe ich die bindende Zusicherung eine¬
911 3122 2080 3170 Termines im Verlaufe der soeben beginnenden Saison mi¬
918 3155 2077 3199 der Bedeutung eines Wortes von Mann zu Mann. Alles Ander¬
914 3198 2087 3245 gilt mir als Nein..“ Hierauf konnte ich, wie die „Con¬
925 3243 2078 3297 stellation“ des Burgtheaters dem Schnitzter'schen Stücke gegenüber
913 3287 2082 3338 lag, meinem Antwortschreiben vom 2. September nur folgender
911 3325 2071 3366 Schluß geben: „Wenn Sie mich nun vor ein kategorisches „Ja“
918 3366 2082 3412 oder „Nein“ stellen, so bin ich in der Consequenz meines letzter
918 3407 2090 3459 Briefes (vom 17. Juni) genöthigt, „Nein“ zu sagen, denn die
914 3450 2093 3511 von Ihnen gewünschte bindende Zusicherung eines Termines im
920 3492 2084 3569 Verlaufe der soeben beginnenden Saison zu geben, bin ich außer
923 3533 1098 3604 Stande.“
1001 3564 2083 3642 Was die von mir ursprünglich gestellte Grundbedingung der
919 3626 2090 3681 allerersten Aufführung betrifft, so hat Arthur Schnitzler im
912 3664 2088 3713 Schreiben vom 13. Februar daran seinerseits die Bedingung ge¬
907 3711 2086 3752 knüpft, daß der Aufführungstermin in irgend einer Weise fest¬
918 3752 2090 3798 gestellt werde. Das konnte und wollte ich diesem Stück gegenüber
914 3795 2087 3839 nicht zusichern. So blieb die Unterhandlung, wie beiden Theilen
919 3837 2088 3896 jederzeit bewußt sein mußte, in der Schwebe, bis das Schreiben,
907 3890 2087 3948 womit Arthur Schnitzler am 1. September auf meinen Brief
912 3917 1913 3977 vom 17. Juni antwortete, die Entscheidung gebracht hat.
989 3929 2074 4026 Wien, 14. September 1000 Mauf Schleutl.e
