3436 4448
0 2283 66 2343 rsC
-11 2372 79 2442 dus
14 2426 79 2480 11
-20 2600 79 2691 7
1898 176 2436 286 box 20/6
312 182 1832 284 14. Der Schleien der Bestrice
181 587 336 678 32
605 600 2521 674 Wiener tägl. Theater- u. Fremdenzeitung (Karl Ed. Klopfer), XXVII. Jahrg., II. Juni-Hälfte 1925
2834 601 3082 684 3. Seite
179 674 3120 766 Sonne, die ihm zu — fröhlichem Tod im Argste in dieser Beziehung gibt Hr. A. übrigens stößen gegen den Sprachgeist bewahren müssen.
193 760 3109 822 n Kampf mit den überlegenen Streit-Ischon im I. Aufzug zum Besten, als er in der So fühle nun ich mich verpflichtet, sie darauf
187 797 3113 845 des Borgia leuchten soll, als leuchte sie Rede an den Geheimschreiber Cosini, der ihm aufmerksam zu machen, daß in dem Satz an den
193 835 2073 898 ein ihm, der dem letzten Abenteuer als die Einladung zu Hof bringt: „Ich bin heut nicht
2067 843 3115 923 werbenden Herzog: „Es war zu wenig nicht
1054 891 2087 946 mehr, den der Herzog sucht“ mit aller Kraft
188 884 1057 949 waltigsten mit mächtiger Neugier ent¬
2075 893 3119 963 (nur nicht das Rechte)“ nicht dieses nicht,
191 929 2071 1010 he, denn: „Das Leben ist die Fülle, nicht das mehr betont statt des „bin“. (Merkwürdig!
2074 949 3110 1002 sondern „wenig“ zu betonen ist und ebenso
192 993 2068 1066 , und noch der nächste Augenblick ist Sonst reiten die Herrschaften auf der Ver¬
2075 982 3119 1055 wenig das nicht in ihrer Versicherung (V. Akt):
1051 1038 2073 1104 neinungspartikel herum, und wo sie allenfalls
185 1040 1061 1104 eißt es im Buch. Schnitzler hat dieser
2079 1039 3108 1104 „Ich werd’ ihn nicht zum zweitenmal verlieren“
201 1085 1055 1151 die eine lichtvolle und tröstliche Lebens¬
1052 1085 2084 1149 betont werden dürfte, weichen sie ihr aus. Das
2071 1088 3122 1171 (den Schleier). Auf der Hauptprobe war sie mit
193 1145 1051 1196 ung gibt, nun „in's Logisch-Grammatika¬
1051 1137 2080 1188 kommt eben davon, daß der Sprachgeist ent¬
2063 1140 2882 1204 „zweiten-mal“ schon am Richtigen.
1043 1188 2079 1243 flohen ist und durch Spintisiererei ersetzt wird.)
192 1178 1054 1251 bertragen“ mit der prächtigen Fassung:
2152 1178 3112 1254 Eine ausgezeichnete Darstellerin hat Bea¬
1054 1235 2079 1297 Am besten ist Hr. A. — als Toter. Sein Ver¬
2075 1224 3119 1293 tricens Schwester Rosina in Frl. Wall. Die in
188 1235 1054 1325 bens Maßist Fülle und nicht Zeit
1046 1282 2079 1339 halten, wie sein Körper unter den Händen des
2074 1290 3122 1347 sündiger Liebe Verschmachtende liegt ihr ebenso
1048 1328 2080 1402 Herzogs auf den Boden hipschligt, ist wirklich
2070 1328 3110 1400 gut wie die neiderfüllt Hassende. Dabei läßt sie
197 1333 1055 1421 k. Erfolg war groß, der Dichter wurde
1054 1378 1320 1446 vorzüglich.
2061 1387 3112 1438 merken, daß sie doch eines Stammes mit
172 1404 1060 1469 Ffall überschüttet, und sein Werk würde
1071 1426 3107 1483 Hr. Aslan (Bentivoglic) ist seiner Rolle nicht Beatrice ist, nur ein verdorbener Zweig. Leiden¬
186 1460 1051 1514 ifellos dauernd im Repertoire behaupten,
1039 1478 3111 1539 immer sicher, füllt andererseits seinem Partner schaft ist ihre Domäne. Davon ist Fr. Aknay
191 1507 1053 1558 in allen Teilen und bei allen Mitwirkenden
1048 1530 3109 1586 mitunter zu früh ins Wort und schwelgt stellen-Psehr fern. Sie gibt die sentimentale Dirne
196 1558 1054 1618 liente Sorgfalt erfahren hätte Daß dies
1050 1579 3111 1633 weis wieder in seinen armenischen Nasentönen Lucrezia wie eine ägyptische Nachtwandlerin.
177 1596 1053 1661 schah, muß man nun auch Sehnitzler:
1048 1625 3109 1691 und in der überhellen Artikulierung des a. Das Dazu hat sie sich wieder ein geradezu konkaves
182 1654 1051 1726 wurf machen, der bei den Proben Ge¬
1041 1678 3117 1741 Ich spricht er, dem Wiener gleich, wie ein hi Gesicht gemacht. Ihr ebenso hohler, oft näselnder
202 1697 1049 1763 t gehabt hätte, darauf zu dringen und
1046 1724 3121 1782 („Kir-he“). Das Wort „Baldachin“ betont er auf Ton bei geschlossenen Augenlidern ist darnach
192 1751 1047 1809 onita anzubringen. Am rein szenischen
1041 1765 2073 1831 der ersten Silbe, obwohl er einen Italiener spielt.
2064 1773 3119 1840 angetan, sie als Göttin der preziösen Fadaise
192 1804 1042 1862 ment ließ es Direktor Herterich als
1041 1827 3117 1888 (Baldacchino geht auf die Stadt Bagdäd, denVerscheinen zu lassen. An aparter Akzentuierung
181 1853 1054 1914 r ja nicht fehlen ihm gebührt da nicht
1031 1862 3118 1931 Erzeugungsort feinster Seidenstoffe, zurück.) Als leistet auch sie ein Erkleckliches. Ich will davon
194 1899 1055 1971 Anerkennung als Geyling mit seinen
1036 1912 2087 1981 ser Beatricen als Braut Vittorinos begegnet und
2069 1920 3112 1974 nur erwähnen, daß sie im IV. Akt in dem Satz:
185 1945 1054 2010 bildern (von denen besonders das des
1040 1962 2069 2028 Isie mit der Aufforderung, ihren Weg fortzusetzen
2062 1978 3117 2049 ,0 dankt mir, daß ich ehrlich bin!“ Das mir
192 1998 1047 2052 s: die Terrasse des Herzogsschlosses mit
1045 2019 2067 2077 auf die Probe stellt: „Du bleibst? Denkst du, ich
2071 2009 3115 2084 hervorhebt und in der Versicherung: „(Nehmt
182 2041 1047 2103 uchteten Fenstern im Parkhintergrunde
1046 2066 2067 2128 will's?“ betont er statt des letzten Wortes das ich,
2986 2073 3119 2134 das
2070 2060 3008 2125 sie an meinerstatt!) Ihr dauert mich“ —
187 2098 1045 2164 icht). Aber in der Führeng der Darsteller
1041 2109 3124 2184 als er sodann auf sie nicht zu verzichten gedenkt, mich. Man muß das schaudernd erlebt haben,
183 2145 1048 2202 dler Uberwachung des Wortes lassen sich
1044 2164 3112 2227 wenn sie selber nach ihm verlange, statt: „Dich um es zu glauben. — Frl. Rita Burg gibt die
171 2185 1047 2258 ingel feststellen, obwohl da gar Vieles
1036 2217 3123 2292 nicht umarmen“ fein säuberlich bühnenjuristisch Isabella, die doch eine Aspasia prästiert, doch
183 2245 3110 2303 ch der Generalprobe (die im Burgtheater das nicht (ebenso im IV. Akt zu ihr: „Und als gar zu vulgäres 1.ehen. Ihre Rand¬
183 2298 1052 2355 hdie — Leseprobe ersetzen zu sollen
1034 2306 3113 2364 hab’ nicht Furcht!“, was dem Vers das Genick bemerkungen zu dem Bericht Ercoles (III. Akt):
190 2339 3124 2387 verbessert wurde, so daß ich es in meiner pricht) und hierauf in dem Satz:  also „Die Unverschümte!“ „Der Narr!“ kommen wie
178 2392 1057 2450 liste“ gottlob löschen durfte. Was aber
1046 2402 3118 2490 kümmert’s niemand mehr“ — das mehr, das Papageisprüche heraus, nicht als Urteile, die in
181 2428 1040 2493 ssert blieb (hoffentlich nicht unverbesser¬
1040 2454 2948 2521 Der somit — gleich Hrn. Andersen — für den einem niedern Charakter begründet sind.
184 2488 1063 2542 schlimm genug, und ich werde natürlich
1038 2499 2089 2557 Komparativ von „viel“ nimmt, den z. B. die bayr.
2149 2489 3120 2573 Hr. Hennings weiß mit dem Grafen
183 2538 1056 2596 on reden und mich auch dabei nicht mit
1032 2548 2072 2610 Mundart als „mehrer“ sehr genau von dem hier
2061 2555 3119 2633 Andrea, der eine schöne Aufgabe hätte, rein gar
174 2586 632 2662 osem beschäftigen.
1034 2605 2066 2671 gemeinten „mehr“ als „fernerhin, sonst noch“
2057 2605 3111 2673 nichts anzufangen. Er gibt ihn wie den Träger
174 2649 2071 2715 das Burgtheater für den Filippo keinen junterscheidet. Horrend ist’s, in dem Satz: „Ich
2066 2638 3121 2714 eines schauerlichen Geheimnisses — und doch
1055 2689 2076 2751 will nicht sein wie dieser Herr von Pisa“ das
173 2701 1061 2749 und keinen Kainz mehr hat, wurde uns
2066 2710 3117 2771 so leer, daß man die Rolle fast überflüssig
1043 2743 2068 2802 will zu unterstreichen, als ob einer Zumutung
182 2745 1058 2818 wieder sehr schmerzlich fühlbar. Hr. An¬
2067 2748 3118 2813 findet. In der Szene mit Filippo zischt er wie
2063 2794 3114 2866 ein Bösewicht des alten Theaters. In der Rede:
179 2842 1055 2900 er mit nur geheucheltem Temperament
1054 2841 2065 2896 steht Aslans Leistung hoch obenan. Er charak¬
2068 2844 3115 2920 „Und siehst du noch der nächsten Sterne
1046 2889 2061 2950 terisiert den Renaissancefürsten in allen Licht¬
189 2880 1051 2946 Sprecher, der den schönsten Stellen der
2059 2889 3114 2954 Glanz betont er den „Glanz“. (Was güb’ es
304 2941 1053 2999 Glanz nimmt und außerdem
1048 2930 2073 2996 und Schattenseiten vortrefflich, und seine edie
2075 2938 3104 3015 denn sonst an den Sternen zu sehn? Ihre Ver¬
187 2986 2070 3055 eDialogstellen, deren Deutlichkeit zum Erscheinung läßt uns verstehn, was Beatrice an
2065 2980 3105 3053 finstrung doch nicht? Zu betonen ist nächsten,
1052 3038 1350 3104 ihm berückt.
179 3036 1047 3098 dnis der Handlung sehr notwendig ist,
2064 3036 3112 3101 weil er doch sagen will, das Loschi wahrscheinlich
181 3086 1058 3152 rächsfetzen zerpflückt. Die Schwermuts¬
1126 3058 3103 3140 Mit der weiblichen Hauptrolle ist Frl. Wa-Idie letzte Nacht vor sich hat) — Von Hrn.
172 3136 1045 3202 n die er die ganze Gestalt taucht, würde
1046 3134 2071 3188 gener der entscheidende Schritt in ihr eigent¬
2060 3134 3111 3192 Lohners Francesco ist zu berichten, daßf er ihn
178 3182 1058 3244 ener Volksmund bald „fade Soß“ nennen.
1042 3185 3118 3254 liches „Fach“ sehr glücklich gelungen. Wir prachtvoll angelegt hat und daß er am besten
183 3212 1056 3293 eht auch nicht immer Das, was er redet.
1050 3236 3111 3303 dürfen ihn mindestens als ein hochgemutes Ver-ist, wie er den Dolchstoß gegen die Schwester
175 3282 1054 3344 Beatrice mitteilt, daß sie der Herzog
1044 3281 3109 3353 sprechen annehmen, dessen volle Erfüllung nicht vorbereitet, Im Übrigen war er auf der Haupt¬
186 3331 1055 3392 geblickt habe, entgegnet er: „Was geht’s
1044 3335 3120 3386 ausbleiben wird, denn sie hat den „Funken“. Ihrei probe noch besser als bei der Aufführung, wo er
177 3380 1057 3448 n?“ statt: „Was geht's dich an?“ (wie's
1048 3382 3113 3441 Beatrice steht von allem Anfang an ungemein von Anfang an doch zu viel tat. Sein Trotz vor
187 3427 1049 3482 er Jambus erfordern würde), denn er will
1043 3426 3112 3503 überzeugend jenseits von Gut und Böse. Ihre dem Herzog (II. Akt) ist da so übertrieben, daß
175 3479 3112 3557 cht behaupten, daß es jemand Anderen Traumerzählung ist wundervoll, besonders das es siel: Bentivoglio schuldig wäre, den Kecken
1051 3524 3102 3593 Nachempfinden, wie sie sich als Herzogin An-Tals Majestätsbeleidiger dingfest machen zu lassen.
212 3525 1052 3597 sondern daß sie keinen Wert darauf
170 3575 1064 3637 fürfe, von diesen Leichtlebigen angegafft
1041 3567 3113 3644 stand gab: „Und so hab' ich gelächelt, siehst In seiner Uberheizung passiert es ihm, das Wort
186 3624 1054 3685 en. In dem von ihm ganz verschwemmten
1051 3625 2087 3697 du — fürstlich!“ Auch im II. Akt, bei der
2063 3624 3107 3686 ##trieft“ mit doppeltem f zu sprechen. Ihm ist
175 3676 1055 3747 ngsmonolog des III Akts, legt er an der
1041 3661 3113 3730 Wiederbegegnung mit Bentivoglio und als sie noch aufzumutzen, daß er einer diesmal sehr
192 3717 1054 3775 „Ist dies nur meiner Feigheit neustes
1035 3716 3115 3797 ihm ihre Bedingungen stellt, steht sie auf voller notwendigen Betonung der Verneinungspartikel
175 3763 3112 3828 Herab mit ihm!“ den Ton auf „ihm“, statt Höhe. Im III. Akt, wo sie am stärksten „aus ausweicht, als er auf des Freundes bestürzte
174 3816 1054 3889 rab“ Bei den drei Fragen an den un¬
1043 3823 2068 3881 sich herauszugehn“ hat und ihr die Kraft des
2062 3821 3105 3887 Frage: „Träum' ich?“ erwidert: „Nein, guter
1052 3869 2081 3925 erschütternden Wolterschreies zu wünschen würe,
214 3849 1047 3929 eindringenden Freund Ercole: „Du
2061 3872 3105 3933 Vittorino, du träumst nicht!“, was zudem den
180 3896 1056 3986 Wo kommst du her? Was willst du hier?“
1032 3915 2072 3970 zieht sie sich wenigstens mit Ehren aus der
2066 3917 3102 3981 Vers zerstört, der f. lich den Schönheitsfehler
1050 3966 2067 4025 Affäre. Im IV. müßte sie deutlicher zeigen, daß
190 3950 1055 4023 er ganz richtig das erste „du“ und das
2070 3965 3110 4027 hat, ein so gewic't zes Wort auf die kurze
174 3990 1047 4069 in der dritten Frage aber nochmals das
1052 4014 2070 4065 sie mit der ersten Liige halb unbewußt einer
2070 4015 3110 4066 Silbe zu nehmen. — Dafür läßt sich Hr. Horn
180 4062 1056 4121 Fährend jetzt aller Nachdruck auf „willst“
1040 4062 2069 4113 Suggestion ihres Filippo gehorcht und im V.,
2065 4063 3105 4117 (der als Malvezzi sonst einen recht glücklichen
194 4105 2062 4167 Würd' er das „hier“ betonen, so wäre daß von den Wänden dieses Totengemaches
2055 4114 3110 4167 Abend — als todesbereiter Genießer der Mamsell
178 4144 3108 4206 hfalls ein Fehler, aber wenigstens keiner Gespensterkrallen nach ihr tasten; auch sollte Lucrezia hat) in dem Satz: „Daß wir so Viele
