3436 4448
1943 248 2387 343 box 20/6
289 251 1834 337 14: Der Schleier der Beatrice
1789 1037 2479 1135 L. in Ar eisss.] Das
1419 1066 1700 1157 bereicherung.
2343 1121 2481 1180 mit
1523 1153 2235 1250 „Der Schleier der
1646 1233 2061 1316 Beatriee.
1491 1278 2471 1350 Die heutige Burgtheaterpremiere bringt unter ##
2330 1343 2466 1386 owöly:
1413 1354 2465 1423 einen Schnitzler der einmal Anlaß einer Ent= Sinsoni
1409 1399 2486 1447 fremdung zwischen den Wiener Dichter und Klavier
1413 1430 2320 1497 dem Burgtheater war. Das Renaissancedrama
1418 1480 2313 1529 „Der Schleier der Beatrice“ war nämlich von
1422 1521 2314 1569 Schnitzler Kainz zugedacht worden. Doch Kainz
1420 1553 2474 1618 wollte nicht, Schnitzler wanderte verstimmt ins Smelan
1413 1609 2477 1662 Deutsche Volkstheater aus. Seitdem ist viel Kalman
1410 1641 2438 1707 Zeit her, aus „Der Schleier der Beatrice“ meister“
2296 1660 2474 1721 Sarasat
1416 1687 2470 1739 wurde inzwischen eine Pantomime „Der Wagner
1420 1732 2480 1798 Schleier der Pierette“, zu der Dohnany die Andalo#
1415 1772 2315 1823 Musik schrieb und die auch in der Staatsoper
1401 1817 2310 1869 aufgeführt wurde. Nun lebt Schnitzlers
1407 1845 2477 1936 Kostümdrama (eines seiner wenigen, das Wien] Ueb
1417 1897 2314 1962 und die Gegenwart verläßt) in seiner ur¬
1415 1931 2311 2000 sprünglichen Gestalt wieder auf. Das Burg¬
1409 1953 2474 2041 theater setzt für das Drama fast seine ganze verbande
2298 2014 2464 2067 1350 Mi
1404 2024 2457 2090 schauspielerische Jugend ein, schon darum #arl F
1419 2069 2464 2117 durfte die Vorstellung interessant werden. Die Grazian
1415 2112 2473 2174 Regie führt der Direktor selbst, wie um das Valse 1.
2306 2142 2482 2187 Tarante
1415 2153 2442 2240 seinerzeitige Vorgehen das Burgtheater am doline
1411 2193 1927 2271 Dichter ganz zu fühnen.
2301 2207 2452 2255 Klavier:
2304 2245 2473 2293 Palm=R.
2314 2279 2462 2322 R. Stra
1401 2269 1972 2369 „Die große Tromme!“
2312 2308 2465 2391 Slendi.
1496 2325 2323 2404 dröhnt nun zum fünfundzwanzigsten Male.
1402 2389 2312 2450 Ihre Bespannung hat nicht nachgelassen;
1400 2432 2323 2493 immer noch sind Lessen, Schrecker, Puchstein,
1413 2477 2313 2538 Fräulein Weißmann und die übrigen das
1400 2506 2313 2574 Kalbfell, auf das Lachen hinschlägt. Der
1409 2561 2313 2610 Rahmen ist sogar renoviert worden, trotzdem
1415 2606 2298 2656 er noch ganz gut war: ein neues Bild. „Die Ver¬
1413 2646 2491 2742 haftung der Nackttänzerin Odys“, frischte auf, Gesptoch
1406 2688 2298 2734 mischte Erotik graziösesten Charakters mit der
1414 2731 2310 2785 witzigen Satire, die sonst vorherrscht. Und es
1408 2778 2325 2833 gab Blumen, Applaus und Stimmung wie am
1399 2814 1688 2870 ersten Tage.
2304 2812 2486 2887 Luvertür
2294 2864 2473 2922 Offenbac
1405 2847 1753 2943 Stadttheater.
2315 2909 2435 2953 Mittag
1488 2902 2485 3000 Die Max und Moritz=Komiker, die nun such der
1386 2950 2336 3040 bald wieder ihr angestammtes Theater haben
2121 3171 2394 3277 80
