3436 4448
931 129 1262 226 Kens0
925 235 2089 329 äliagiaddrege
2066 240 3343 356 HWitaleiektatsial
866 419 3208 528 y mit dem tägl. „Programm“ (Theaterzettel) der beiden Staatstheater zur Straßenkolportage.
761 435 865 559 J
493 536 2886 641 Eigentümer und Herausgeber: Karl Ed. Klopfer. Commandit-Verlag Klopfer & Comp., Wien, VIII., Skodagasse 28.
3003 550 3396 644 Telephon Nr. 23-
503 602 3401 706 Abonnement (kann mit jeder Nummer beginnen) 1½ Schilling für 10 fortlaufende Nummern mit Postversandt: ohne Theaterzettel. Man verlange Erlags
516 734 3407 788 Satzschluß dieser Nummer: 5. Juni. Die nächste wird ab 1. Septbr. ausgegeben. Bei säntl. Artikeln ist der Nachdruck verba
1486 835 2526 910 Liedern und einer symphonischen Tondichtung,
2507 838 3402 900 die unveränderlich Kleinen und lebt in
1491 869 1838 953 „Kaleidoscop“.)
2503 884 3365 951 lichster Unkenntnis dahin. Und sie
451 879 1502 963 „Der Schleier der Beatrice.“
1580 905 2526 1000 Spät genug also tat sich das Burgtheater dem
2507 939 3372 988 weiter in heiterem Mitteilungsdrang, als
539 947 1500 1023 Schauspiel in fünf Akten von Arthur
1485 976 2521 1034 Drama auf, dessen Schicksal es schien, von den
2519 974 3384 1047 sie in einem Bilderbuch. Bentivoglio, B
445 997 1490 1094 Schnitzler. (Samstag, den 23. Mai zum ersten
1484 1023 3379 1100 Zeitgenossen verkannt zu werden, wurden ja heute Herzog, ist von seiner römischen Reise
448 1052 1002 1132 Male im Burgtheater.)
1485 1080 3384 1150 noch kritische Stimmen laut, die in Schnitzler Er kam mit großem Gefolg durch ihre
547 1102 1500 1179 Es ist das erste der zwei großen Versstücke
1495 1124 3401 1193 stets nur den Dichter des unsterblichen Süßen und — nur uf ihr ließ er den Blick ru
452 1157 1499 1225 Schnitzlers, und man darf es als das bedeutendste
1487 1175 2527 1233 Mädels und den bevollmächtigten Geschäftsträger
2510 1184 3402 1243 brachte ihr dann einen anmutigen Traum,
457 1221 1504 1272 Werk des bedeutendsten österreichischen Dichters
1482 1216 2537 1283 Ider „Decadence“ erblicken wollen. So kann ein
2545 1223 3407 1285 — zum Gange hierher ihre Schuhe wechs
1487 1270 2523 1335 erworbener Ruhm zum Verhängnis werden. Wie
450 1258 1490 1332 der Gegenwart ansprechen. Bereits 1899 ent
2519 1271 3399 1331 auf ihrem Bette in kurzen Schlummer
1491 1319 2517 1384 anders wär es, wenn man das Stück nun anonym
443 1320 1498 1386 Estanden, wurde es 1900 von Schleuther für's
2512 1328 3377 1387 „Denk' nur, ich war die Herzogin!“
1494 1372 2527 1426 hätte aufführen können! Ich glaube, da hätte
453 1368 1497 1441 Burgtheater erworben, um im September des
2512 1362 3396 1443 wird stutzig. Und weiter? Sie setzt ganz
452 1421 1499 1479 selbigen Jahres — zurückgereicht zu werden,
1482 1413 2522 1474 man allgemein begriffen, warum Schnitzler sein
2512 1419 3392 1482 fort, daß sie huldvoll nach allen Seiten
462 1464 1499 1534 was den Protest von sechs namhaften Burgtheater¬
1489 1474 3402 1540 Bologneser Mädchen zwischen jedes Volk und inhabe, auch ihm, Filippo, der ehrfürchtig
446 1521 1493 1572 Kritikern herausforderte, aber keine andere ein¬
1479 1513 3402 1586 Ljedes Zeitalter versetzen dürfte und daß es nur vor ihr beugte. Und daß ihr dann gewe
452 1566 1500 1620 heimische Bühne bewog, sich um das Stück zu
1495 1569 2517 1627 auf die Umwelt ankommt, ob ein zögernd auf¬
2511 1572 3399 1644 als führe der Herzog sie durch ein Dunk
454 1611 1501 1673 bewerben, das nach der Uraufführung (in Breslau,
1493 1611 2526 1677 blühendes Weibtum — das die Neuheit jeder
2509 1620 3396 1699 Namen flüsternd und seine Lippen den
448 1665 1491 1734 Sam 1. XII. 1900) in Druck erschien, Anfange
1489 1663 2511 1719 Minute in animalischer Unschuld erlebt, sich über
2517 1671 3383 1735 nähernd. — Filippo stößt sie empört
448 1701 1496 1781 1903 brachte es Brahm in Berlin, erst sieben
1489 1710 2525 1779 Nichts oder Alles wundert und bald lächelnd
2516 1702 3407 1779 Träume sind freche Wünsche, Begierd
450 1773 1494 1824 Soder acht Jahre später kam es in Hamburg heraus.
1490 1760 2516 1822 genußfroh, bald in furchtsamer Scheu vor ge¬
2508 1763 3403 1821 Mut“ und nennt sie die Dirne ihres 7
449 1813 1504 1864 und man scheint es nirgends gebührend gewürdigt
1496 1806 2530 1883 ahnten Abgründen triebhaft den verläßlichen
2505 1819 3407 1884 Sie kann's nicht verstehen. Liebt er ###
440 1850 1498 1930 zu haben. Freilich, der Autor der „Liebelei“ und
1494 1858 2527 1913 Führer durch die Buntheit des Daseins sucht —
2517 1867 3390 1922 mehr? Er weist sie aus seinem Garten.
449 1907 1493 1964 des „Anatol“-Cyklus war da bereits rubriziert.
1480 1904 3404 1958 Tals holdes Naturkind geliebt oder als leicht-Psoll ich wiederkommen?“ ist ihre bettelnd
458 1942 1494 2000 d. h. auf einé Spezialität verpflichtet, und „Schuster.
1486 1944 2526 2012 fertiges Dirnchen bis zur exenprobe verdammt
2511 1944 3388 2017 „Im Leben nicht.“ Das dringt ihr zu
457 1986 1493 2052 bleibe bei deinem Leisten!“ ist eine Mahnung.
1490 1996 2519 2057 wird. Das echte Weib geht unverbildet durch die
2514 2001 3376 2068 und mit schier überirdischer Heiterkeit
451 2039 1499 2097 deren sich alle — Schuster befleißen, auch wenn
1491 2023 3397 2103 Jahrhunderte, denen die wechselnden Kampfziele fihr ein, daß er ihr die Möglichkeit lie
448 2084 1503 2142 sie sich Dramaturgen oder gar „Kunstrichter“
1482 2093 2515 2155 und -spiele des Mannes den „Zeitgeist“ verleihen.
2506 2094 3397 2160 ihm zu sterben, wenn sie erkenne, daß
1569 2144 2511 2204 Mitten in jeder Kultur-Hochblüte sitzt auch
2518 2142 3398 2206 ihn nicht zu leben vermöchte. — Filip
445 2185 1493 2247 veniere vor einer verantwortungslosen Geheim¬
1485 2180 2521 2255 die Fäulnis. Schnitzlers Verständnis für diese
2516 2179 3403 2255 sich in seinem Vertrauen betrogen — du
441 2235 1496 2290 zensur spielte, gebrauchte die Ausrede, das Stück
1496 2234 2526 2299 Erscheinung hat man für die perverse Lust dran
2512 2234 3403 2297 Traum dieser undisziplinierten Mädchense
459 2286 1491 2340 nicht besetzen zu können, obwohl Frl. Medelsk,
1489 2286 2526 2344 genommen. Aber der Dichter hat vielfältige
2504 2282 3406 2366 also doch nicht bis in die geheimste Fa
450 2330 1505 2388 damals das Gretchen spielte, bald auch die Isabel
1489 2338 2526 2409 Fühler und senkt sie in alle Kelche. Sich voll¬
2507 2338 3402 2405 Herreneigentum wäre. Er hätte ja all
461 2382 1504 2452 Calderons, und sich ebenso sicher Fr. Hohenfels,
1491 2386 2527 2441 saugend mit Allem, was Lebensgenuß ist, gelangt
2507 2380 3166 2459 spruch darauf, er, der sich
3143 2385 3387 2454 — nicht
458 2428 1505 2503 die zweieinhalb Jahre darnach als Monna Vanna
1491 2430 3396 2497 er zu seiner Weltgefühls-Plastik, die jede seiner Dichterträumen — jeden Tag anderen W
455 2474 1503 2545 entzückte, für die Beatrice interessiert hätte.
1484 2479 2525 2556 Gestalten zum Träger ge-griffener Wahrheit
2509 2483 3393 2552 hingibt und auch dem erreichten Idealwe
445 2531 1489 2600 Für den Herzog wäre wohl Georg Reimers¬
1491 2533 2513 2596 macht. Und eben deßhalb darf man ihn nie mit
2521 2537 3390 2591 mit jedem Gedankenkeim restlos die Sein
443 2566 2512 2637 Prinzivalli, später Gerasch, für den Filippo aber einer seiner Gestalten völlig identifizieren, mit
2518 2587 3398 2645 nur so lange treu bliebe, als es ihn ni
456 2623 1500 2691 ein gewisser Josef Kainz zur Verfügung ge¬
1482 2625 2511 2691 diesem Filippo Loschi etwa, der wirklich ein
2510 2631 3401 2696 lüstet, sich eine Erhöhung des Glückes
459 2677 2520 2752 standen. Es sollte nicht sein. Nach der Ham- Dekndenter ist, bereits ein Ermüdender, der an
2511 2684 3394 2744 das Bewußtsein zu schaffen, daß es ih
455 2725 2521 2795 burger Aufführung plante Alfred v. Berger als dem Tag, an dem er die Braut aus edlem Ge¬
2508 2730 3395 2793 noch die Freiheit ließe, sich anders
458 2780 3404 2853 Nachfolger Schlenthers die Aufführung am Burg-Ischlecht am Sterbebett ihrer Mutter mit brünsti-Zwischenstimmung zu suchen. So erg
449 2825 1496 2875 Stheater — und starb, eh es dazu kam. Auch
1484 2823 3394 2892 gem Antrag beschmutzte, aus einer bunten Volks-Tauch jetzt ein probates Mittel, sein tra
450 2872 1494 2935 Millenkovich und Max Paulsen versprachen sie,
1488 2874 3397 2940 menge die kleine Beatrice Nardi an sich zog Herz zu betäuben, als zwei adlige Lebej
449 2915 1500 2977 aber es schob sich immer Etwas dazwischen.
1483 2920 2520 2986 und mitnahm, wie man von der Hecke die Rose
2516 2929 3392 2987 ein Paar Florentiner Kurtisanen bei ih
456 2971 1499 3032 Mittlerweil wurde der Stoff nach des Dichters
1497 2973 2512 3033 stiehlt. Durch sie, die sich dem Gold seiner
2517 2979 3397 3051 führen, die den berühmten Dichter Bolo
463 3014 1496 3069 Ursprungsentwurf in das Wiener Biedermeier¬
1498 3023 2524 3087 Geisteskraft wie einer neuen Sonne erschließt,
2510 3022 3402 3080 sehn und zu sprechen wünschen. Er be
459 3065 1503 3129 Milien übertragen und kam als Pantomime (Musik
1502 3066 2516 3146 wird auch er noch einmal Neuempfänger. Sein
2513 3073 3401 3138 samt den mitgebrachten Musikanten bei si
452 3120 1489 3178 von Ernst Dohanvi) unter dem Titel „Der Schleier
1490 3116 2516 3187 Vorsatz ist, mit ihr zu fliehen. In eine Fremde,
2508 3124 3407 3186 durchlärmte Nacht soll ihm vergessen he
465 3166 1501 3233 der Pierrette“ ans Deutsche Volkstheater (jetzt
1499 3171 2522 3233 wo niemand ihn kennt und Beatrice — dort so
2585 3173 3385 3242 Zuhause wird Beatrice von ihrem
455 3189 2001 3275 soll sie mit einem russischen Gäste-Ensemble am sentwurzelt wie er —
1979 3220 2521 3295 bis in die letzte Faser
2511 3201 3391 3272 Francesco, der schon den Panzer des frei
1483 3260 1973 3329 mit ihm verschmölze.
457 3260 1501 3318 Raimundtheater erscheinen) — begreiflicherweis
2500 3265 3398 3337 Stadtverteidigers trägt, zur Vermählung
447 3313 1495 3369 ohne Erfolg, da die Handlung trotz ihrer voll¬
1566 3303 2522 3380 Beatrice erscheint: „Da hast du mich!“ Sie
2513 3317 3390 3377 Jugendgespielen Vittorino gedrängt. Die
454 3365 1487 3423 dramatischen Kraft mißdentet wird, wenn sie der
1496 3339 2518 3425 h.t sich durch arges Gedräng schlagen, müissen.
2505 3369 3393 3423 liche Stunde heischt raschen Entschluß, nu
464 3409 1489 3475 erläuternden Sprache entbehren muß, noch dazu
1495 3412 2510 3479 Ganz Bologna ist auf in Erwartung der Scharen
2511 3419 3391 3477 Abend noch ließe sich für zwei Leute ei
458 3453 1495 3518 dieser gedankentiefen und herrlich beschwingten
1490 3459 2523 3513 Cesare Borgias, der die Stadt dem Papst unter¬
2501 3458 3403 3542 licher Ausgang gewinnen, und Frances
456 3508 1500 3573 Sprache, die den Hauptvorzug des Werkes bildet.
1485 3507 2511 3560 werfen soll. Filippo eröffnet ihr seinen Flucht¬
2508 3514 3388 3567 die jüngere Schwester, die unverdorbe
451 3551 1502 3609 Darum wohl mißtraute unsere Staatsopern¬
1484 3548 2516 3616 plan. Ihre Familie soll sie nicht wiedersehn. Sie
2505 3563 3392 3632 sicherer Hut wissen, ehe Bologna von der
459 3598 1488 3664 Direktion auch dem von Heinrich C. Noren ver¬
1496 3612 2515 3665 ist auch dazu bereit; ihr sei immer gewesen, als
2511 3610 3407 3675 lichen Soldateska gestürmt wird. Beatrice
461 3661 1487 3716 tonten Libretto; die Partitur wurde unbesehn
1491 3658 2520 3709 hab sie im Elternhaus nur zu Rast verweilt.
2510 3659 3391 3727 betrübt ein. Auch sie drängt’s in Geborg
457 3702 2508 3764 abgelehnt, auch das Anerbieten des Komponisten, Vater Nardi, der Wappenschneider, ist irr; für
2502 3706 3386 3763 „Nicht nach deinen Küssen verlangt's
454 3758 2513 3819 den Klavierauszug vorzuspielen. (Das ist bei der ihn steht die Zeit still seit dem Tag, an dem
2518 3757 3391 3822 Vittorino, aber ausruhn möcht’ ich bei d
457 3796 2505 3863 Novitäten-Not unserer Oper allerdings umso ihn seine Frau offensichtlich betrog. Beatricens
2511 3806 3388 3868 ich so müde bin.“ An diesem Vorabe
465 3859 3392 3911 erstaunlicher, als sich Noren in DeutschlandNaivität kann auch darüber lachen, denn ihr Kriegsnot sind einer raschen Vermählu
453 3895 3395 3960 längst einen Namen gemacht hat: mit schönen! Vater behandelt seine erwachsenen Kinder als! Wege geebnet. Während man sich zun
