3436 4352
1937 232 2409 338 box 20/3
294 244 1914 336 14. Der Schleier der Beatrice
1022 1021 1159 1101 168
1480 1024 1980 1101 Notizen und Besprechungen.
1022 1120 2432 1199 erfüllt; aber da sie vernahmen, daß vielleicht schon morgen unsere geliebte
2200 1183 2420 1246 .. u. s. w.
1031 1185 2155 1248 Stadt an allen vier Ecken in Flammen aufgehen wird“
1019 1235 2435 1289 Oder eine andere Stelle, an der ein gewisser Capponi, seines Zeichens
1026 1302 2440 1361 Gewürzhändler, spricht: „Was fällt Euch ein! Daß ich seufze, ist eine
1027 1342 2441 1417 Angewohnheit, eine üble Angewohnheit, wenn Ihr wollt, oder auch eine
1036 1408 2432 1464 philosophische Angewohnheit. Aber, um auf das Rosenwasser zurückzu¬
1026 1445 2436 1515 kommen, so könnte es immerhin auch das persische gewesen sein.“ Kann
1023 1508 2437 1570 man Shakespeare's Ausdrucksweise treuer kopiren? Auch der Herzog er¬
1040 1561 2030 1645 innert an Shakespeare, wenn er zu Beatrice spricht:
1345 1632 2061 1718 „Ich bin bereit, so gänzlich zu verzeih'n,
1338 1688 2119 1750 Daß Du als Herzogin rückkehrst in's Schloß,
1349 1738 2143 1822 Wär's auch von einem höchst verruchten Ort.“
1124 1809 1918 1894 Man beachte das „höchst verruchten Ort“
1116 1861 2446 1930 Der Schluß des ganzen Dramas ist vollkommen im Stile Shakespeare's
1040 1947 2448 2005 gehalten. Wie bei dem englischen Dichter dem todten Helden gewöhnlich
1034 1991 2443 2057 ein ehrender Nachruf von dem überlebenden zu Theil wird, so läßt auch
1028 2058 2114 2113 Schnitzler den Herzog an Filippo's Bahre also sprechen:
1347 2133 2074 2190 Euch aber, denen diese Stadt vertraut ist,
1340 2179 2114 2247 Bis And're kommen, nicht mehr ich und die,
1335 2227 2086 2288 Trag' ich die Sorge auf, im ersten Glüh'n
1329 2284 2083 2345 Der Morgensonne, die zum Abschied grüßt,
1330 2329 2107 2399 Den Leichnam dieses sehr geliebtes Dichters
1337 2382 2032 2447 Im Grab des Bentivoglio zu bestatten.
1347 2427 2157 2494 Und diese“) hier wie ihn! Die Spanne Zeit,
1348 2480 2144 2538 Die sie um's Licht des Lebens noch geflattert,
1347 2534 2129 2588 Bedeutet jetzt nichts mehr, sie starb mit ihm.
1346 2575 2046 2644 Er liebte sie, er starb, weil er sie liebte,
1342 2639 2034 2709 So ist sie hochgeehrt vor allen Frau'n!
1139 2696 2455 2769 Dem Wiener Dichter wäre ein in hohem Maße Shakespeare'sches
1040 2772 2452 2835 Werk gelungen, wenn seinen Figuren nicht gerade das fehlte, was die
1046 2823 2241 2890 Gestalten des Briten an Uebermaß besitzen: Blut und Leben. —
1145 2884 2449 2941 In dem Roman „Frau Bertha Garlan“ hat Schnitzler ein seiner
1046 2923 2442 2999 würdiges, in seiner Art vollendetes, feines und vornehmes Kunstwerk ge¬
1044 2986 2449 3051 schaffen. Die Objektivität und Plastik der Darstellung kann kaum über¬
1053 3033 2457 3108 troffen werden. Frau Bertha Garlan ist eine Dame, die ohne Liebe
1052 3103 2454 3169 geheirathet und sehr früh ohne übergroßen Gram Wittwe geworden ist.
1056 3157 2452 3205 So hat sie wohl einen kleinen, lieben Sohn, kennt aber die Liebe nicht.
1059 3194 2462 3263 Es liegt etwas Rührendes und Komisches zugleich über dieser Frauengestalt,
1052 3264 2462 3320 die mit großer Treue erfaßt und dargestellt ist. Bewunderswerth ist die
1066 3322 2466 3381 Komposition des Romans. Frau Vertha Garlan steht in der Mitte. Sie
1052 3350 2485 3452 lernen wir zuerst kennen, bis in's Innerste. Um sie gruppiren sich alle
1143 3435 2168 3520 *) Die todte, von ihrem Bruder erstochene Beatrice nämlich.
2869 1134 2921 1186 an
2865 1986 2995 2046 Roma
2863 2033 3351 2109 steht, glaube ich nicht. M
2869 2089 3380 2161 Zola's Romanen. Der so
2857 2141 3379 2215 Kunstwerk noch die Herze
2867 2204 3387 2272 aber ist sein Gegenwartsn
2853 2245 3384 2324 nicht allein, vielleicht nicht
2866 2305 3387 2379 Mehr als der Kunstfreun
2873 2361 3379 2430 Kunstgattung nehmen. De
2873 2406 3396 2489 schaftliche volkswirthschaftlich
2875 2469 3382 2537 genaue Darstellung der V
2859 2525 3378 2599 wie Dinge und Menschen
2872 2559 3395 2654 aber auch die Menschen in
2868 2632 3379 2698 Roman vermag über diese
2874 2673 3392 2758 Messchen mit Leib und S
2878 2733 3387 2808 deutlich vor Augen zu stell
2875 2788 3388 2859 geschichte. Der Sozialpolih
2872 2840 3394 2921 Behandlung, Wohnung, Häu
2873 2902 3378 2972 Die Klarstellung aller d
2877 2951 3372 3032 deutlichen Eindruck doch
2877 3016 3391 3087 hinaus. Zu innerem Verst
2875 3060 3401 3127 er an Stelle des abstrakt
2873 3117 3388 3196 Schicksal des Dienstmädche
2875 3171 3377 3257 hier aus einem Hause ins
2885 3227 3394 3300 ihren Gegenstand mit leh
2872 3278 3394 3352 Verständniß, großer Objekt
2868 3334 3368 3417 kraft behandelt zu haben.
