3436 4320
1936 168 2390 279 box 20/4
277 172 1790 287 14. Der Schleier der Beatrice
1033 1233 1126 1315 61
1441 1239 2476 1408 EKEISauhIStAdE
683 1334 1091 1446 S
588 1421 2876 1517 Ein Trio von Unzufriedenen. — Bismarck=Warte und Bismarck=Kommers. — Sapellnikoff. — Charpentiers „Luise" und Schnitzlers
1513 1499 1962 1575 „Schleier der Beatrice“.
1503 1552 1975 1662 Don Eugen Reichel.
685 1663 1740 1746 Die Zahl der Unzufriedenen wird in Berlin, wie
1738 1656 2869 1753 Vertrauen hat und dessen Forderungen er befriedigen kann.
584 1720 1738 1786 es scheint, von Jahr zu Jahr größer. Bisher hatte man
1740 1732 2871 1785 Jedenfalls wäre es unerhört, wenn man es „Laien“
588 1773 1736 1835 geglaubt, daß nur die Sozialdemokraten von Berufs wegen
1740 1777 2886 1855 verbieten wollte, der kranken Menschheit ihre Dienste
586 1819 1726 1887 die Unzufriedenheit auf ihre Fahne geschrieben hätten;
1736 1829 2873 1894 zu widmen. Der Staat kommt den Arzten schon aus¬
583 1882 1737 1935 aber das hat sich in der letzten Zeit sehr geändert. So
1733 1877 2895 1934 reichend entgegen, wenn er die „Kurpfuscher“ für jedes
582 1921 1733 1987 haben wir denn in der ersten Märzwoche eine ganze
1737 1932 2880 1993 Versehen, für jede Schädigung der Patienten zur Rechen¬
576 1966 1733 2035 Reihe von Versammlungen erlebt, die keinen andern
1734 1967 2880 2035 schaft zieht; mehr kann, mehr darf er nicht tun; und
592 2017 1728 2076 Zweck hatten, als gewissen Behörden den Ausdruck des
1738 2026 2886 2088 wie es jedem Kranken freisteht, sich vom Arzte heilen
582 2059 1733 2124 Unbehagens von seiten großer Gesellschaft= oder Berufs¬
1732 2083 2878 2143 oder ganz zu Grunde richten zu lassen, so muß es auch
586 2112 1728 2183 kreise so deutlich wie nur irgend möglich zu vermitteln.
1725 2124 2885 2201 jedem Kranken freistehen, sich an den Kurpfuscher zu
583 2165 1725 2230 Hier hatten Arzte sich zu einer „Deutschen Gesellschaft
1737 2171 2882 2239 wenden, von dem er Heilung erwarten darf. Hierüber
590 2231 1735 2282 zur Bekämpfung des Kurpfuschertums“ zusammengetan
1735 2227 2871 2278 sollten sich die, dem Ring zur Bekämpfung und Besei¬
590 2271 1726 2322 und im Bürgersaale des Rathauses ihre erste Schlacht
1740 2265 2877 2344 tigung des Kurpfuschertums angehörenden Arzte klar sein.
583 2307 1722 2386 gegen die immer drohender werdende Gefahr mit sehr
1820 2318 2875 2386 Ebenso klar sollten sich die Prediger des Goethe¬
574 2348 1713 2422 zeifelhaftem Erfolge geliefert; dort wetterten um Mitter¬
1734 2369 2885 2446 Bundes darüber sein, daß auch ihre Deklamationen
590 2403 1727 2476 nacht und bis in den Morgen hinein gereizte Artisten
1730 2417 2875 2482 über polizeiliche Vergewaltigung des Theaterpublikums
591 2465 1725 2514 gegen die weise Obrigkeit und berieten Abwehrmaß¬
1735 2465 2878 2522 auf die zuständigen Behörden wenig Eindruck machen
587 2512 1721 2571 regeln gegen allerhand behördliche Beschränkungen; dort
1736 2517 2882 2579 werden. Es ist ja zweifellos eines gebildeten Volkes
585 2558 1725 2623 protestierte an einem Sonntagmittag im überfüllten
1734 2567 2882 2637 unwürdig, sich bei jeder passenden und unpassenden Ge¬
589 2607 1735 2674 Riesensaale der Philharmonie der „Goethe=Bund“ gegen
1733 2608 2884 2679 legenheit bevormunden zu lassen; und zumal heute, da
582 2655 1733 2723 die Theater=Zensur — kurz, wohin man hört: überall
1732 2658 2883 2723 sich Neigungen und Gesinnungen fast schrankenlos betätigen,
580 2712 1736 2783 Klagen, Entrüstungsstürme und Forderungen; überall
1732 2718 2880 2785 ich möchte fast sagen: austoben dürfen, wirkt es mehr
582 2760 1727 2822 Kundgebungen der Unzufriedenheit. Was die Herren
1727 2766 2881 2822 als komisch, wenn bald hier, bald da ein Theaterstück
581 2807 1720 2867 Arzte wünschen und erstreben, weiß man: vollständige
1732 2815 2882 2872 verboten wird mit der Begründung, daß es entweder
590 2848 1730 2913 Unterdrückung des „Kurpfuschertums“, durch das
1735 2858 2867 2927 die „Sittlichkeit" oder das „religiöse Empfinden“ ge¬
588 2913 1716 2969 „der Volksgesundheit ernste schwere Gefahren drohen“.
1733 2906 2878 2957 fährden könne. Wenn trotzdem die Theater=Zensur in
577 2951 1731 3029 Seitdem „die Kurpfuscher ihr volksfeindliches Gewerbe
1719 2957 2870 3023 Kraft bleibt, so müssen hierfür eben Gründe maßgebend
587 2995 1723 3060 in großen, immer wachsenden Scharen betreiben“, geht
1735 3011 2869 3065 sein, die alle oberflächlichen Deklamationen der Herren
576 3057 1733 3116 es mit dem Wohlstand der Durchschnittsärzte, die sich
1726 3052 2877 3126 Sudermann, Fulda und Genossen nicht aus der Welt
583 3103 1722 3154 ebenfalls „in immer wachsenden Scharen“ namentlich
1731 3098 2874 3171 schaffen können. Die Bestie im Menschen ist bekanntlich
587 3150 1727 3219 über die unglückliche Reichshauptstadt ausbreiten, sehr
1732 3148 2881 3223 sehr viel mächtiger und stärker als der „Mensch“; die Un¬
581 3199 1723 3250 merklich zurück. Das ist an sich zweifellos beklagens¬
1731 3204 2864 3263 sauberkeit und Roheit mächtiger als das veredelte Em¬
586 3253 1728 3307 wert; und es würde deshalb gar nichts schaden, wenn
1731 3254 2870 3308 pfinden, der gebildete Geschmack; und wenn es keine
583 3288 1725 3355 die studierende Jugend ein Menschenalter hindurch vom
1717 3299 2879 3373 schützenden Bollwerke gäbe, so würde das Edle und
575 3338 1723 3410 Studium der Medizin ganz absehen und sich anderen
1724 3351 2864 3408 Gute sehr schnell und rettungslos vom Gemeinen und
584 3395 1718 3452 Studien zuwenden wollte. Aber es wäre doch wirklich
1731 3392 2874 3460 Schlechten überflutet werden. Schon aus diesem Grunde
579 3445 1727 3499 seltsam, wenn man das „Kurpfuschertum“ nun kurzer¬
1724 3439 2864 3506 läßt sich eine gesetzliche Schutzmacht beim Theater nicht
589 3494 1712 3561 hand ausrottete und das Recht, an der leidenden Mensch¬
1727 3498 2870 3560 entbehren; und es ist höchstens zu bedauern, daß diese
579 3531 1719 3607 heit herumzukurieren, einzig und allein den Herren zu¬
1728 3546 2874 3616 Schutzmacht nicht besser, nicht sorgfältiger ihres Amtes
583 3595 1722 3650 gestände, die da zufällig ihr Doktor= und Staatsexamen
1727 3594 2875 3662 waltet, daß sie für gewöhnlich Zoten der schlimmsten
585 3641 1724 3681 bestanden haben. Ein letztes Wort ist in dieser An¬
1721 3630 2873 3711 Art duldet und sich nur dann auf ihre Gewalt besinnt,
584 3682 1718 3755 gelegenheit noch nicht gesprochen und kann wohl auch,
1729 3693 2874 3749 wenn irgend ein Stück edlerer Art in Frage kommt.
589 3735 1729 3812 wenigstens im Sinne der Herren Arzte, nicht gesprochen
1722 3747 2862 3814 Aber auch die Theaterdirektoren wissen sehr wohl, daß
575 3781 1729 3857 werden. Man wird aber, wie zur Zeit. so auch in
1724 3788 2863 3848 sie bei der bestehenden Theaterzensur sicherer fahren.
574 3830 1725 3890 alle Zukunft jedem Kranken die Freiheit lassen müssen,
1728 3843 2859 3908 Ein letztes Einspruchsrecht wird und muß sich der Staat,
586 3879 2873 3937 sich an den Mann zu wenden, zu dem er das meiste dih. in diesem Falle die Polizei, unter allen Umständen
