3436 4352
118 296 256 359 r. 416
109 633 312 703 der Trost:
104 777 319 850 rsunkenen
129 845 332 909 bildungen
172 928 303 987 rübs¬
252 982 303 1029 ten
276 3247 327 3295 ten
285 3381 337 3436 der
171 3417 358 3484 Freundes
202 3466 356 3518 und be¬
140 3508 357 3575 ath an der
170 3556 341 3613 ne, stelz¬
158 3598 365 3653 wollenden
153 3643 373 3708 gefährlich,
159 3688 373 3745 reden aber
161 3731 374 3790 sind genau
143 3776 376 3831 salles in
152 3818 372 3879 ilich ist es
178 3866 380 3922 nur dem
148 3907 374 3968 iche beugen
150 3953 380 4012 zeter jener
171 3995 379 4061 ren Stell¬
2918 268 3144 328 Seite 185.
2258 273 2655 337 20. September 1902.
1786 276 2001 339 Die Zeit.
1383 285 1433 342 ms
1191 288 1273 348 Wie
676 286 862 354 Nr. 416.
1916 386 3177 461 dem „das Wort“ „der Menge tönendes Erz“ ist und der „hl. Bu¬
619 393 1902 461 vertreter auf Erden gehaben und in affenartiger Eitelkeit sich bei
1918 422 3203 494 reaukratius“ herrscht. Ganz märchenhaft ist auch die Tragödie
619 460 1901 511 jedem kritischen Wort über einen von den großen Todten gebärden,
1927 494 3202 542 „Einer für alle“ von Friedrich Dukmeyer:), die einen Conflict
616 505 1803 552 als ob ihre nichtige Erbärmlichkeit angegriffen worden wäre.
1918 530 3203 593 zwischen Militärpersonen und Civilisten behandelt und damit endigt,
739 555 1916 598 Eine kleine Münchhausen=Episode behandelt eine Komödie
1928 568 3198 626 dass ein Oberst, der einen Redacteur, weil dieser die Ehre des
621 583 1860 643 „Münchhausens Antwort“ von Hanns v. Gumppenberg“,
1932 626 3204 671 Regiments verletzte, einfach niederschießt, vom Kriegsgericht als
618 633 1905 685 der Münchhausen in seinem Schlosse „im Hannöver'schen“ eine
1923 653 3212 726 Verbrecher „aus dem Kriegsdienst ausgestoßen und auf acht Jahre
627 679 1907 726 adelige Gesellschaft dem Spotte des Publicums preisgibt und zu
1930 715 3203 763 nach Sibirien verbannt“ wird. Das Stück spielt eben in Samar¬
625 710 1907 766 Gunsten einer Stallmagd schröpft. Zum Titelhelden eines Lust¬
1919 750 3202 799 kand, also in dem barbarischen Rufsland. In unseren Culturstaaten
631 758 1906 824 spieles hat Münchhausen Fritz Lienhard') gemacht. Bei ihm ist
1929 789 3205 854 wäre ein solches Utheil wohl kaum möglich. Erwähnt sei schließlich
627 799 1916 865 Münchhausen ganz der alte Lügenheld geblieben. Das wäre an sich
1919 827 3211 900 noch das Drama „Ananian“ von Curt Aram'), das die Lage
621 858 1907 898 kein Uebel, wenn nur die neuen Lügen, die Lienhard ihn vor¬
1917 874 3211 937 der Christen an der persisch=türkischen Grenze und ihr Verhältnis
621 882 1905 948 bringen lässt, etwas besser wären. Außerdem ist Lienhards Münch¬
1931 933 3219 984 zu Kurden und Mohammedanern schildert. Den Kern der Handlung
619 952 1912 996 hausen au fond ein guter Mann. Auch das wäre kein Fehler.
1923 959 3209 1024 bildet ein Versuch des Titelhelden, die Christen von der Herrschaft
618 979 1923 1032 Aber er ist etwas dumm, und das sollte Münchhausen denn doch
1924 999 3220 1070 der Ungläubigen zu befreien; als pikante Zuthat scheinen die ver¬
629 1023 1915 1087 nicht sein. Freilich will der Autor seinen Münchhausen als den
1939 1049 3211 1115 gnüglichen Reden, in denen sich der Kurdenfürst Mommedacha, der
626 1065 1910 1123 ganz Gescheiten darstellen, der seine Gäste, die ihn übertrumpfen
1937 1102 3215 1158 des Ananias Weib vergewaltigt hat, über dieses Thema der Ge¬
619 1114 1913 1159 wollen, selber übertrumpft; aber er fällt auf ihre albernen, plumpen
1934 1140 2902 1205 nothzüchtigten und ihrem Gatten gegenüber ergeht.
621 1167 1916 1219 Späße, dass sie ihm z. B. drei Landjunker als Cagliostro, Lavater
2862 1189 3179 1258 Max Burckhard.
2459 1204 2697 1270 (Schlufs folgt.)
623 1209 1915 1253 und — Goethe vorstellen, doch zunächst hinein, und erst wenn ihm
621 1256 1922 1319 andere einen Anschlag verrathen haben, weiß er hinterher den
623 1297 1033 1361 Klugen zu spielen.
738 1315 1915 1400 Bei Nennung des Freiherrn von Münchhausen, des adeligen
1932 1307 3218 1412 Der kunsthistorische Congress in Innsbruck.
637 1374 1913 1447 Schelms, denkt man unwillkürlich an Till Eulenspiegel, den Schelm
1985 1385 3208 1468 Tenn Jahre sind seit der Wiederbelebung der kunsthistorischen
625 1421 1909 1484 aus der Sphäre des „fahrenden Volkes“. Auch ihn hat Lienhard
1948 1452 3215 1508 X Congresse, deren der Wiener Kunsthistoriker Karl v. Lützow
633 1464 1920 1520 schon einmal zum Titelhelden einer Bühnendichtung gemacht, nun
1938 1490 3215 1556 sich erfolgreichst angenommen hatte, dahingegangen. An die allen
641 1508 1927 1575 bringt er ihn nochmal in einer Episode, dem Schelmenspiel „Der
1945 1557 3219 1604 Theilnehmern in angenehmster Erinnerung gebliebenen Tagungen
625 1572 1923 1617 Fremde“.5) Handlung und Charakteristik sind recht schwach, und
1945 1571 3224 1643 in Nürnberg, Köln, Budapest, Amsterdam und Lübeck reiht sich nun
637 1607 1933 1669 was sich als Witz und Laune gibt, dürfte kaum auf irgend jemanden
1946 1628 3225 1692 jene in Tirols gern besuchter Hauptstadt, unter deren Kunstschätzen
637 1640 1919 1701 als solche wirken. Auch von der berühmten „Heimatskunst", hin¬
1945 1677 3230 1734 das berühmte Maximiliansgrabmal die Bewunderung der ganzen
633 1683 1923 1740 sichtlich derer man gethan, als hätte das neue Schlagwort für eine
1938 1713 3220 1777 gebildeten Welt genießt. Der zahlreiche Besuch des Innsbrucker
627 1747 1925 1803 alte Sache ganz neue Ideenkreise eröffnet, kann ich nichts in
1948 1779 3233 1815 kunsthistorischen Congresses ließ in erfreulichster Weise erkennen,
626 1775 1926 1846 Lienhards Sachen finden. Es wäre denn der Satz, den er in seinem
1944 1800 3215 1873 dafs die betheiligten Kreise den Wert der von den Congressen aus¬
649 1815 1924 1886 „Münchhausen“ einem Liebhaber in den Mund legt: „Ich kann
1945 1841 3228 1904 gegangenen Anregungen und Unternehmungen immer richtiger und
641 1859 1921 1926 keinen Menschen so gut leiden, wie dich, den König von Preußen
1949 1890 3229 1962 höher einschätzen lernen, obzwar auch bis zur Stunde weder der
650 1910 1928 1966 ausgenommen.“ Ein vernünftiges Mädchen wird vielleicht einen
1951 1937 3226 1999 offene noch der versteckte Widerstand von bestimmten Seiten trotz
647 1952 1924 2003 solchen Liebhaber nicht nach Verdienst zu schätzen wissen, der Lieb¬
1946 1983 3234 2054 der unbestreitbaren Erfolge gebrochen ist. Zu letzteren rechnet in
644 1996 1916 2065 haber hat aber mit feinem Empfinden den König des Landes ge¬
1938 2025 3235 2068 erster Reihe die 1893 zu Nürnberg in Aussicht genommene und
639 2049 1930 2103 nannt, in dem man „maßgebenden Ortes“ dermalen ein besonders
1945 2068 3225 2136 seither in schönster Weise verwirklichte Gründung des kunsthisto¬
648 2087 1708 2161 gutes Verständnis für derartige „Heimatskunst“ besitzt.
1953 2128 3235 2178 rischen Institutes in Florenz, das unter der sachkundigen Leitung
757 2141 1929 2201 Die Vorgeschichte Eulenspiegels, wie er zu dem wurde, was
1949 2156 3217 2222 des Leipziger Professors Brockhaus sich immer mehr zu einer wich¬
639 2185 1934 2239 er der Welt war und ist, führt uns in ansprechender Weise Carlot
1951 2200 3236 2268 tigen Förderungsstätte für streng methodische Einführung in die
642 2232 1936 2289 Gottfried Reuling“) in seinem Drama „Der Retter“ vor. Der
1954 2239 3228 2312 kunsthistorische Forschung ausbildet, die Constituierung der Gesell¬
652 2279 1929 2341 junge Till kommt nach Schilda zur Zeit einer Seuche und rettet
1952 2294 3234 2361 schaft für photographische Publicationen, deren sehr beachtenswerte
648 2318 1922 2378 einer großen Anzahl Schildaer und auch der Tochter des Bürger¬
1951 2337 3237 2399 und stattliche Veröffentlichungsreihe eine Fülle wichtigen, bisher
656 2362 1928 2422 meisters das Leben. Nachdem aber die Gefahr vorüber ist, erwachen
1950 2378 3232 2442 unbeachteten Materiales erschlossen hat, das Inslebenrufen einer
649 2405 1933 2474 der Hass des heimischen Arztes, der Geiz des Bürgermeisters, dem
1958 2417 3229 2485 Corporation für ikonographische Studien und die Unterstützung der
649 2459 1921 2508 um das verheißene Honorar leid ist, die Eifersucht des Rath¬
1961 2467 3240 2526 Actionen für Denkmalpflege durch Erörterung wichtiger Fragen
655 2489 1934 2552 schreibers, dessen Braut, ein Spielmannskind, sich Till zugewendet
1956 2511 3236 2575 derselben auf den Congressen selbst und durch Ueberreichung von
650 2553 1943 2596 hat; da sich herausstellt, Till habe sein Diplom nicht im römischen
1961 2542 3238 2618 Resolutionen behufs Erlassung eines gesetzlichen Denkmalschutzes bei
651 2589 1933 2643 Reich, sondern in Paris erworben, und er sei der Sohn einer der
1958 2592 3229 2658 einzelnen Regierungen. Die Bedeutung der Congresse besteht ja
664 2625 1935 2681 Hexerei verdächtigen, in ungeweihter Erde bestatteten Schildaerin,
1954 2649 3237 2699 hauptsächlich in der Inangriffnahme großer weitaussehender Unter¬
669 2682 1941 2730 „der Alten vom Ulenhorst“, setzen sie auch bei dem parteiischen und
1955 2696 3235 2748 nehmungen, welche die Kräfte des Einzelnen übersteigen und all¬
655 2726 1946 2768 bornierten Richter durch, dass „der Retter“ verurtheilt wird, am
1960 2728 3247 2803 gemeinen Interessen des ganzen Wissenszweiges oder Kunstgutes
655 2758 1939 2822 Pranger zu stehen. Und da das Volk, das anfangs auf seiner Seite
1965 2773 3243 2842 dienen. Für geistreichelnde Hypothesen eines eng umschriebenen
660 2814 1932 2865 gestanden hatte, erfährt, der berühmte Arzt, der ihm Rettung ge¬
1964 2815 3239 2884 Sonderthemas bieten, wenn nicht ein Werk eines hochberühmten
658 2850 1944 2909 bracht, sei ein „Hiesiger“, sucht es Till zu steinigen. Schon ist seine
1962 2860 3236 2933 Meisters, ein ganz actuelles Problem in Frage steht oder eine nähere
666 2892 1940 2949 Braut von einem Steinwurf getödtet, auch er würde gewiss er¬
1959 2904 3240 2979 Orientierung auf einem sonst etwas seitab liegenden Gebiete ver¬
666 2938 1940 2996 schlagen — da kommt die Nachricht, die Seuche sei neu ausge¬
1965 2948 3236 3013 sucht werden soll, die bestehenden Fachzeitschriften ausreichende Ge¬
665 2980 1952 3041 brochen und der Bürgermeister selbst erkrankt. Till wird aus dem
1964 2993 3257 3054 legenheit zu anregender Erörterung vor einem größeren Publicum.
657 3020 1931 3079 Halseisen befreit und soll den Bürgermeister retten. Ja, sagt er,
1959 3032 3244 3100 Dagegen kann für methodisch bedeutungsvolle Neuerungen, die bei
657 3076 1934 3132 wenn Ihr mir die erschlagene Braut wieder lebendig macht. Und
1971 3081 3246 3148 Einzelforschungen eben erst mit Erfolg eingeführt wurden, aber
669 3110 1949 3171 dabei bleibt er, nimmt dem Stadtnarren Kappe und Pritsche ab
1964 3121 3240 3191 noch manchen Einwänden begegnen, gerade in Congressvorträgen
668 3154 1942 3220 und zieht, die Kappe wie eine Krone am Haupt, die Pritsche wie
1969 3168 3241 3234 und Congressdiscussionen manch fruchtbarer Gedanke ausgeseilt und
673 3207 1460 3266 ein Seepter tragend, in die weite Welt.
1958 3209 3248 3293 zu größerer Ertragfähigkeit geläutert werden. Große Fragen selbst
786 3248 1940 3307 An die Kategorie der Sagen und Märchen lassen sich einige
1968 3256 3238 3323 auregen oder zielbewusst fördern, dem wissenschaftlichen Betriebe
668 3290 1947 3345 Stücke angliedern, deren Schauplatz in den Orient verlegt ist. Da
1968 3303 3250 3369 unter Zustimmung der Mehrheit der Fachgenossen neue Bahnen
671 3333 1937 3396 ist eine dramatische Satire" „Wahrheit“ von Fritz Krempien?),
1967 3347 3233 3412 erschließen und auf einzelne hervorragende Schätze bestimmter Land¬
677 3382 1948 3440 die in Samarkand spielt und uns zeigt, wie von zwei Volks¬
1969 3392 3251 3449 striche oder Gebiete durch Sonderausstellungen, gemeinsame Aus¬
677 3417 1955 3484 befreiern jener, der die Massen belügt und ihnen Unerfüllbares
1968 3434 3235 3507 flüge u. s. w. die allgemeinere Aufmerksamkeit der Forschung hin¬
666 3464 1947 3520 verspricht, dauernden Erfolg hat, während jener, der ihnen die
1970 3489 3251 3546 lenken, bildet das Programm der kunsthistorischen Congresse. Um
668 3511 1950 3575 Wahrheit sagt, erschlagen wird. Dem Sterbenden, der übrigens
1970 3514 3252 3583 seine Verwirklichung haben sich zwei der Congrefssache leider zu
677 3553 1956 3619 selber scrupellos seine Braut belogen hat, ruft auf seine visionäre
1967 3563 3248 3626 früh durch den Tod entrissene hochangesehene Kunstforscher, Karl
679 3595 1947 3657 Verkündigung einer wahrheitsfreundlichen Zukunft ein Bürger
1970 3612 3251 3672 v. Lützow und Franz Xaver Kraus, ganz außerordentliche Verdienste
677 3638 1899 3717 nach: „Schau nimmer erdwärts, hoffnungsvoller Streiter,
1965 3662 3242 3730 als Präsidenten des geschäftsführenden Ausschusses erworben, an
682 3684 1955 3745 Samarkand lügt Alles ruhig weiter.“ Eine ebenfalls satirische
1963 3692 3252 3754 dessen Spitze in ihrem Geiste August Schmarsow (Leipzig) unbeirrt
676 3729 1955 3806 „Komödie“ „Phrasien“ von Franz Neubauer“) führt uns zuerst
1969 3743 3253 3818 und unverdrossen die Interessen der Kunstwissenschaft möglichst
672 3771 1930 3845 nach Indien, wo wir mit der trefflichen Einrichtung bekannt ge¬
1965 3794 2585 3862 allseitig zu fördern bemüht ist.
676 3813 1952 3879 macht werden, dass alle Leute einen falschen Buckel tragen müssen,
2083 3834 3241 3896 In der Vortragsreihe des Innsbrucker Congresses dessen
673 3871 1956 3919 weil der Sohn des Königs einen echten hat, und dann in Beglei¬
1972 3879 3257 3940 Verhandlungen Prof. Schmarsow leitete, ließen sich drei Gruppen
689 3905 1949 3964 tung des alten Herrn Ahasver nach „Phrasien“, einem Lande, in
1972 3920 3256 3988 von verschiedenartiger Bedeutung scharf unterscheiden: eine mit
1978 3966 3253 4021 einem weite Kreise der Bilderbesitzer interessierenden allgemeinen
832 3973 1207 4035 Berlin, E. Bloch. 64 S.
847 4001 1279 4063 Berlin, G. H. Meyer. 106 S.
1978 4006 3252 4078 Thema, die zweite mit dankenswerten Darlegungen über speciell
844 4051 1272 4096 Berlin, G. H. Meyer 39 S.
845 4074 1216 4113 Berlin, E. Bloch. 125 S.
2120 4059 2553 4133 ) München, Staegmeyr. 124 S.
842 4100 1264 4145 Dresden, E. Pierson. 51 S.
2101 4116 2545 4181 2) Dresden, E. Pierson. 98 S.
820 4131 1248 4200 *) Leipzig, R. Wöpke. 118 S.
