3436 4192
1979 141 2438 237 box 20/3
322 145 1851 251 14. Der Schleier der Beatrice
1180 1052 1917 1211 J0 pierer Jeauict
1432 1226 1670 1332 1. 0
1132 1330 2348 1425 In naher Erinnerung ist noch der Fall Schnitzler. So
1087 1384 2335 1453 lange Arkhur Schnitzler nicht ganz er selbst zu sein wagte,
1187 1432 2331 1493 so lange er über eine gewisse weiche Behandlung
1079 1462 2334 1553 akuralistischer Stoffe nicht hinausgewachsen war, blieb er der
1077 1506 2329 1589 Eberwöhnte Liebling der Theaterleiter. Da unterstand er sich,
1085 1562 2327 1610 ein Versdrama zu schreiben, das Niemand von ihm erwartet
1090 1594 2333 1677 hatte. Kein Meisterstück, aber doch ein Beweis, daß in Arthur
1096 1636 2335 1715 Schnitzler mehr lebt, als er uns bisher verrathen hatte. Man
1083 1684 2328 1753 weiß, wie „Der Schleier der Beatrice“ vom Di¬
1080 1727 2323 1781 rektor des Wiener Burgtheaters zuerst angenommen und dann
1084 1768 2319 1843 abgelehnt worden ist. Man hat dieser Sache die Ehre eines
1081 1813 2318 1884 großen Lärms erwiesen. Doch wohl mit Unrecht. Schön ist
1086 1852 2320 1925 es freilich nicht, es kommt aber beim Theater alle Tage vor.
1073 1885 2314 1973 Mir scheint es wichtiger, festzustellen, daß andere Theater¬
1073 1934 2305 2005 leiter sich einem so eigensinnigen Drama gegenüber gar
1083 1974 2319 2056 nicht erst durch Versprechungen kompromittiren. Der
1080 2012 2317 2097 Mensch hat ja mit seiner „Liebeler“ einen so schönen
1084 2061 2306 2136 Erfolg gehabt! sagen sie. Volle Häuser! Was will er noch
1081 2100 2316 2161 mehr? Ein bischen Wehmuth in der Liebelei, das hat der
1071 2144 2320 2213 tausendköpfige Brodherr ganz gern. Jetzt tritt dieser Mensch
1068 2173 2313 2266 aber dem Problem ernsthaft näher, er schüttelt an den
1076 2229 2306 2309 Illusionen der Liebe und des Lebensglückes, und diese
1071 2253 2313 2339 Illusionen sind auch Stützen der Gesellschaft. Ja, wenn in
1063 2314 2321 2391 dem Stücke noch eine Bombenspannung vorhanden wäre!
1069 2359 2308 2418 Aber da ist alles so geistig, so innerlich. Das führen wir
1058 2399 2307 2472 nicht auf! Arthur Schnitzler soll nicht glauben, er dürfe
1067 2435 2312 2528 schreiben, was er will. Erlaubt ist, was dem Publikum
1056 2477 1225 2555 gefällt.
