3436 4384
744 835 1139 902 Telefon 12801.
264 932 1603 1043 Alex. Weigl's Unternehmen für Zeitungs-Ausschnitte
1259 1017 1467 1089 Ausschnitt
219 1005 1609 1162 V105 „OBSERVER“ N. 99
191 1134 1638 1244 I. österr. behördl. cone, Burenn für Zeitungsberichte u. Personalnachrichten
375 1212 1485 1314 Wien. IX, Türkenstrasse 17.
578 1290 1267 1377 Filiale in Budapest: „Figyeló“ —
190 1350 1631 1472 Vertretungen in Berlin. Chicago, Genf, London, Newyork, Paris, Rom, Stockholm.
179 1453 732 1555 Ausschnitt aus:
797 1545 1511 1673 Mhiee Wiener Sitralsatt
190 1584 821 1739 vora 11/9 79 00
608 1997 1092 2097 Theaterzeitung.
468 2069 1212 2167 Dreizehn Jahre Wartezeit.
409 2136 1268 2225 (Die Geschichte eines Theaterstückes.)
433 2196 1354 2268 Noch ein Beitrag zu dem in den letzten
332 2232 1361 2310 Tagen vielbesprochenen Kapitel „Wie man
317 2301 1341 2346 Wiener Dichter im Wiener Hofburg¬
330 2331 1350 2396 theater behandelt“. Im Jahre 1887, also vor
323 2372 1359 2429 dreizehn Jahren, wurde dem damaligen
176 2425 1357 2479 Für  Directions=Provisorium ein einactiges Lustspiel
328 2458 1354 2537 überreicht, „Maximen“ betitelt. Der Verfasser
1359 2476 1562 2553 inglusive
341 2505 1361 2565 nannte sich nicht, er bat um eine Verständigung, be¬
1369 2538 1531 2590 Porto
341 2539 1537 2630 treffend das Schicksal seines Werkes, unter einer „bar
200 2583 309 2648 „ 100
330 2582 1356 2648 Deckadresse. Die Entscheidung siel sehr günstig aus,
1350 2613 1551 2665 m Voraus.
343 2631 1343 2688 die Komödie wurde zur Aufführung an¬
146 2674 333 2733 Abonnem
343 2673 1580 2746 genommen. Nun hielt der Autor den Moment fürste ist das
151 2716 336 2784 Abonnent
345 2711 1577 2785 passend, das Visir zu lüsten, er suchte die Leiter der Hofzcht es den
1358 2768 1419 2819 I.
349 2762 1352 2823 bühne auf und besprach eingehend seine Arbeit. Man er¬
348 2803 1358 2857 klärte einige Veränderungen im Dialoge für wünschens¬
146 2830 334 2899 Inhaltsa
351 2843 1575 2910 werth. Den Winken wurde Rechnung getragen und altend die
149 2887 342 2942 blätte¬
1371 2897 1579 2958 Torgen¬
356 2904 1352 2970 sohin dem Dichter nochmals bekanntgegeben, der
136 2924 339 2987 wodurch e
1378 2938 1583 2992 Zeitung“)
145 2963 303 3014 des In¬
351 2959 1350 3014 Einacter werde in Scene gehen. Das Provisorium
1368 2976 1575 3029 ihe Leben
135 3000 338 3073 werden in
350 2994 1352 3062 machte alsbald der Direction Burckhard Platz. Wieder
1360 3010 1573 3082 peilungen
351 3040 1357 3103 erhielt der Verfasser des Einacters Mittheilung,
349 3065 1372 3163 sein Lustspiel stehe auf der Liste der
347 3121 1368 3188 sangenommenen Stücke. Dr. Burckhard
1138 3159 1368 3218 wie diese
349 3169 1066 3232 behielt sich eine Ueberprüfung vor
350 3207 1365 3267 ausfiel, darüber verlantete Nichts. Aus dem Um¬
363 3252 1369 3318 stande, daß der neue Herr im Burgtheater das Ur¬
353 3292 1379 3355 theil seiner Vorgänger nicht cassirte, glaubte der
365 3338 1371 3401 Antor, und mit Recht, der Ueberzeugung sein zu
362 3364 1382 3440 können, sein Werk sei nach wie vor vom Burg¬
1370 3418 1434 3497 1
356 3418 1375 3472 theater angenommen. Ein gegentheiliger Bescheid
362 3463 1380 3532 erfloß nicht, folglich blieb die erste Entscheidung auf¬
352 3494 1374 3585 recht. Seither sind dreizehn Jahre ver¬
1272 3519 1410 3603 der
364 3549 1275 3622 flossen der angenommene Einacter
1127 3577 1420 3650 erworbenen 1L
791 3592 1076 3654 Liste der
367 3600 797 3665 amtlich auf die
364 3635 1415 3699 Stücke gestellt wurde, ist bis heute im Archiv versenkt#
1323 3667 1469 3731 L
371 3681 1299 3746 geblieben. Der Mann, dem solches geschah, ist
1369 3715 1409 3763 3
369 3716 1373 3776 Julius v. Ludassy. Die mit der ersten deutschen
380 3746 1415 3822 Bühne gemachte Erfahrung hat den hochbegabten
381 3803 1378 3861 Schriftsteller nicht abgehalten, weiter zu schaffen, in
367 3845 1455 3902 dem Volksstücke „Der letzte Knopf“ hat er eine be¬#
375 3898 1451 3952 deutende Talentprobe gegeben. Wie viele junge1g
371 3919 1454 4007 Schriftsteller aber werden durch solche Vorgänge für##n
378 3978 1422 4032 immer entmuthigt! Demnächst wird Ludassy mit v
371 4015 1397 4073 einer neuen Dichtung hervortreten, welche den
371 4058 1216 4159 Titel führt „Die Frühlingskinder“.“
2204 549 2613 604 Telefon 12801.
1731 643 3070 726 Alew- Weigts Unternehmen für Zeitungs-Ausschnitte
2737 708 2943 768 Ausschaltt
2057 746 3078 848 „OBSEKVEK Nr. 94
1725 816 3124 928 österr. behördl. cone. Bureau fünz itungsberichte u. Personalnachrichten
1855 909 2967 1003 Wien. IX, Türkenstrasse 17.
2033 991 2727 1081 — Filiale in Budapest: „Figyelö“
1698 1047 3118 1137 ertretungen in Berlin. Chicago, Genf, London, Newyork, Paris, Rom, Stockholm.
1697 1172 2215 1258 Lusschnitt aus:
2550 1234 2815 1334 et 1
1695 1316 2342 1425 som 18 07086
1882 1570 2878 1785 (=Der Fall Schnitzler.
1974 1749 2959 1833 Es ist eine Affaire. Allerdings keine neue. Unzählige¬
1859 1815 2957 1906 male ist es vorgekommen, dass Bühnenschriftsteller ihre
1857 1871 2970 1951 Arbeiten, nachdem solche lange in den Theaterkanzleien
1860 1915 2967 1993 gelegen, zurückbekommen haben. Sie ertrugen es mit
1853 1955 2970 2042 Anstand und Würde, oder sie haben sich persönlich ihrer
1869 2015 2965 2092 Haut gewehrt, indem sie die Flucht in die Oeffentlichkeit
1866 2058 2966 2156 ergriffen; aber ganz vereinzelt ist der Fall, dass
1864 2111 2961 2196 sich der Abgewiesene mit einer Schutzgarde von kritischen
1699 2134 1852 2206 Für 50
1779 2152 3084 2240 10. Publicisten versieht, die in seinem Namen eine Erklärung lusive
2933 2223 3055 2272 jorto.
1774 2201 3066 2306 200 abgeben. Wir glauben, dass auch Herr Dr. Schnitzler, hlbar
1785 2273 3091 2352 50 der eine gute Feder führt, seine Sache selbst hätte ver= Voraus.
1762 2305 2966 2390 100-treten können. Wenn er aber schon die Wiener Kritiker
1783 2369 3114 2433 In zur Anwaltschaft aufgerufen, so hätte er sich einer stärkeren ist das
1677 2399 1851 2453 Abonnen
1856 2408 3122 2483 Streitmacht versichern müssen, als sie in den sechs Ge¬ es den
1673 2441 1847 2508 Abonnen
1847 2454 2953 2527 rechten besteht, die für ihn das Wort gegen Doctor
1843 2503 3123 2602 [Schlenther ergriffen. Diese Herren, einzeln ist jederstend die.
1680 2562 3117 2635 Inhaltsg leidlich klug und verständig, aber versammelt — habenorgen¬
1681 2609 1844 2660 blütte
1855 2591 3108 2678 sie eine Dummheit gemacht. Nicht dass wir gegen Zeitung")
1677 2645 1837 2697 wodurch
2930 2660 3109 2716 he Leben
1847 2655 2943 2746 Schnitzler oder für Schleuther Partei ergreisen wollen.
1679 2685 1836 2737 des In¬
2924 2702 3116 2756 heilungen
1836 2677 2940 2778 Was den letzteren betrifft, gehört er zu den unleidlichsten:
1685 2725 1832 2792 werden
1829 2729 2970 2808 Theaterdirectoren, die jemals hier das Regime geführt.
1838 2791 2946 2879 Sein ganzes Gehaben in Bezug auf Dichter und Publicum
1828 2848 2938 2922 ist eine Mischung von Berliner Schnodderigkeit und
1827 2876 2937 2969 höchster Wurstigkeit. Wahrlich, dieser Herr, der das Burg¬
1825 2924 2941 3033 theater so weit gebracht, dass es seine Kräfte aus dem
1839 2990 2937 3077 Jautsch=Theater holen muss, darf sich nicht vermessen, zu
1830 3053 2929 3120 erklären, dass nur das Burgtheater in der Lage sei,
1815 3086 2934 3182 das Werk eines Bühnenschriftstellers in würdiger Weise
1825 3113 2929 3227 zu interpretieren. Das ist eine der berühmten Schleuther¬
1819 3192 2925 3271 schen Ueberhebungen, welche diesen Mann charakterisieren
1825 3231 2933 3317 und nur noch unsympathischer machen, als er ohnedies
1828 3287 2936 3357 schon ist. Aber so ungeschickt anmaßend sich Director Schleuther
1834 3331 2926 3406 in diesem Falle benommen, so wenig berechtigt war die!
1826 3372 2922 3456 sechs Mann hohe Solidarität der Theaterreferenten.
1809 3410 2920 3512 Wir erinnern uns eines geflügelten Wortes des ver¬
1821 3486 2920 3555 ewigten Sitter, der von den 300 Wiener Theater¬
1808 3519 2907 3601 recensenten zu sprechen pflegte. Das war eine satirische
1807 3583 2920 3660 Licenz, aber jedenfalls repräsentieren die gedachten Decla¬
1809 3616 2912 3707 ranten noch lange nicht die gesammte Kritik, man wird
1807 3671 2913 3749 vielmehr anzunehmen versucht sein, dass sie eine Quint¬
1813 3713 2910 3795 essenz des berühmten „Klüngels“ sind, der öffentliche
1803 3753 2908 3861 Meinung machen will. Die feierliche Erklärung dieser
1802 3830 2891 3892 Herren, was im Benehmen Schleuthers gegen Schnitzler
1805 3868 2898 3935 unstatthaft gewesen, ist sehr überflüssig. Jeder halbwegs
1804 3905 2902 3989 anständig und rechtlich denkende Mensch sagt sich das¬
1805 3940 2900 4041 selbe, was ihm die Wortführer des gemaßregelten
1812 4004 2119 4064 Dichters sagen.
1912 4041 2897 4144 Die öffentlich Entrüsteten haben in dem gegebenen
1793 4115 2896 4199 Falle zu viel oder zu wenig gethan. Entweder wollen¬
1797 4164 2893 4232 sie Bühnenschriftsteller und Publicum vor Schleuther
1806 4215 2889 4291 und seinem Theater warnen, dann hätte das klipp und
1808 4260 2907 4331 klar geschehen müssen, oder sie beabsichtigten des Directors¬
1805 4298 2903 4375 Unfähigkeit zur Beurtheilung dramatischer Werke festzu¬
