3436 4384
1876 285 2408 381 box 20/1
302 299 1813 401 14. Der Schleiender Beatrice
1115 1199 2347 1263 Hai die Direktion auf dem Gebiete des klassischen Dramas fast
1111 1253 2353 1315 tzlich versagt, und ein paar Monate lung diesen Geschäftszweig
1111 1289 2348 1367 es großen Betriebes annähernd gänzlich eingehen lassen, so hat
1109 1357 2348 1413 sich bei der Zusammenstellung und bei der Ausführung des
1088 1412 2341 1468 odernen Repertoires durchaus Anerkennung verdient.
1071 1447 2354 1495 zir haben alle bedeutenderen Erscheinungen der letzten Spielzeit,
1078 1486 2344 1555 senn auch manche, wie das „Johannisfeuer“ sehr spät zu hören be¬
1071 1527 2348 1596 ommen, und fast stets in einer guten, manchmal in einer geradezu
1060 1586 2344 1646 ortrefflichen Darstellung. Es sei in dieser Husicht nur an die
1059 1624 2349 1679 stimmungsvolle Wiedergabe des Björnsonschen Doppeldramas er¬
1058 1663 2357 1735 innert, an den „Rosenmontag“, an „Flachsmann“, an „Baumeister
1057 1710 2336 1782 Solneß" u. a. mehr. Daß sie auch ohne sonderliche Aussicht auf
1065 1756 2333 1820 materiellen Erfolg sich ihrer litterarischen Verpflichtungen bewußt
1058 1812 2361 1886 ist, hat sie durch die Aufführung des „Michael Kramer“ und der
1065 1864 2345 1915 „Waldleute“ von den beiden Hauptmanns bewiesen. Daß sie
1065 1911 2351 1966 Schnitzlers „Schleier der Beatrice“ aufzuführen sich entschloß, sei
1057 1944 2360 2014 ihr zum besonderen Lobe angerechnet, wenn sie auch durch mangel¬
1057 1999 2345 2047 hafte Inscenirung und durch verfehlte Besetzung der wichtigsten
1056 2042 2344 2111 Rolle viel zu dem Mißerfolg des Dramas beigetragen hat. Von
1059 2076 2349 2147 Anderen interessanten Neuheiten sei die hübsche Pantomime „Der
1045 2146 2345 2200 verlorene Sohn“ und der lustige „Boubouroche“ erwähnt. Der
1050 2186 2336 2255 „Ausflug ins Sittliche", „Die strengen Herren“, „Frau Königin“
1053 2220 2371 2308 und „Der Leibalte“ errangen keinen starken, aber immerhin noch
1060 2277 2340 2340 innehmbare Erfolge. Daß eine Direktion einmal gänzlich verfehlte
1056 2309 2337 2389 sund abgeschmackte Stücke aufführen läßt, wird stets vorkommen;
1042 2365 2346 2425 denn natürlich kann sich auch eine Direktion über die Wirkung von
1051 2419 2339 2475 Werken erheblich irren. Nur sollte es sich nicht so häufen, wie in
1053 2458 2329 2527 dieser Saison, die uns „Dolly“, „Die Wahrsagerin“ den „Groß¬
1056 2520 2338 2570 kaufmann“, „Rudi, der Fresser“ und die drei unglücklichen Kadelburg¬
1052 2556 2340 2610 schwänke brachte. Mit einigen Neueinstudirungen hatte die Direktion
1052 2604 2338 2651 wechselndes Glück. Es sei an „Donna Diana“, „Die guten
1061 2651 2346 2724 Freunde", „Francillon“, „Die eingebildeten Kranken“ und den
1065 2697 1718 2767 „Diener zweier Herren“ erinnert.
1113 2721 2339 2799 Große Keünstler anderer Bühnen haben sich in der letzten Spiel¬
1049 2790 2343 2841 zeit nicht an unsere Bühne verirrt. Und wenn nicht ganz zum
962 2807 1047 2874 is=
1055 2839 2334 2885 Schluß Dr. Wüllner sich als König Lear versucht hätte, so wäre
955 2859 2338 2922 achüberhaupt kein bemerkenswerthes Gastspiel zu verzeichnen. Das
956 2908 1049 2969 im
1050 2933 2333 2985 wäre ein an sich sehr gutes Zeichen, wenn unser Ensemble so
953 2952 1045 3006 em
1056 2972 2335 3028 glänzend zusammengesetzt wäre, daß wir getrost auf berühmte Gäste
1060 3025 2336 3090 verzichten könnten. Aber wie die Dinge bei uns liegen, wäre eine
1046 3069 2332 3128 gelegentliche Auffrischung durch fremdes Blut ganz gut; und wir
1057 3120 2343 3180 glauben, daß in der nächsten Saison diese Auffrischung immer
1048 3162 2336 3226 nöthiger werden wird. Freilich bleiben uns ja noch eine Reihe guter
1042 3207 2341 3261 Kräfte. Aber mit Bedauern sehen wir andere von uns scheiden.
1054 3250 2348 3318 So sind die Aussichten für die nächste Saison nicht übermäßig
1045 3302 2333 3352 glücklich. Hoffen wir, daß sich wenigstens die deutschen Dichter
1048 3353 2340 3412 anstrengen und uns wieder so zugkräftige Stücke wie in der letzten
2080 3390 2280 3455 H. U.
1044 3391 1584 3469 Spielzeit bescheren werden.
