3484 4320
297 177 1785 269 14: Der Schleier der Beatrice
963 3635 1649 3730 Kunst und Wissenschaft.
1028 3715 1584 3807 Literatur und Theater.
775 3743 978 3840 a
990 3779 1634 3859 Leipziger Schauspielhaus.
790 3825 1865 3897 Leipzig, 24. Mai. Gestern sahen wir bier das neue
734 3889 1877 3934 Schauspiel Arthur Schnitzlers „Der Schleier der
729 3926 1862 3975 Beatrice". Der Dichter wird zu den Veriretern der
743 3965 1871 4024 Wiener Moderne gerechnet und hat in „Liebelei", „Frei¬
738 4012 1869 4065 wild“ und einigen Einaktern soziale Schauspiele verfaßt,
737 4062 1865 4105 welche die Signatur der modernen Richtung tragen. Sein
748 4089 1863 4150 neuestes Drama aber liefert den Beweis, daß diese Richtung
740 4133 1868 4195 jetzt nach allen Gegenden der Windrose aus einander fährt;
1953 173 2412 259 box 20/5
1872 403 3044 485 seinem dämonischen Gesicht in alle diese Renaissance¬
1886 451 3053 528 Tragödien, auch in die Maeterlincksche hineingreift, wird
1896 512 3016 557 die fröhliche Hochzeit gefeiert, bei der auch die Florentiner Cour¬
1893 546 3027 606 tisanen erscheinen, die vorher bei dem Dichter Filippo Loschi
1894 603 3029 666 eine Gastrolle in einer Privatorgie gegeben haben. Nun begibt
1896 642 3024 698 sich aber das Merkwürdige, daß die Braut dem Bräutigam
1905 687 2989 731 fortläuft, ohne daß er längere Zeit hindurch es bemerkt —
1898 721 3013 776 bei der Hochzeit wenigstens pflegen doch Bräutigam und
1891 757 3019 810 Braut beisammen zu bleiben, wenn sie auch später ver¬
1898 804 3030 854 schiedene Wege gehen. Doch Beatrice läuft fort, und zwar:
1899 851 3031 903 spornstreichs zu ihrem ersten Geliebten, dem Dichter; was sie
1893 890 3021 949 da recht will, weiß sie nicht; sie denkt auch ans Sterben,
1888 939 3018 978 doch als er ihr vorredet, in dem Becher, aus dem sie ge¬
1890 975 3016 1029 trunken, sei Gift gewesen, da fühlt sie sich doch durch diese Mit¬
1898 1015 3031 1083 teilung unangenehm berührt. Den Dichter, der überhaupt eine
1905 1063 3011 1121 sehr problematische Natur ist, läßt sie auch wieder im Stich und
1892 1108 3015 1151 läuft zu ihrer Hochteit zurück, vergißt aber, ihren Schleier
1890 1156 3009 1206 mitzunehmen. Der Herzog hat sie endlich doch vermißt und
1884 1177 3018 1243 nun beginnt ein Verhör, bei welchem sie anfangs lügt und
1891 1235 3025 1294 behauptet, sie habe den Schleier in der Kirche gelassen. Das
1891 1280 3012 1334 wird sofort widerlegt, nun hüllt sie sich in feierliches
1894 1312 3025 1370 Schweigen. Der Herzog aber ist ergrimmt und überliefert
1882 1349 3027 1415 sie einem improvisierten Gericht seiner Hofbeamten, das sie
1881 1409 3014 1466 zum Tode verurteilen soll. Bentivoglio verwandelt sich auf
1898 1443 3019 1501 einmal in einen Heinrich VIII., der aber mit seinen
1898 1489 3018 1535 fürstlichen Gemahlinnen nicht so kurzen Prozeß gemacht hat.
1895 1526 3016 1580 Beatrice hat indes keine Lust zu sterben; das wissen wir ja
1889 1574 3025 1624 schon aus dem dritten Akt; sie will den Herzog dorthin
1904 1616 3021 1671 führen, wo sie ihren Schleier hat liegen lassen; doch nur ihn
1886 1652 3019 1705 allein. Er gibt Ordie, daß ihm niemand nachfolgen soll.
1885 1701 3028 1748 So führt sie den Fürsten in die Wohnung des Dichters, da
1896 1735 3027 1808 findet er den Schleier, doch noch mehr — die Leiche des
1885 1778 3018 1843 Loschi, die zweite Leiche am Lebensweg der Beatrice.
1884 1825 3017 1879 Die dritte ist sie selbst; denn ihr eigener Bruder
1889 1870 3011 1916 tötet die Unheilstifterin. Dem Herzog läßt sie nur ihren
1882 1898 3028 1966 Schleier, wie Helena dem Faust ihr Gewand. Untröstlich ist
1883 1955 3018 1993 er gerade nicht; denn in einer dichterisch schönen Schlußrede
1883 1994 3025 2043 wird über die Herzogin, die eine halbe Nacht die Krone trug,
1886 2035 3027 2098 zur Tagesordnung übergegangen. Dagegen werden dem
1887 2079 3019 2127 toten Dichter begeisterte Lobsprüche erteilt, als wenn er ein
1882 2124 3019 2176 Tasso und Dante wäre, und der Fürst wendet sich dann mit
1888 2168 2773 2222 kriegerischem Aufschwung gegen Cesare Borgia.
1946 2213 2474 2277 Die Vorgänge in diesem
2518 2216 3018 2286 sit venia verbo — ver¬
1883 2265 3018 2317 knäuelten und vergreuelten Schauspiel kamen uns auf einmal
1895 2303 3020 2366 so bekannt vor; wir blätterten in unserem mit vielen hundert
1895 2351 3023 2392 Dramen befruchteten Gedächtnis umher, und da besannen wir
1887 2391 3017 2439 uns auf eine Heldin, die auch ihren Lebensweg mit Leichen¬
1895 2435 3027 2480 steinen pflastert — die Heldin des Frank Wedekindschen Schau¬
1891 2470 3030 2523 spiels „Der Erdgeist“. Die in einem Blitzzug fahrende Hand¬
1882 2530 3018 2582 lung des Schnitzlerschen Stückes ist in einer Weise überstürzt,
1883 2563 3026 2613 wie es uns bisher in keinem ernstgemeinten Drama vor¬
1885 2600 3018 2658 gekommen, außerdem noch mit grellen und etwas anstößigen
1897 2649 3029 2696 Episoden überladen, in ihren psychologischen Motivierungen
1889 2691 3020 2734 oft sehr unklar; aber an dichterischen Schönheiten fehlt es
1891 2722 3017 2802 dem Werke nicht, und es ist nur schade, daß diese Brillanten
1897 2779 2885 2833 an einer so zerknüllten dramatischen Toilette hängen.
1944 2810 3028 2862 Frl. Irene Triesch, welche die Beatrice spielte, ist bis¬
1878 2838 3019 2915 her noch nie in Leipzig aufgetreten; es ist uns unmöglich, sie
1892 2905 3016 2952 nach einer einzigen Rolle, noch dazu in einem verfehlten
1888 2946 3012 2989 Stücke, zu beurteilen. Das Eine erschien uns zweifellos: sie
1889 2971 3026 3042 hat Temperament und weiß Affektstellen und Sensations¬
1883 3044 3017 3088 motive gut heraus zu arbeiten. Von ihrem Organ wird
1890 3064 3016 3113 sie dabei nicht sonderlich unterstützt; es hat keinen schönen
1886 3112 3020 3175 Vollklang, bisweilen etwas Kreischendes. In der Seelen¬
1881 3155 3015 3220 malerei mag sie Anerkennenswertes leisten; das zeigte sich in
1889 3194 3012 3269 den beiden großen Scenen mit dem Dichter Filippo; doch im
1877 3246 3013 3299 ganzen bietet das Schauspiel wenig Anlaß dazu. Sie wurde
1882 3285 3013 3341 wiederholt hervorgerufen und lebhaft applaudiert. Vor¬
1878 3326 3004 3385 trefflich war der Herzog des Herrn Mauren, eine impulsive
1878 3365 3023 3432 Namnwie fast alle Helden und Heldinnendes Stücken)
1879 3406 3020 3456 doch über die Klippen desselben, die Werbung auf
1885 3453 3006 3500 der Straße, welche an diejenige Richards III. erinnert,
1882 3489 3017 3549 glitt sein Spiel geschickt hinweg; er suchte nach einer Ver¬
1884 3527 3007 3589 tiefung, welche der Dichter hier nicht gefunden, und half mit
1883 3582 3013 3646 andeutendem Spiele nach. Sehr schön sprach er die Schluß¬
1889 3618 3006 3673 rede. Herr Grevenberg als Filippo Loschi hat eine noch
1889 3658 3003 3718 schwierigere Aufgabe. Dieser Dichter mit einer etwas dunkeln,
1888 3706 3007 3760 gelegemtlich in die Handlung hereinplatzenden Vorgeschichte
1876 3736 3014 3805 gehört zu den schwankenden Gestalten, deren Genialität sich in
1888 3796 3009 3844 einem grillenhaften Wesen, in einem stürmischen Wechsel
1888 3832 3009 3894 der Empfindungen, in unausgeglichenen seelischen Kon¬
1875 3870 3018 3925 flikten zeigt. Herr Grevenberg stellte alle diese
1890 3916 3007 3957 Gefühlswallungen mit einem hin und her lodernden
1893 3954 3012 4013 Feuer dar. Den Francesco spielte Herr Vollmer mit der
1883 4002 3002 4053 frischen Tatkraft, welche diesem resoluten Schwestermörder¬
1886 4040 3014 4088 eigen ist; ergötzlich war der Manussi des Herrn Mehnert,
1882 4085 3001 4134 der etwas Humor in die grellen Vorgänge brachte. Der
1885 4120 3005 4179 Graf Andrea Fantuzzi des Herrn Eggeling zeigte in seiner
1886 4161 2996 4207 Hauptscene dramatische Energie. Erwähnen wollen wir noch aus
