3436 4384
1990 283 2424 377 box 20/1
303 266 1827 395 14: Der Schleien der Beatrice
1065 1361 2303 1421 Burckhard angenommen war, vierzehn Monate von
1070 1431 2300 1499 zwei Directoren hingezogen wurde, wandte sich
1063 1479 2298 1527 endlich an das Deutsche Volkstheater. Herr Bukovics
1066 1525 2303 1590 schloß mit ihm einen Contract, ließ dann das Stück.
1068 1576 2290 1634 unaufgeführt und bat, ihn aus dem Contract zu lassen.
1057 1629 2298 1697 Bisher sei keine -Constellation- für die Aufführung
1059 1671 2288 1741 gewesen ... Der junge Autor, der sich natürlich mit dem
1061 1720 2303 1777 Theater nicht verfeinden wollte, verzichtete auf sein
1060 1771 2286 1836 Recht, erhielt aber von Herrn Bukovics die ehren¬
1058 1810 2301 1891 wörtliche Zusicherung der Aufführung im Herbst 1899.
1059 1870 2288 1935 Bis jetzt ist das Werk unaufgeführt. Bukovics weiß
1065 1926 2290 1993 immer neue Hindernisse geltend zu machen; der
1059 1967 2292 2024 Autor muss sich’s gefallen lassen. Mit einem zer¬
1067 2023 2288 2083 rissenen Contract und einem gebrochenen Ehren¬
1067 2069 2293 2134 wort kann er juristisch nichts anfangen. Wohl aber
1054 2116 2288 2180 könnte er sich — und mit mehr Berechtigung als Herr
1066 2175 2287 2233 Schnitzler — an die journalistischen Nothhelfer wenden.
1066 2204 2301 2284 Die Herren müssten dann wieder zur Feder greifen und es
1072 2270 2288 2326 im Interesse der Autorität des Volkstheaterdirectorse
1063 2317 2287 2364 für geboten erachten, odass sein in Ausübung des
1063 2370 2296 2415 Amtes hinausgegébenes Ehrenwort einer gewissen
1059 2412 2303 2462 Verlässlichkeit nicht entbehres, — wenn schon ein
1061 2458 2294 2519 Contract, den es ja im Burgtheater überhaupt nicht
1061 2521 2289 2578 gibt, sich als zu unsicher erwiesen hat. Aber ich
1066 2563 2296 2640 zweifle, ob Herr Hermann Bahr diesen Protest mit¬
1061 2605 1526 2685 unterzeichnen wird.
1161 3056 2296 3141 In Anerkennung seiner Verdienste um den Ruf.
1028 3105 2287 3198 „den Herr v. Koerber als Stilist genießt, ist Herr Dr. Rudolt
950 3173 2275 3241 #ieghart zum Sectionsrath ernannt worden. Also
1051 3234 2292 3303 wollten jüngst Viele zwischen den Zeilen der „Wiener
1857 3371 2261 3483 N
1414 3384 1755 3495 Se
