3484 4192
328 140 1843 226 14: Der Schleier der Reatrige
968 1144 1397 1210 Telefon 12801.
506 1251 1847 1328 Alex. Weigl's Unternehmen für Zeitungs-Ausschnitte
1526 1304 1704 1375 Ausschnitt
835 1315 1473 1461 „OBSERVER“
1515 1343 1842 1453 Nr. 99
460 1448 1841 1536 I. österr. behördl. conc. Bureau für Zeitungsberichte u. Personalnachricht
621 1521 1718 1601 Wien, IX Türkenstrasse 17.
841 1597 1567 1683 Filiale in Budapest: „Figyelé“ —
449 1671 1834 1752 Vertretungen in Berlin, Chicago, Genf, London, Newyork, Paris, Rom, Stockho
440 1797 984 1886 Ausschnitt aus:
989 1820 1744 1953 Bühne und Weit, Berhin
441 1885 874 2026 vom- (T. 6
829 2265 1606 2338 Breslau. Arthur Schnitzlers neuestes
762 2329 1612 2381 Drama „Der Schleier der Beatrice“ das
769 2365 1618 2417 dem Dichter den vielbesprochenen Konflikt mit
762 2410 1607 2466 dem Burgtheater=Direktor Dr. Schlenther eintrug,
765 2449 1608 2489 erlebte am 1. Dezember am hiesigen Lobe¬
762 2484 1607 2538 theater seine Erstaufführung. Das fünfaktige
764 2530 1606 2577 Drama ist ein farbenglühendes Gemälde aus
769 2561 1610 2611 den blutigen Dpnasten=Kämpfen der italienischen
762 2607 1605 2655 Renaissance, in dessen Dordergrunde die Liebes¬
766 2645 1611 2695 abenteuer der schönen Bürgerstochter Beatrice
769 2676 1606 2723 mit Bolognas großem Dichter Loschi und Bo¬
775 2721 1603 2776 lognas edlem Fürsten Bentivoglio stehen.
781 2764 1596 2810 Schnitzler, der früher im Kleinen Große, strebt
473 2746 780 2837 Für 50 Zeitun
1660 2777 1851 2848 inclusive
776 2802 1610 2850 diesmal den höchsten Zielen der Bühnenkunst
573 2806 658 2861 100
1675 2832 1837 2878 Porto.
772 2839 1605 2902 entgegen, und es ist kein Zweifel, daß ihm ein
563 2847 661 2894 200
1661 2869 1842 2920 Zahlbar
769 2883 1599 2939 gewaltiger Wurf geglückt ist. Gegen die Be¬
562 2890 662 2934 500
767 2915 1872 2971 handlung der politischen Ereignisse, gegen die ] im Voraus.
494 2925 678 2982 „ 1000
777 2955 1607 3002 wilde Gewaltsamkeit der seelischen Dorgänge
573 2962 771 3038 Im Gege
775 2980 1895 3046 ließen sich wohl manche Einwände formulieren, lmitte ist das
457 3014 767 3080 Abonnement dur
772 3021 1896 3080 aber scenische Bilder von berauschender Schön= 1 stcht es den
443 3065 761 3122 Abonnenten frei
781 3072 1749 3126 heit, Charaktere von bizarrer Kühnheit, Kraft ndern.
774 3115 1592 3168 und Glanz der Sprache heben das Werk über
571 3161 1597 3214 Der „0Bs die Erscheinungen des Tages weit empor.
1608 3132 1895 3216 enthaltend die
447 3189 1587 3240 Inhaltsangabe Leider erwies sich die Darstellung, von den
1603 3195 1901 3246 er Morgen¬
453 3229 1593 3278 blütter (Tag Herren Jessen (Herzog), Lettinger (Dichter
1606 3226 1898 3286 jener Zeitung“)
451 3275 1582 3321 wolurch eine Uel Loschi) und den Vertretern einiger Nebenrollen
1600 3272 1892 3323 haftliche Leben
450 3306 1601 3361 des In- und Ar abgesehen, gegenüber den gewaltigen Anforde¬
1596 3308 1911 3375 Mittheilungen
767 3349 1597 3401 rungen Schnitzlers so unzureichend, daß ein
451 3347 765 3408 werden in Wien
777 3377 1612 3441 voller Erfolg trotz der Auwesenheit des Dichters,
768 3429 1599 3484 nicht zu stande kam. Der „Schleier der Bea¬
768 3460 1608 3529 trice“ wird seine wirkliche Premiere anderwärts
756 3503 1064 3560 erleben müssen.
1995 134 2448 218 box 20/2
2145 635 2329 698 17 „
2210 677 2471 773 —
2195 743 3104 819 1 Breslau, 4. December. Arthur Schnitzler, der
2184 810 3110 872 Dichter des „Anatol“ und der „Liebelei“, hat im
2179 842 3102 913 hiesigen Lobetheater sein Werk „Der Schleier
2184 875 3103 952 der Berenice“ aufführen lassen. Die Heldin
2177 933 3105 996 ist ein Geschöpf der glänzenden Renaissancezeit, die
2191 962 3100 1028 Handlung arbeitet mit Gist und Dolch, mit Wahn¬
2188 1012 3100 1052 sinn und Folter. Filippo Loschi, der von den Frauen
2184 1050 3095 1102 Bolognas verhätschelte Dichter, ist der gräflichen Braut
2184 1084 3085 1142 untreu geworden, um der süßen Minne mit dem
2196 1120 3090 1179 schönsten Bürgerkinde der Stadt, mit Beatrice
2190 1155 3095 1219 Nardi, zu pflegen. Dieses seltsame Geschöpf, an
2198 1200 3093 1250 Jahren ein Kind, im Wesen halb sinnltche Teuselin,
2186 1240 3087 1298 halb hysterische Somnambule, erzählt eines Abends
2187 1270 3092 1338 dem Dichter einen Traum, in dem des jungen Her¬
2188 1321 3086 1376 zogs von Bologna Mund sie gelüßt hat. Der Poet
2185 1363 3088 1419 stößt die Gedankensünderin von sich. Nun ist Beatrice
2187 1387 3094 1454 drauf und drau, die ihr vom wackeren Bruder
3152 1396 3356 1470 inclusive
1897 1398 2173 1482 X Für 50 7
2179 1428 3093 1502 empfohlene Versorgung, einen braven Mann vom
2057 1452 2160 1506 100
3167 1460 3327 1506 Porte.
2177 1472 3087 1541 Schlage Brackenburgs zu nehmen. Schon will sie
2057 1494 2167 1544 200
1909 1431 1978 1564 S
3168 1498 3337 1552 Zahlbar
2180 1506 3085 1571 mit ihm zur Kirche, als der Herzog zufällig des
2051 1536 2157 1582 500
2171 1508 3368 1619 Weges kommt. Unter seinem Blick steht Beatrice ge=□] im Voraus.
1999 1571 2161 1646 „ 1000
2175 1594 3083 1647 bannt, wie Käthchen vor Wetter vom Strahl. Erst
3086 1591 3386 1667 schnitte ist das
2070 1632 2150 1682 Im
2165 1632 3075 1686 als der Herzog sie aufs Schloß ladet, wacht Beatrice
3082 1650 3377 1713 ich stcht es den
1953 1670 3072 1722 Abonnement aus ihrer Verzücktheit wieder auf und sagt schlicht
3077 1695 3238 1760 ändern.
1945 1712 2179 1767 Abonnenten
2185 1708 3079 1767 und Freist: „Ich möchte schon, aber nur als
2179 1750 3079 1804 Herzogin.“ Der Herzog ist auch damit einver¬
2182 1763 3393 1850 standen, und Beatrice läßt ihren Bräutigam stehen g enthaltend die
2063 1773 2171 1848 Der
2183 1817 3391 1892 und geht mit dem Herzog zur Kirche, während 1er Morgen¬
1949 1817 2178 1890 Inhaltsang
2175 1856 3394 1921 sich der Verschmähte hinter der Scene er= „Wiener Zeitung“)
1948 1880 2169 1927 blätter
2184 1907 3387 1962 kolcht. Kaum ist Beatrice lirchlich getraut, ischaftliche Leben
1960 1919 2177 1973 wodurch eir
2181 1935 3390 1998 als sie den Einfall hat, zwischen Ceremonie und ese Mittheilungen
1950 1959 2171 2006 des In- un
2179 1979 3080 2044 Hochzeitsmahl ihrem früheren Anbeter Loschi eine
1964 1994 2168 2062 werden in
2166 2019 3077 2077 Visite abzustatten. Sie trifft ihn nach einer Orgie
2166 2051 3082 2134 in mißmuthiger Stimmung. Nach einem lurzen
2175 2094 3084 2180 wilden Lievesduo mit Beatrice vergiftet er sich aus
2173 2163 3080 2222 Eket vor sich und der gefürsteten Ungetreuen.
2177 2197 3088 2260 Schreiend läuft Beatrice davon und verliert ihren
2173 2244 3078 2298 kostbaren Schleier, des Herzogs Hochzeitsgabe. Der
2179 2276 3077 2344 Fürst und die Seinen; feiern inzwischen die Hochzeit
2161 2314 3071 2368 ohne die Braut. Politische Angelegenheiten, Ver¬
2167 2350 3095 2425 theidigungsmaßregeln gegen die päpstlichen Truppen!
2154 2403 3089 2458 des verruchten Borgia, Folierung eines Spions, dem
2166 2440 3077 2497 ein Auge ausgestochen wird, vertreiben den Gästen
2153 2484 3075 2538 die Zeit, bis Beatrice zurückkehrt und vom Herzog
2151 2514 3069 2572 ins Gebet genommen wird. Erst durch Androhung
2153 2550 3071 2604 der Todesstraße läßt sie sich bewegen, den Gemahl
2154 2591 3081 2648 dorthin zu führen, wo sie den Schleier verloren hat.
2161 2618 3072 2691 In düsterer Nacht erscheinen Belde an Loschis von
2158 2667 3075 2728 einem Vorhang verdeckter Leiche. Beatrice nimmt
2150 2709 3066 2769 den Schleier und will den Gatten rasch entfeinen.s
2147 2738 3071 2797 Der aber zwingt sie, mit ihm den Morgen abzu¬
2142 2793 3066 2845 warten, und entdeckt dann den Leichnam des von ihm
2142 2833 3070 2882 hochverehrten Dichters. Der Herzog vertieft sich in
2144 2859 3082 2930 die Züge des Todten. Unterdessen bringt der tugend¬
2138 2892 3082 2950 hafte Bruder Veatrices die Lösung, indem er die
2141 2950 3067 3017 Schwester, die dreisache Verrätherin, ersticht. Diese
2149 2972 3071 3034 blutrünstigen Vorgänge hat Schnitzler in eine blühend.
2144 3021 3066 3081 schöne Sprache (Vers und Prosa) gehüllt und mit
2138 3063 3056 3111 glänzenden Episoden, wuchtigen Charalteren und
2147 3094 3056 3154 starken theatralischen Effecten ausgestattet, die durch¬
2143 3135 3049 3191 aus nicht in den Dolch= und Giftmomenten gipfeln.
2132 3179 3048 3240 Die Aufführung war dem „B. B.=C.“ zufolge nicht
2134 3218 3063 3266 eine solche, die der Bedeutung des Werks gerecht
2139 3254 3051 3298 wurde. Am wenigsten war die Darstellerin der
2133 3295 3051 3351 Beatrice ihrer großen Aufgabe gewachsen, während
2128 3334 3043 3395 die Vertreter der Rollen des Loschi und des Herzogs
2136 3374 3045 3431 befriedigten. Um ein endgültiges Urtheil über das
2133 3410 3062 3470 neue Werk Schnitzlers abgeben zu lönnen, muß man
2130 3429 3060 3520 dessen unverkürzte, würdige Aufführung an einer
2133 3483 2582 3552 großen Bühne abwarten.
